2351 2997
578 239 671 277 AD
730 236 1195 276 FAMILIARES
1254 237 1387 276 LIB.
1437 238 1551 278 XIV.
1681 255 1756 293 399

379 336 475 389 quid
496 336 580 374 istic
600 345 747 388 agatur.
794 337 970 388 Qintus
990 345 1112 388 pater,
1144 345 1182 374 et
1203 336 1323 382 filius,
1356 346 1394 375 et
1416 337 1546 376 Rufus
1568 339 1677 378 vobis
1700 341 1755 378 sa-

380 403 506 440 lutem
525 402 678 440 dicunt.
711 402 860 440 Valete.
895 415 980 439 V111
1005 402 1094 440 Kal.
1119 402 1293 453 Qintil.
1317 403 1554 443 Minturnis.

551 601 614 640 M.
648 602 701 639 T.
735 601 1174 639 C.TERENT1AE
1218 613 1336 639 suAE
1378 603 1415 640 S.
1450 604 1494 641 P.
1527 605 1583 642 D.

376 728 469 766 XV.
498 727 579 798 SI
622 728 738 771 vales,
779 728 877 765 bene
910 727 977 765 est.
1029 726 1380 772 Constitueramus,
1418 738 1461 766 ut
1495 728 1542 765 ad
1576 738 1613 767 te
1647 741 1758 770 antea

574 792 811 844 scripseram,
847 792 1004 830 obviam
1037 792 1270 830 Ciceronem
1306 793 1444 831 Caesari
1478 793 1661 834 mittere:
1695 797 1757 835 sed

377 857 615 895 mutavimus
637 857 858 902 confilium,
877 857 968 909 quia
988 857 1034 894 de
1054 857 1161 894 illius
1178 857 1344 895 adventu
1365 858 1465 896 nihil
1488 859 1756 901 audiebamus.

377 923 440 960 De
461 923 607 960 caeteris
630 923 759 967 rebus,
790 923 855 960 etsl
878 922 979 960 nihil
1000 931 1079 961 erat
1099 924 1204 968 novi,
1237 932 1364 962 tamen
1387 925 1482 976 quid
1507 926 1687 972 velimus,
1719 937 1758 966 et

377 988 474 1039 quid
495 987 571 1025 hoc
593 997 767 1039 tempore
788 997 970 1039 putemus
993 1001 1089 1040 opus
1111 988 1196 1033 effe,
1227 1002 1275 1026 ex
1303 990 1388 1026 Sica
1418 991 1562 1041 poteris
1590 992 1756 1043 cognos-

375 1067 476 1091 cere.
523 1053 702 1090 Tulliam
727 1052 854 1090 adhuc
885 1067 1044 1091 mecum
1065 1063 1192 1092 teneo.
1238 1054 1516 1094 Valetudinem
1538 1065 1645 1095 tuam
1665 1071 1758 1096 cura

376 1119 600 1170 diligenter.
631 1118 745 1158 Vale.
775 1132 860 1158 XII.
885 1119 1075 1158 Kalendas
1096 1119 1317 1172 Qintiles.

548 1319 611 1357 M.
645 1320 698 1357 T.
732 1320 780 1358 C.
813 1321 1171 1360 TERENTIAE
1216 1334 1333 1360 SUAE
1376 1324 1413 1362 S.
1447 1325 1492 1363 P.
1526 1325 1580 1363 D.

375 1447 490 1486 XVI.
518 1446 561 1517 ς
575 1447 593 1484 Ι
618 1446 734 1492 vales,
752 1446 850 1485 bene
870 1447 941 1486 est:
964 1448 1087 1487 valeo.
1120 1450 1201 1487 Etfi
1223 1450 1414 1502 ejusmodi
1435 1460 1610 1505 tempora
1630 1451 1757 1490 nostra

515 1497 536 1517 Κ
592 1511 694 1556 sunt,
727 1521 771 1550 ut
797 1511 899 1550 nihil
926 1512 1104 1559 habeam,
1136 1515 1244 1567 quod
1270 1525 1336 1554 aut
1364 1530 1385 1554 a
1405 1527 1442 1555 te
1462 1518 1663 1556 literarum
1682 1531 1754 1556 ex-

375 1580 541 1630 pectem,
563 1586 628 1614 aut
648 1576 727 1628 ipse
746 1577 793 1614 ad
813 1586 850 1614 te
871 1577 1036 1616 scribam
1052 1598 1064 1623 3
1097 1588 1227 1617 tamen
1248 1581 1377 1619 nescio
1397 1583 1599 1634 quomodo
1618 1592 1656 1620 et
1677 1582 1757 1635 ipse

375 1643 512 1680 vestras
535 1641 663 1678 literas
684 1643 860 1694 expectO,
892 1651 931 1680 et
951 1643 1078 1681 scribo
1099 1645 1146 1681 ad
1165 1659 1252 1690 vos,
1279 1659 1372 1683 cum
1393 1646 1517 1685 habeo
1544 1649 1614 1700 qui
1640 1647 1753 1687 ferat.

377 1707 594 1744 Volumnia
614 1706 750 1744 debuit
770 1708 811 1744 in
833 1716 870 1744 te
890 1708 1096 1746 officiofior
1115 1709 1201 1754 effe,
1224 1724 1342 1761 quam
1363 1709 1468 1756 fuit3
1491 1721 1529 1750 et
1550 1713 1589 1749 id
1609 1713 1753 1765 ipsum,

374 1771 480 1823 quod
515 1770 624 1816 fecit,
655 1772 786 1823 potuit
817 1772 1046 1824 diligentius
1077 1773 1217 1819 facere,
1248 1784 1286 1812 et
1318 1776 1496 1814 cautius:
1529 1791 1755 1829 quanquam

374 1838 448 1874 alia
467 1837 556 1873 sunt
575 1851 660 1888 quae
688 1838 811 1888 magis
842 1851 1038 1883 curemus,
1068 1841 1269 1892 magisque
1301 1841 1514 1881 doleamus.
1561 1845 1659 1894 Qae
1691 1857 1755 1881 me

374 1904 428 1940 ita
447 1902 679 1947 conficiunt,
712 1912 754 1940 ut
774 1903 803 1940 ii
831 1904 1054 1949 voluerunt,
1085 1907 1154 1957 qui
1182 1920 1244 1944 me
1275 1907 1322 1944 de
1352 1921 1437 1945 mea
1464 1909 1652 1947 sententia
1684 1909 1753 1947 de-

376 1968 585 2007 truserunt.
618 1970 722 2006 Cura
743 1978 787 2007 ut
806 1969 944 2008 valeas.
977 1970 1107 2009 Pridie
1128 1971 1294 2010 Kalend.
1317 1974 1507 2023 Januarii.

583 2167 646 2206 M.
680 2169 733 2206 Τ.
767 2169 815 2206 C.
849 2170 1208 2209 TERENTIAE
1253 2185 1370 2211 SUAE
1414 2175 1450 2212 S.
1485 2175 1539 2213 D.

374 2295 508 2333 XVII.
535 2295 580 2367 S
597 2297 615 2333 I
645 2296 760 2340 vales,
793 2296 889 2334 bene
913 2296 993 2336 est:
1026 2298 1146 2338 valeo,
1199 2301 1236 2338 Si
1258 2302 1353 2353 quid
1374 2301 1556 2341 haberem
1577 2304 1682 2355 quod
1704 2304 1750 2341 ad

613 2372 649 2400 te
681 2363 901 2409 scriberem,
933 2363 1100 2404 facerem
1122 2367 1162 2404 id
1191 2377 1230 2405 et
1257 2369 1437 2421 pluribus
1465 2371 1591 2408 verbis
1621 2380 1660 2408 et
1681 2371 1748 2408 Γω-

371 2426 474 2479 pius,
507 2428 629 2467 Nunc
650 2442 735 2482 quae
755 2429 843 2468 sunt
863 2431 1032 2482 negotia,
1050 2432 1170 2473 vides.
1202 2435 1289 2487 Ego
1309 2445 1439 2475 autem
1459 2436 1658 2490 quomodo
1680 2435 1749 2473 fim
