2351 2997
674 242 766 281 AD
825 239 1291 279 FAMILIARES
1351 239 1482 277 LIB.
1534 240 1587 278 X.
1750 253 1821 292 241

444 341 518 379 erit
539 348 667 378 totum
687 348 726 377 et
745 339 950 392 proprium
970 347 1099 377 tuum.
1134 338 1369 376 Incredibile
1390 337 1443 375 est
1463 338 1643 377 omnium
1661 339 1824 384 civium,

446 406 662 444 latronibus
686 406 876 458 exceptis,
906 405 1044 443 odium
1071 405 1112 442 in
1139 405 1378 443 Antonium.
1425 404 1574 456 Magna
1593 404 1675 457 spes
1696 405 1737 442 in
1759 414 1823 448 te;

445 480 483 509 et
504 471 544 507 in
567 479 634 508 tuo
655 472 828 509 exercitu
850 483 990 522 magna
1009 470 1238 521 expectatio.
1286 470 1427 521 Cujus,
1458 482 1527 520 per
1558 467 1664 513 deos,
1696 469 1827 521 gratiae

445 536 658 588 gloriaeque
688 549 779 575 cave
813 545 967 588 tempus
1002 535 1171 572 amittas.
1223 535 1285 572 Sic
1318 547 1475 578 mone0‚
1507 543 1551 571 ut
1585 534 1743 580 filium3
1776 534 1826 572 fic

445 605 570 650 faveo,
611 615 656 644 ut
689 605 818 652 mihi;
860 605 910 643 fic
945 603 1096 647 hortor,
1138 612 1181 642 ut
1216 613 1254 642 et
1287 617 1358 656 pro
1392 604 1529 656 patria,
1570 613 1608 642 et
1643 603 1825 642 amiciffi-

445 685 571 709 mum.
606 671 714 710 Vale.

836 872 1096 908 C1cnRo
1148 870 1432 907 PLANCO,

450 1003 522 1040 VI.
636 1001 732 1037 UAE
763 999 919 1036 locutus
940 998 993 1036 est
1014 998 1185 1036 Furnius
1207 997 1333 1035 noster
1353 997 1399 1034 de
1420 998 1551 1035 animo
1574 1007 1642 1036 tuo
1663 997 1702 1035 in
1726 1011 1831 1035 rem-

655 1065 872 1117 publicam,
904 1077 946 1101 ea
975 1063 1186 1115 gratiffima
1219 1062 1380 1100 fuerunt
1411 1063 1573 1108 senatui,
1605 1063 1832 1116 populoque

450 1135 632 1171 Romano
664 1130 953 1183 probatiffima:
986 1143 1071 1182 quae
1097 1138 1227 1167 autem
1256 1128 1423 1167 recitatae
1450 1129 1570 1167 literae
1591 1130 1680 1167 sunt
1707 1130 1746 1166 in
1774 1129 1832 1166 se-

448 1208 558 1243 natu,
591 1209 836 1248 nequaquam
866 1195 1084 1233 consentire
1114 1208 1207 1232 cum
1239 1194 1379 1232 Furnii
1408 1194 1582 1232 oratione
1609 1195 1695 1232 visae
1728 1194 1830 1232 sunt.

452 1264 562 1301 Pacis
583 1263 690 1299 enim
717 1263 850 1298 au&or
875 1274 970 1304 eras,
1002 1274 1095 1297 cum
1127 1260 1278 1311 collega
1309 1268 1415 1304 tuus,
1447 1260 1506 1297 vir
1537 1260 1781 1304 clariffimus,
1813 1274 1834 1297 a

450 1328 669 1366 foediffimis
691 1327 908 1364 latronibus
930 1326 1168 1363 obfideretur
1186 1340 1194 1363 :
1227 1325 1296 1377 qui
1317 1334 1382 1362 aut
1406 1325 1539 1377 positis
1561 1326 1676 1364 armis
1697 1340 1835 1378 pacem

446 1403 579 1446 petere
610 1392 768 1437 debent,
799 1400 879 1436 aut,
911 1391 937 1429 fi
965 1400 1181 1444 pugnantes
1207 1404 1290 1428 eam
1312 1391 1523 1442 postulant,
1554 1392 1714 1430 victoria
1743 1405 1833 1444 pax,

449 1473 530 1496 non
552 1458 744 1511 pacti-one,
776 1456 957 1510 parienda
977 1456 1043 1494 est.
1088 1457 1160 1494 Sed
1182 1456 1228 1493 de
1248 1469 1341 1508 pace
1362 1456 1482 1494 literae
1503 1457 1563 1494 vel
1586 1457 1742 1510 Lepidi,
1773 1457 1835 1496 vel

449 1535 542 1569 tuae,
573 1537 691 1575 quam
712 1524 752 1560 in
775 1533 923 1575 partem
944 1531 1110 1575 acceptae
1131 1522 1219 1568 sint,
1250 1535 1298 1560 ex
1318 1522 1401 1560 viro
1421 1523 1589 1575 optimo,
1611 1522 1729 1561 fratre
1751 1532 1835 1568 tuo,

451 1599 490 1628 et
511 1603 558 1627 ex
580 1591 629 1627 C.
654 1588 817 1632 Furnio,
849 1589 994 1640 poteris
1022 1588 1269 1639 cognoscere.
1316 1588 1387 1625 Me
1419 1598 1549 1626 autem
1581 1588 1744 1640 impulit
1776 1588 1837 1626 tui

452 1655 604 1699 caritas,
627 1662 685 1698 ut,
708 1666 932 1705 quanquam
953 1666 1024 1691 nec
1045 1653 1119 1690 tibi
1145 1654 1214 1705 ipfi
1236 1654 1443 1691 confilium
1464 1653 1616 1699 deesset,
1648 1663 1686 1691 et
1706 1653 1835 1691 fratris

454 1720 674 1771 Furniique
696 1718 979 1763 benevolentia,
1011 1717 1213 1770 fidelisque
1234 1717 1453 1770 prudentia,
1486 1718 1560 1755 tibi
1589 1718 1725 1770 praesto
1749 1719 1839 1757 effet

454 1785 601 1831 futura,
632 1784 775 1822 vellem
803 1793 932 1822 tamen
964 1797 1058 1822 meae
1090 1797 1247 1836 quoque
1278 1784 1532 1829 auctoritatis,
1565 1797 1634 1836 pro
1655 1784 1839 1836 plurimis

455 1851 592 1889 nostris
624 1849 984 1895 necessitudinibus,
1015 1857 1255 1901 praeceptum
1285 1849 1331 1886 ad
1367 1858 1403 1887 te
1432 1849 1593 1901 aliquod
1621 1850 1837 1901 pervenire.

453 1916 580 1955 Crede
601 1916 724 1967 igitur
744 1914 860 1960 mihi,
884 1914 1041 1960 Plance,
1064 1928 1216 1959 omnes,
1234 1928 1332 1967 quos
1353 1914 1481 1952 adhuc
1502 1914 1643 1966 gradus
1665 1914 1839 1967 dignita-

455 1982 505 2020 tis
527 1981 757 2019 consecutus
779 1981 840 2025 fis,
861 1982 917 2033 (es
939 1989 1070 2018 autem
1091 1980 1251 2032 adeptus
1269 1980 1541 2032 amplissimos)
1562 1994 1625 2018 eos
1642 1979 1842 2019 honorum

454 2047 644 2087 vocabula
663 2045 881 2091 habituros,
914 2060 992 2084 non
1014 2046 1216 2098 dignitatis
1239 2046 1416 2098 infignia,
1449 2046 1517 2083 nisi
1544 2055 1581 2084 te
1602 2060 1694 2084 cum
1715 2047 1838 2085 liber-

456 2122 534 2150 tate
565 2111 703 2164 populi
733 2112 920 2156 Romani,
952 2120 1103 2149 etcum
1125 2111 1274 2149 senatus
1296 2112 1537 2157 acromate,
1570 2113 1839 2164 conjunxeris.

458 2180 624 2231 Sejunge
645 2186 697 2222 te,
720 2177 862 2228 quaeso,
893 2177 1102 2229 aliquando
1122 2177 1169 2214 ab
1192 2178 1254 2222 iis,
1286 2191 1378 2215 cum
1399 2179 1544 2230 quibus
1568 2188 1605 2216 te
1625 2192 1703 2216 non
1726 2188 1841 2218 tuum

451 2244 666 2297 judicium,
698 2243 760 2280 sed
782 2252 1006 2295 temporum
1027 2243 1184 2281 vincula
1204 2244 1510 2295 conjunxerunt.
1544 2245 1778 2296 Complures
1800 2246 1842 2282 in

458 2309 750 2363 perturbatione
770 2309 995 2361 reipublicae
1016 2309 1191 2347 consules
1214 2309 1307 2347 disti
1325 2328 1336 2354 ς
1369 2323 1537 2361 quorum
1559 2324 1675 2348 nemo
1699 2311 1842 2348 consu-

456 2376 547 2413 laris
568 2374 742 2419 habitus,
774 2375 844 2412 nisi
865 2376 933 2427 qui
956 2376 1087 2413 animo
1108 2375 1241 2413 extitit
1263 2376 1302 2412 in
1326 2376 1611 2428 rempublicam
1633 2376 1840 2415 consulari.

459 2441 602 2479 Talem
624 2440 745 2491 igitur
770 2448 807 2477 te
833 2440 905 2478 effe
932 2450 1100 2494 oportet,
1133 2441 1202 2493 qui
1223 2441 1397 2493 primum
1421 2450 1457 2478 te
1477 2441 1523 2478 ab
1546 2441 1759 2493 impiorum
1782 2442 1842 2478 ci-

459 2508 584 2551 vium,
604 2506 661 2543 tui
683 2505 1048 2552 diffimillimorum,
1068 2507 1247 2546 socictate
1264 2506 1460 2559 sejungas;
1483 2506 1623 2544 deinde
1639 2516 1675 2543 ct
1698 2505 1844 2546 senatui

543 2574 615 2610 To
630 2584 680 2609 M.
714 2571 809 2610 VII.
1444 2572 1485 2608 H
1515 2570 1542 2609 h
