2351 2997
545 304 616 345 352
887 289 1569 328 EPISTOLARUM

734 524 795 560 M.
830 524 882 560 T.
917 523 964 560 C.
999 522 1125 560 SER.
1168 522 1476 559 SULPICIO
1519 523 1556 559 S.
1589 522 1633 560 P.
1667 523 1720 560 D.

544 652 657 690 XXI.
684 651 773 723 Μ
785 651 820 687 Α
834 651 913 688 RC
927 651 964 687 U
978 650 998 686 S
1022 648 1208 687 AEmilius
1225 649 1398 687 Avianus
1415 649 1461 686 ab
1483 649 1642 686 ineunte
1664 649 1918 687 adolescentia

804 729 867 753 me
887 714 1114 758 observavit,
1146 714 1372 766 semperque
1399 714 1551 759 dilexit,
1583 715 1640 752 vir
1661 729 1752 752 cum
1775 714 1915 759 bonus,

543 792 629 820 tum
650 781 928 835 perhumanUS,
959 789 997 817 et
1018 780 1057 817 in
1079 780 1188 817 omni
1208 793 1346 830 genere
1366 779 1488 817 officii
1507 780 1744 831 diligendus.
1786 781 1920 830 Qem

543 849 569 886 fi
590 848 792 885 arbitrarer
812 846 883 884 esse
904 847 1081 896 Sicyone,
1113 854 1151 882 et
1180 844 1249 881 nifi
1269 845 1442 883 audirem
1463 846 1519 882 ibi
1547 859 1636 883 eum
1657 846 1774 883 etiam
1795 858 1916 888 nunc,

543 913 613 951 ubi
634 926 705 964 ego
726 912 882 963 reliqui,
906 911 1059 961 Cybirae
1076 910 1323 954 commorari,
1343 908 1443 946 nihil
1464 909 1553 947 effet
1569 910 1713 947 necefl'e
1728 910 1840 962 plura
1854 922 1918 946 me

542 978 591 1016 acl
612 987 648 1015 te
665 978 709 1014 de
726 990 770 1014 eo
792 976 974 1013 scribere:
997 975 1198 1027 perficeret
1213 974 1320 1011 enim
1340 974 1419 1026 ipse
1439 974 1613 1026 profedffl
1629 974 1705 1011 suis
1727 974 1918 1017 moribus,

543 1044 684 1094 suaque
700 1041 956 1085 humanitate,
974 1049 1017 1078 ut
1038 1040 1115 1077 sine
1135 1040 1195 1091 cuj
1204 1039 1364 1090 usquam
1380 1038 1720 1076 commendatione
1737 1038 1920 1089 diligere-

544 1119 607 1147 tur
622 1109 688 1145 abs
711 1116 747 1145 te
762 1121 842 1144 non
862 1107 1008 1150 minus,
1027 1119 1145 1157 quam
1166 1114 1204 1142 et
1224 1119 1244 1142 a
1260 1118 1336 1149 me,
1354 1113 1392 1142 et
1412 1118 1433 1142 a
1447 1105 1593 1143 caeteris
1615 1104 1690 1142 suis
1712 1103 1918 1141 familiari-

544 1175 632 1212 bus.
666 1173 737 1211 Sed
757 1186 850 1210 cum
870 1172 986 1210 illum
1006 1170 1126 1208 abeffe
1147 1179 1298 1222 putem,
1321 1169 1556 1207 commendo
1577 1170 1651 1208 tibi
1672 1170 1859 1221 majorem
1879 1169 1922 1205 in

543 1240 708 1278 modum
742 1239 905 1275 domum
938 1239 1036 1289 ejus,
1067 1250 1151 1289 quae
1183 1236 1236 1273 est
1267 1236 1445 1286 Sicyone,
1477 1249 1638 1287 remque
1669 1235 1918 1278 familiarem,

543 1307 713 1344 maxime
735 1304 876 1342 Caium
897 1304 1094 1341 Avianum
1115 1302 1421 1346 Hammonium,
1451 1301 1639 1339 libertum
1660 1303 1742 1353 ejus
1762 1317 1770 1339 :
1803 1314 1922 1353 quem

544 1371 706 1423 quidem
722 1369 796 1407 tibi
811 1370 929 1406 etiam
949 1369 1016 1406 suo
1032 1368 1192 1406 nomine
1208 1367 1456 1404 commendo.
1490 1367 1596 1404 Nam
1613 1381 1704 1404 cum
1720 1375 1923 1418 propterea

543 1436 645 1476 mihi
665 1435 717 1473 est
733 1434 932 1486 probatus,
950 1434 1055 1485 quod
1071 1433 1123 1471 est
1143 1434 1183 1470 in
1200 1441 1408 1484 patronum
1426 1431 1537 1469 suum
1552 1431 1683 1469 officio
1699 1441 1736 1469 et
1752 1431 1827 1469 fide
1844 1432 1921 1469 fin—

544 1502 684 1554 gulari,
704 1510 790 1538 tum
809 1500 927 1537 etiam
947 1500 987 1537 in
1005 1513 1067 1536 me
1087 1499 1215 1551 ipsum
1236 1511 1376 1549 magna
1395 1497 1523 1534 officia
1542 1498 1725 1543 contulit,
1744 1496 1924 1548 mihique

545 1565 817 1604 molestiflirnis
840 1565 1083 1616 temporibus
1114 1564 1167 1601 ita
1196 1563 1363 1600 fideliter
1393 1562 1655 1612 benevoleque
1675 1561 1808 1614 praesto
1829 1561 1920 1605 fuit,

546 1640 590 1669 ut
612 1631 637 1668 fi
653 1644 674 1668 a
693 1644 755 1668 me
771 1629 1023 1667 manumissus
1044 1629 1147 1667 effet.
1181 1630 1317 1680 Itaque
1336 1635 1427 1679 peto
1443 1640 1463 1663 a
1484 1635 1535 1671 te,
1554 1635 1597 1663 ut
1617 1640 1707 1663 eum
1724 1627 1924 1663 Hammo-

546 1697 673 1740 nium,
695 1703 733 1732 et
754 1695 794 1731 in
816 1695 968 1746 patroni
989 1695 1071 1745 ejus
1093 1693 1265 1745 negotio,
1289 1692 1338 1729 sic
1360 1701 1502 1736 tueare,
1526 1700 1569 1728 ut
1590 1692 1671 1742 ejus
1693 1700 1921 1743 procurato-

546 1774 643 1805 rem,
666 1772 784 1811 quem
807 1759 880 1796 tibi
900 1758 1150 1803 commendo,
1177 1767 1214 1795 et
1234 1757 1363 1809 ipsum
1384 1756 1450 1793 suo
1472 1756 1646 1800 nomine,
1669 1755 1822 1808 diligas,
1852 1754 1924 1793 ha-

547 1826 710 1878 beasque
731 1825 770 1862 in
793 1838 956 1863 numero
973 1834 1145 1863 tuorum.
1179 1824 1399 1861 Hominem
1419 1822 1632 1874 pudentem
1647 1831 1687 1860 et
1706 1821 1926 1860 officiosum

546 1891 770 1944 cognosce8‚
801 1900 839 1929 et
860 1891 1040 1944 dignum,
1072 1891 1141 1942 qui
1160 1904 1181 1928 a
1201 1899 1238 1928 te
1258 1889 1456 1940 diligatur.
1490 1888 1599 1926 Vale.

931 2091 1172 2128 CICERO
1223 2090 1452 2127 SEtho
1503 2089 1540 2125 S.

549 2221 685 2262 XXII.
711 2217 827 2291 TI
841 2221 878 2257 T
893 2221 929 2257 U
943 2219 990 2256 M
1022 2218 1238 2260 Manlium,
1261 2217 1330 2269 qui
1351 2217 1571 2268 negotiatur
1588 2214 1786 2267 Thespiis,
1808 2214 1926 2252 vehe-

819 2294 970 2323 menter
991 2283 1114 2335 diligo
1133 2298 1141 2320 :
1175 2295 1264 2319 nam
1286 2291 1323 2319 et
1344 2282 1491 2333 semper
1512 2293 1574 2317 me
1595 2280 1733 2324 coluit,
1757 2279 1925 2331 diligen-

550 2354 769 2405 tiffimeque
790 2351 1017 2393 observavit,
1036 2359 1073 2387 et
1093 2363 1114 2386 a
1129 2348 1263 2386 studiis
1286 2347 1422 2385 nostris
1444 2361 1522 2384 non
1544 2345 1738 2384 abhorret.
1763 2346 1929 2384 Accedit

550 2433 612 2463 eo,
634 2418 741 2470 quod
761 2418 884 2454 Varro
905 2417 1073 2454 Murena
1093 2427 1326 2465 magnopere
1347 2414 1428 2464 ejus
1450 2412 1558 2450 causa
1578 2412 1663 2450 vult
1683 2411 1835 2449 omnia:
1860 2411 1927 2462 qui

550 2494 681 2523 tamen
701 2482 949 2526 existimavit,
982 2480 1047 2518 etsi
1069 2480 1145 2517 suis
1167 2479 1305 2523 literis,
1335 2479 1478 2530 quibus
1500 2477 1574 2516 tibi
1595 2477 1796 2514 Manlium
1816 2489 1928 2513 com-

549 2549 772 2596 mendabat,
789 2548 899 2588 valde
919 2545 1144 2592 confideret,
1168 2554 1296 2584 tamen
1317 2558 1402 2583 mea
1421 2543 1761 2583 commendatione
1780 2540 1927 2593 aliquid
