2351 2997
550 301 573 341 8
895 294 1578 336 EPISTOLARUM

524 402 731 450 ,debilitat
762 399 1017 452 cogitationes
1049 407 1087 435 et
1122 398 1379 435 inimicorum
1416 405 1455 435 et
1488 395 1749 449 proditorum.
1796 395 1928 435 Facile

549 467 719 507 secundo
752 466 840 504 loco
875 479 937 503 me
971 462 1191 501 consolatur
1225 462 1440 513 recordatio
1474 475 1653 500 meorum
1688 470 1926 514 tempotum,

549 546 720 586 quorum
741 531 955 583 imaginem
974 529 1087 566 video
1107 529 1148 565 in
1169 527 1283 565 rebus
1305 527 1398 565 tuis.
1440 527 1548 565 Nam
1568 528 1634 565 etfi
1655 528 1806 565 minore
1826 528 1868 565 in
1889 541 1929 565 re

548 599 717 637 violatur
738 606 803 634 tua
829 595 1013 647 dignitas,
1045 607 1163 646 quam
1189 607 1275 631 mea
1304 592 1403 630 salus
1435 591 1576 630 afflicta
1606 593 1681 637 fit,
1713 602 1844 631 tamen
1874 593 1929 631 est

548 672 656 701 tanta
674 661 903 706 fimilitudo,
925 669 970 698 ut
990 659 1138 711 sperem
1157 667 1195 695 te
1216 656 1317 695 mihi
1335 657 1549 709 ignoscere,
1572 657 1597 695 fi
1619 671 1661 695 ea
1681 671 1760 695 non
1781 658 1927 696 timue-

549 731 639 774 rim,
671 743 757 781 quae
778 741 825 766 ne
845 736 887 764 tu
909 725 1070 778 quidem
1091 737 1266 776 unquam
1298 723 1470 760 timenda
1490 723 1646 761 duxisti.
1695 723 1767 761 Sed
1798 723 1930 776 praesta

549 804 587 833 te
607 808 713 839 eum,
745 794 814 846 qui
846 790 946 830 mihi
978 804 998 828 a
1029 791 1185 834 teneris,
1223 798 1265 827 ut
1296 789 1425 826 Graeci
1456 788 1608 833 dicunt,
1638 789 1867 840 unguiculis
1887 801 1926 827 es

549 860 747 912 cognitus.
792 857 1021 901 Illustrabit‚
1051 854 1301 898 mihicrede,
1334 863 1440 892 tuam
1471 854 1774 906 amplitudinem
1793 853 1927 892 homi-

549 939 647 964 num
678 925 835 977 injuria.
879 924 917 961 A
938 936 1000 960 me
1020 922 1153 960 omnia
1182 920 1333 958 summa
1362 920 1401 958 in
1433 930 1469 959 te
1491 918 1614 958 studia
1633 921 1838 974 officiaque
1857 933 1927 958 ex-

550 993 671 1044 pecta.
719 992 814 1030 Non
834 989 968 1028 fallam
989 989 1219 1041 opinionem
1241 996 1362 1024 tuam.
1406 987 1516 1025 Vale.

700 1189 763 1226 M.
796 1188 849 1226 T.
884 1188 932 1225 C.
966 1187 1010 1225 P.
1045 1186 1335 1223 LENTULO
1368 1184 1616 1221 PRocos.
1651 1182 1688 1220 S.
1722 1180 1775 1219 D.

550 1317 644 1354 VII.
666 1316 775 1388 LE
795 1318 832 1354 G
851 1317 868 1354 I
899 1324 982 1353 tuas
1004 1315 1147 1359 literas,
1179 1313 1323 1365 quibus
1346 1311 1391 1348 ad
1412 1324 1475 1349 me
1496 1309 1646 1355 scribis,
1676 1319 1832 1362 gratum
1853 1308 1928 1348 tibi

761 1380 848 1425 effe,
879 1379 985 1433 quod
1015 1379 1152 1416 crebro
1172 1379 1313 1416 certior
1333 1390 1401 1429 per
1421 1389 1484 1413 me
1505 1375 1571 1413 fias
1593 1375 1639 1412 de
1659 1374 1844 1412 omnibus
1866 1388 1927 1412 re-

550 1448 638 1492 bus,
661 1455 699 1484 et
720 1459 847 1484 meam
867 1459 957 1497 erga
976 1454 1014 1483 te
1035 1441 1347 1482 benevolentiam
1368 1440 1483 1478 facile
1502 1440 1708 1493 perspicias
1728 1455 1736 1478 :
1761 1453 1931 1492 quorum

549 1512 715 1550 alterum
736 1510 851 1556 mihi,
884 1520 928 1549 ut
957 1519 994 1548 te
1023 1509 1242 1562 plurimum
1271 1508 1450 1559 diligam,
1481 1505 1606 1544 facere
1636 1505 1780 1544 necess‘e
1804 1505 1870 1550 est,
1902 1505 1929 1543 fi

548 1578 639 1615 volo
656 1578 687 1614 is
703 1577 788 1621 effe,
807 1589 925 1628 quem
941 1585 983 1613 tu
1001 1589 1063 1613 me
1079 1574 1149 1613 effe
1165 1573 1341 1617 voluisti,
1365 1573 1531 1609 alterum
1547 1570 1649 1609 facio
1669 1571 1851 1615 libenter,
1870 1579 1929 1616 ut,

547 1644 737 1695 quoniam
757 1641 962 1680 intervallo
982 1641 1162 1679 locorum
1182 1648 1221 1677 et
1242 1648 1467 1690 temporum
1488 1637 1673 1688 disjuncti
1694 1636 1841 1681 sumus,
1863 1649 1932 1688 per

547 1708 678 1746 literas
701 1717 832 1745 tecum
859 1720 978 1759 quam
1008 1705 1205 1758 saepiflime
1236 1704 1452 1755 colloquar.
1497 1701 1617 1753 Qod
1648 1701 1674 1739 fi
1706 1701 1827 1739 rarius
1861 1700 1929 1739 fiet

547 1787 668 1826 quam
688 1782 731 1812 tu
752 1772 988 1825 expectabis,
1020 1772 1060 1808 id
1081 1771 1153 1809 erit
1173 1770 1306 1814 causae,
1333 1768 1439 1821 quod
1460 1781 1539 1805 non
1560 1769 1642 1818 ejus
1664 1768 1814 1819 generis
1835 1780 1931 1805 meae

548 1839 670 1876 literae
691 1838 794 1882 sunt,
827 1846 869 1875 ut
890 1850 949 1874 eas
971 1836 1131 1874 audeam
1159 1844 1304 1873 temere
1324 1833 1587 1872 committere.
1631 1832 1798 1883 Qoties
1829 1830 1930 1870 mihi

549 1912 747 1941 certorum
766 1902 978 1941 hominum
998 1901 1162 1954 potestas
1183 1901 1270 1945 erit,
1301 1900 1446 1952 quibus
1473 1899 1573 1935 reete
1593 1897 1696 1942 dem,
1728 1911 1807 1935 non
1828 1911 1929 1950 prae-

547 1969 781 2007 termittam.
815 1967 935 2019 Qod
955 1967 1050 2005 scire
1069 1967 1142 2011 vis,
1165 1979 1242 2017 qua
1261 1964 1425 2017 quisque
1447 1964 1487 2000 in
1509 1972 1545 2001 te
1566 1962 1641 2000 fide
1662 1962 1707 2000 fit
1728 1971 1766 2000 et
1786 1962 1930 2000 volun-

549 2044 651 2079 tate;
684 2034 844 2072 difficile
865 2033 972 2071 dictu
992 2032 1044 2070 est
1065 2032 1111 2069 de
1132 2031 1307 2083 fingulis.
1352 2031 1492 2068 Unum
1524 2028 1624 2066 illud
1656 2028 1792 2073 audeo,
1824 2027 1932 2080 quod

549 2109 660 2138 antea
684 2100 757 2138 tibi
787 2100 882 2152 saepe
912 2098 1138 2150 significavi,
1171 2110 1276 2134 nunc
1297 2109 1468 2148 quoque,
1502 2108 1541 2132 re
1560 2094 1755 2147 perspecta
1774 2103 1812 2132 et
1834 2107 1930 2145 cog-

549 2166 646 2210 nita,
678 2165 842 2202 scribere
859 2184 870 2209 ;
902 2163 1151 2202 vehementer
1185 2161 1373 2214 quosdam
1406 2160 1602 2205 homines,
1634 2169 1672 2197 et
1706 2173 1769 2197 eos
1802 2160 1930 2196 maxi-

550 2244 628 2275 me,
661 2230 730 2281 qui
752 2239 788 2267 te
809 2239 846 2267 et
867 2229 1038 2267 maxime
1060 2228 1278 2265 debuerunt
1307 2236 1345 2264 et
1378 2226 1596 2278 plurimum
1623 2225 1758 2276 juvare
1788 2233 1929 2276 potue-

550 2305 657 2341 runt,
676 2295 851 2334 invidifl'e
872 2294 1055 2347 dignitati
1076 2303 1173 2338 tuae,
1197 2293 1531 2344 simillimamque,
1550 2292 1589 2328 in
1607 2304 1646 2328 re
1663 2290 1849 2335 diffimih,
1874 2289 1932 2327 tui

550 2362 738 2413 temporis
756 2375 876 2406 nunc,
894 2370 932 2398 et
953 2360 1071 2398 nostri
1092 2359 1306 2412 quondam,
1324 2357 1435 2396 fuiffe
1451 2358 1639 2395 rationem
1657 2371 1665 2393 :
1687 2355 1748 2400 ut,
1767 2369 1866 2407 quos
1889 2364 1932 2392 tu

551 2427 777 2479 reipublicae
798 2426 907 2464 causa
927 2425 1086 2470 laeseras,
1110 2425 1237 2477 palam
1258 2433 1295 2460 te
1316 2430 1614 2475 oppugnarent3
1648 2434 1816 2473 quorum
1837 2432 1931 2457 auc-

550 2492 763 2538 toritatem,
801 2492 1048 2544 dignitatem,
1084 2491 1420 2541 voluntatemque,
1462 2487 1700 2531 defenderas,
1736 2499 1814 2523 non
1850 2494 1930 2522 tam

549 2571 744 2597 memores
765 2558 883 2598 effent
902 2558 1058 2597 virtutis
1076 2566 1164 2603 tuae,
1184 2569 1302 2609 quam
1318 2555 1442 2594 laudis
1464 2553 1632 2592 inimici.
1663 2554 1755 2604 Qo
1771 2551 1933 2604 quidem
