2351 2997
591 259 682 296 AD
742 255 1212 295 FAMILIARES
1272 255 1405 293 ΜΒ.
1457 255 1573 294 xm.
1701 274 1774 312 339

388 367 582 411 quantum
605 358 645 395 in
667 357 867 409 provincia
887 357 1052 402 valeant,
1084 357 1226 394 vellem
1252 365 1434 408 expertus
1464 355 1569 394 effes.
1617 357 1688 394 Sed
1716 367 1774 394 ta-

386 437 479 461 men
512 423 696 474 suspicor,
741 423 868 474 ipsum
897 422 1116 467 hominem,
1149 436 1268 474 quem
1300 421 1373 459 tibi
1401 422 1652 466 commendo,
1685 436 1774 474 per-

389 485 556 535 dignum
577 483 648 521 effe
671 493 735 521 tua
755 483 949 521 amicitia:
975 497 1052 521 non
1075 483 1216 527 solum,
1235 483 1327 534 quia
1347 482 1449 520 mihi
1471 483 1640 534 Cuspius
1662 484 1773 527 dicit,

390 549 519 594 credo,
555 550 723 601 (tametsi
753 549 793 586 id
820 549 907 586 satis
939 550 1010 587 effe
1038 549 1221 599 debebat)
1252 547 1314 586 sed
1341 549 1434 600 quia
1453 550 1543 586 novi
1565 550 1646 600 ejus
1663 549 1774 600 judi-

389 616 498 653 cium
520 616 560 652 in
582 614 813 653 hominibus
835 624 873 652 et
894 615 1030 652 amicis
1052 613 1284 665 deligendis.
1317 614 1474 651 Harum
1496 614 1697 652 literarum
1719 616 1774 652 vis

390 691 535 734 quanta
554 681 687 725 fuerit,
719 680 1179 732 propediemjudicabo;
1213 679 1380 731 tibique,
1414 689 1456 716 ut
1483 680 1654 725 confido,
1686 694 1774 732 gra-

389 748 460 784 tias
481 759 607 798 agam.
643 747 745 797 Ego,
768 759 853 797 quae
875 755 911 784 te
931 745 1045 790 velle,
1069 758 1234 797 quaeque
1254 744 1300 781 ad
1323 753 1359 782 te
1379 745 1587 796 pertinere,
1610 746 1774 783 arbitra-

389 813 474 857 bor,
507 811 639 849 omnia
660 810 824 848 studiose
845 811 1134 863 diligenterque
1154 810 1313 848 curabo.
1363 811 1468 847 Cura
1490 818 1532 847 ut
1552 810 1690 849 valeas.

445 879 491 916 P.
511 876 735 920 Cornelius,
754 877 823 927 qui
845 877 919 914 tibi
940 876 1008 914 has
1030 876 1159 914 literas
1180 875 1302 920 dedit,
1325 875 1378 912 est
1398 874 1500 912 mihi
1521 889 1541 912 a
1562 876 1606 913 P.
1628 877 1776 929 Cuspio

388 942 707 983 commendatus:
731 944 792 994 cuj
801 956 844 981 us
865 943 975 980 causa
991 951 1138 995 quanto
1158 955 1273 994 opere
1293 954 1477 994 cuperem
1498 941 1773 994 deberemque,

387 1009 564 1063 .profe6to
586 1023 632 1046 ex
654 1022 716 1046 me
738 1007 852 1046 facile
873 1009 1064 1060 cognosti.
1098 1007 1363 1046 Vehementer
1385 1017 1421 1044 te
1443 1021 1551 1059 rogo,
1585 1017 1627 1044 ut
1649 1023 1773 1053 cures,

391 1084 434 1112 ut
455 1088 502 1113 ex
524 1073 596 1111 hac
617 1075 960 1112 commendatione
982 1073 1082 1111 mihi
1105 1073 1275 1125 Cuspius
1293 1086 1412 1124 quam
1434 1073 1639 1117 maximas,
1657 1087 1775 1126 quam

390 1141 580 1193 primum,
613 1153 731 1191 quam
752 1139 965 1193 saepisfime,
997 1140 1136 1191 gratias
1158 1148 1258 1190 agat.
1293 1138 1403 1176 Vale.

605 1340 669 1378 M.
703 1341 756 1378 T.
791 1341 1032 1378 CICERO
1075 1341 1315 1378 CLUVIo
1357 1341 1395 1379 S.
1426 1340 1474 1378 P.
1508 1341 1561 1379 D.

390 1470 486 1508 VII.
513 1467 579 1540 C
594 1469 631 1506 U
648 1468 696 1506 M
718 1468 758 1505 in
781 1467 955 1506 Galliam
976 1467 1241 1519 proficiscens,
1264 1482 1334 1520 pro
1357 1468 1481 1506 nostra
1502 1469 1777 1508 neceffitudine

613 1542 756 1585 tuaque
777 1533 929 1570 summa
949 1533 989 1569 in
1012 1546 1074 1570 me
1095 1532 1350 1578 observantia,
1373 1532 1419 1570 ad
1440 1547 1503 1571 me
1524 1533 1689 1573 domum
1709 1549 1776 1573 ve-

389 1600 518 1644 niffes,
541 1600 698 1637 locutus
720 1598 805 1635 sum
827 1606 958 1635 tecum
980 1597 1026 1634 de
1047 1611 1138 1649 agro
1155 1598 1334 1650 vectigali
1354 1599 1565 1652 municipii
1586 1601 1776 1646 Atellani,

386 1665 460 1717 qui
480 1665 570 1703 efl’et
591 1664 632 1701 in
655 1663 813 1708 Gallia;
846 1672 1073 1715 quantoque
1102 1676 1216 1714 opere
1243 1665 1326 1715 ejus
1356 1665 1568 1717 municipii
1589 1666 1699 1703 eausa
1719 1666 1777 1703 la-

392 1731 584 1775 borarem,
616 1729 690 1767 tibi
711 1728 875 1767 ostendi.
908 1728 996 1766 Post
1018 1737 1125 1765 tuam
1146 1738 1276 1766 autem
1298 1728 1597 1781 profectionem,
1627 1745 1719 1769 eum
1740 1740 1779 1769 et

392 1797 564 1834 maxima
584 1808 642 1832 res
663 1794 874 1846 municipii
895 1793 1149 1831 honestiffimi
1179 1793 1359 1847 mihique
1389 1796 1708 1847 conjunetiffimi‚
1741 1806 1779 1834 et

391 1862 592 1899 summum
613 1873 748 1898 meum
768 1859 960 1903 officium,
984 1868 1186 1911 ageretur3
1220 1873 1290 1912 pro
1312 1869 1380 1898 tuo
1401 1861 1532 1899 animo
1553 1862 1593 1899 in
1615 1876 1678 1900 me
1699 1863 1777 1900 fin-

391 1927 533 1978 gulari,
565 1925 796 1969 existimavi,
829 1937 890 1961 me
911 1932 1090 1976 oportere
1110 1923 1156 1961 ad
1190 1933 1226 1962 te
1246 1926 1464 1963 accuratius
1486 1925 1651 1964 scribere
1669 1941 1677 1964 :
1711 1927 1777 1964 etfi

391 2006 472 2030 non
495 1992 578 2029 sum
601 1991 767 2035 nescius,
799 1999 837 2028 et
857 2003 942 2042 quae
964 1999 1187 2043 temporum
1210 1991 1322 2035 ratio,
1344 1999 1382 2029 et
1404 2005 1489 2043 quae
1511 2001 1577 2030 tua
1597 1993 1777 2045 potestas,

391 2058 439 2096 fit
454 2077 467 2103 ς
501 2058 653 2109 tibique
674 2057 879 2108 negotium
900 2056 1036 2094 datum
1056 2056 1128 2094 effe
1149 2070 1169 2094 a
1190 2058 1238 2095 C.
1264 2058 1424 2102 Caesare,
1456 2072 1535 2096 non
1560 2059 1776 2111 judicium,

392 2123 573 2177 praeclare
594 2122 790 2173 intelligo.
823 2123 954 2172 Qare
975 2135 994 2158 a
1016 2130 1053 2159 te
1073 2130 1228 2160 tantum
1250 2132 1355 2175 peto,
1387 2133 1581 2176 quantum
1602 2134 1639 2162 et
1661 2134 1698 2163 te
1718 2125 1777 2163 fa-

393 2202 479 2227 cere
499 2188 617 2241 poffe,
649 2196 688 2225 et
714 2187 883 2224 libenter
903 2200 989 2225 mea
1017 2188 1128 2225 causa
1156 2187 1351 2226 faeturum
1381 2189 1467 2233 effe,
1498 2190 1679 2229 arbitror.
1726 2193 1779 2228 Et

394 2256 570 2307 primum
591 2253 710 2291 velim
731 2252 941 2297 existimes,
964 2253 1070 2305 quod
1092 2267 1149 2291 res
1170 2254 1237 2298 est,
1260 2255 1471 2307 municipii
1492 2255 1668 2294 fortunas
1690 2270 1778 2294 om-

394 2333 461 2358 nes
482 2320 524 2357 in
544 2318 615 2356 isto
635 2318 816 2370 veetigali
836 2318 1037 2356 confistere
1057 2334 1065 2356 ε
1089 2318 1150 2356 his
1172 2327 1302 2357 autem
1324 2321 1568 2373 temporibus
1589 2322 1666 2359 hoe
1687 2335 1778 2358 mu·-

395 2385 590 2438 nicipium
624 2384 807 2422 maximis
846 2384 1030 2422 oneribus
1065 2385 1248 2436 preffum,
1286 2385 1448 2423 summis
1487 2387 1668 2424 affeetum
1708 2386 1779 2424 effe

395 2449 712 2489 difficultatibus.
759 2450 851 2487 Hoc
880 2450 947 2487 etfi
978 2464 1190 2489 commune
1219 2451 1373 2490 videtur
1404 2452 1476 2489 effe
1506 2467 1597 2490 cum
1626 2452 1777 2496 multis,

397 2526 528 2555 tamen
577 2514 678 2554 mihi
718 2514 845 2560 crede,
895 2515 1102 2567 singulares
1149 2516 1243 2554 huie
1284 2517 1504 2568 municipio
1543 2517 1778 2555 calamitates

1340 2582 1374 2618 V
1405 2596 1427 2619 v
1458 2595 1480 2621 2
