2351 2997
647 223 738 262 AD
798 218 1263 259 FAMILIARES
1324 218 1454 255 ΜΒ.
1508 218 1579 255 lx.
1726 229 1799 268 233

419 325 579 365 moleste
600 323 681 362 fero
700 338 709 361 ε
733 334 873 374 magna
893 321 1000 358 enim
1021 328 1058 357 te
1078 317 1330 356 delectatione
1351 326 1390 354 et
1410 316 1608 367 voluptate
1630 316 1797 366 privasti.

420 391 576 429 Deinde
602 390 718 427 etiam
740 400 872 426 vereor
904 386 1016 438 (licet
1036 385 1143 423 enim
1163 397 1298 422 verum
1320 382 1464 431 dicere)
1488 395 1535 418 ne
1556 380 1684 418 nescio
1705 380 1800 432 quid

417 456 535 499 illud,
567 454 674 507 quod
705 453 865 496 solebas,
900 451 1087 495 dediscas,
1118 458 1157 487 et
1190 447 1417 487 obliviscare
1450 445 1623 484 coenulas
1657 445 1797 483 facere.

418 521 527 558 Nam
549 520 574 557 fi
597 529 696 563 tum,
720 532 812 556 cum
833 516 999 554 habebas
1022 528 1119 567 quos
1142 514 1351 557 imitarere,
1383 526 1461 550 non
1483 511 1656 549 multum
1677 510 1798 563 profi-

419 586 572 630 ciebas;
604 584 699 637 quid
721 597 825 621 nunc
848 591 884 620 te
905 581 1099 619 facturum
1118 580 1284 631 putem?
1318 579 1483 629 Spurina
1501 577 1676 628 quidem,
1708 590 1799 614 cum

419 652 456 689 ei
476 665 558 689 rem
579 648 905 691 demonstrassem,
936 655 974 684 et
994 647 1114 684 vitam
1136 654 1243 682 tuam
1265 643 1500 695 superiorem
1530 642 1798 694 exposuiffem,

418 730 608 768 magnum
639 714 861 767 periculum
893 712 1053 749 summae
1085 708 1310 761 reipublicae
1334 707 1632 751 demonstrabat,
1664 708 1734 744 nisi
1755 708 1801 744 ad

419 781 656 832 superiorem
688 776 1011 817 consuetudinem
1042 784 1143 819 tum,
1175 787 1267 811 cum
1296 772 1490 810 Favonius
1519 771 1639 815 flaret,
1671 786 1798 809 rever-

420 845 549 883 tisses:
582 843 658 881 hoc
690 852 865 895 tempore
896 841 988 879 ferri
1019 839 1135 892 poffe,
1168 839 1193 876 fi
1226 838 1327 876 forte
1359 846 1402 875 tu
1433 835 1557 888 frigus
1590 835 1689 873 ferre
1721 849 1800 873 non

421 910 557 963 poffes.
591 909 662 946 Sed
683 907 922 951 mehercule,
944 906 1000 943 mi
1023 906 1139 949 Paete,
1161 913 1268 942 extra
1282 904 1435 955 jocum,
1459 915 1601 939 moneo
1623 910 1673 946 te,
1695 901 1802 958 quod

422 976 612 1027 pertinere
633 973 680 1010 ad
701 973 809 1010 beate
830 971 1041 1010 vivendum
1062 970 1242 1014 arbitror,
1274 977 1317 1006 ut
1338 981 1431 1005 cum
1456 968 1547 1005 viris
1576 967 1705 1010 bonis,
1731 968 1801 1018 ju·-

421 1039 575 1083 cundis,
602 1038 822 1075 amantibus
845 1037 917 1081 tui,
941 1036 1058 1074 vivas.
1092 1033 1210 1073 Nihil
1231 1034 1358 1086 aptius
1379 1033 1480 1076 vitae,
1504 1031 1605 1069 nihil
1626 1031 1672 1068 ad
1694 1031 1803 1069 beate

422 1103 634 1142 vivendum
653 1101 1001 1140 accommodatius.
1048 1100 1135 1138 Nec
1165 1098 1205 1136 id
1234 1098 1280 1136 ad
1306 1098 1548 1149 voluptatem
1570 1096 1707 1141 refero,
1739 1096 1803 1134 sed

422 1170 468 1207 ad
495 1169 822 1208 communitatem
853 1168 940 1205 vitae
972 1176 1088 1219 atque
1119 1166 1258 1209 vietus,
1291 1163 1629 1214 remissionemque
1649 1163 1802 1200 animo-

421 1250 509 1274 rum
527 1255 538 1281 ;
571 1249 657 1287 quae
679 1235 849 1272 maxime
869 1233 1042 1271 sermone
1062 1231 1231 1269 efficitur
1251 1229 1449 1273 familiari,
1480 1229 1548 1281 qui
1569 1228 1621 1266 est
1642 1229 1681 1266 in
1704 1242 1802 1266 con-

423 1302 534 1339 viviis
570 1299 838 1338 dulciffimus:
883 1308 927 1336 ut
961 1297 1170 1349 sapientius
1206 1296 1339 1340 nostri,
1382 1309 1501 1348 quam
1536 1295 1694 1333 Graeci:
1741 1295 1803 1332 illi

422 1362 591 1413 συμπέσωι,
620 1374 685 1403 aut
705 1358 879 1403 mamm,
908 1363 949 1401 id
980 1362 1046 1407 est,
1079 1362 1404 1414 compotationes,
1436 1369 1502 1399 aut
1533 1360 1802 1398 concoenatio-

422 1444 488 1469 nes
506 1449 518 1475 3
551 1443 620 1468 nos
641 1428 823 1474 convivia,
850 1428 956 1481 quod
978 1437 1063 1466 tum
1084 1427 1255 1465 maxime
1276 1426 1389 1464 simul
1409 1426 1568 1464 vivitur.
1602 1424 1736 1470 Vides,
1760 1434 1804 1463 ut

421 1506 459 1534 te
486 1493 799 1548 philosophando
829 1507 1004 1532 revocare
1037 1506 1154 1531 coner
1184 1492 1231 1530 ad
1262 1492 1422 1529 coenas?
1456 1491 1560 1528 Cura
1590 1499 1633 1527 ut
1661 1490 1801 1528 valeas.

423 1562 468 1600 Id
489 1560 583 1599 foris
604 1559 828 1598 coenitando
848 1559 1038 1597 facillime
1059 1558 1306 1610 consequere.
1340 1556 1412 1594 Sed
1432 1570 1536 1601 cave,
1555 1556 1580 1593 fi
1602 1570 1664 1594 me
1684 1570 1802 1601 amas,

423 1626 632 1670 existimes,
662 1638 739 1669 me,
772 1625 877 1676 quod
893 1625 1062 1676 jocofius
1083 1624 1264 1667 scribam,
1290 1622 1466 1674 abjecisse
1486 1635 1620 1659 curam
1641 1622 1803 1674 reipub-

422 1693 521 1730 licae.
572 1691 634 1728 Sic
667 1690 755 1735 tibi,
792 1690 849 1727 mi
882 1690 997 1735 Paete,
1029 1688 1225 1741 persuade,
1258 1701 1320 1725 me
1355 1687 1435 1724 dies
1467 1696 1506 1724 et
1537 1689 1667 1724 noctes
1700 1686 1803 1724 nihil

422 1757 528 1795 aliud
549 1769 673 1808 agere,
705 1755 806 1793 nihil
827 1769 973 1800 curare,
1005 1755 1075 1792 nisi
1097 1764 1139 1792 ut
1160 1753 1239 1791 mei
1259 1753 1361 1791 cives
1384 1752 1475 1790 salvi
1500 1752 1692 1803 liberique
1713 1752 1802 1790 smt.

423 1822 597 1861 Nullum
636 1820 769 1858 locum
809 1821 1065 1872 praetermitto
1103 1818 1306 1862 monendi,
1356 1817 1510 1869 agendi,
1556 1815 1802 1868 providendi.

424 1888 516 1925 Hoc
537 1886 705 1937 denique
724 1886 855 1923 animo
876 1886 975 1930 sum,
1008 1895 1066 1930 ut,
1098 1886 1124 1922 fi
1146 1885 1184 1921 in
1207 1883 1279 1921 hac
1300 1897 1391 1920 cura
1416 1892 1531 1934 atque
1558 1882 1802 1919 administra-

424 1953 530 1990 tione
555 1952 634 1989 vita
660 1949 760 1988 mihi
787 1951 967 2003 ponenda
998 1951 1056 1996 sit,
1088 1950 1268 2003 praeclare
1300 1950 1428 1986 adium
1460 1960 1618 1986 mecum
1649 1956 1799 1999 putem„

421 2019 554 2057 Etiam
575 2026 692 2069 atque
711 2017 829 2055 etiam
850 2017 946 2056 vale„

642 2220 884 2257 Cxcssko
926 2219 1347 2257 IMPERATORI
1391 2217 1579 2255 PAETo.

424 2348 558 2387 XXV.
584 2347 630 2418 S
644 2348 742 2385 UM
757 2348 805 2385 M
821 2348 858 2384 U
873 2347 922 2384 M
952 2360 1015 2385 me
1036 2345 1177 2384 ducem
1197 2346 1317 2384 literae
1339 2354 1412 2383 tuae
1435 2344 1631 2382 reddidere
1649 2359 1656 2381 z
1690 2344 1801 2394 plane

666 2412 883 2450 nesciebam
904 2422 940 2450 te
961 2422 1039 2450 tam
1061 2412 1232 2464 peritum
1253 2411 1324 2449 effe
1345 2412 1398 2448 rei
1420 2411 1600 2447 militaris
1619 2425 1627 2446 :
1662 2408 1801 2458 Pyrrhi

424 2490 461 2518 {e
483 2479 602 2516 libros
624 2487 662 2515 et
685 2478 814 2517 Cineae
836 2477 947 2517 video
967 2478 1162 2517 leffitaffe.
1210 2479 1346 2529 Itaque
1375 2477 1639 2527 obtemperare
1669 2473 1801 2525 cogito

508 2546 644 2583 TOM.
678 2544 772 2582 VII.
928 2596 933 2601 ι
1409 2542 1444 2578 G
1477 2554 1502 2591 g
