2351 2997
575 282 651 322 390
920 271 1599 313 EPISTOLARUM

719 506 927 542 TULLIUS
971 506 1232 542 TERENTIAE
1278 517 1388 549 SUAE,
1431 507 1686 543 TULLIOLAE
1729 519 1787 545 ET

991 570 1218 607 CicERom
1263 582 1355 606 suis
1400 570 1436 607 S.
1471 571 1523 608 D.

573 697 627 735 II.
652 695 737 768 N
752 697 788 733 O
804 696 869 733 LI
911 706 1058 749 putare,
1091 710 1153 734 me
1187 696 1233 734 ad
1268 711 1506 749 quemquam
1540 699 1735 750 longiores
1769 697 1945 750 epistolas

768 761 945 807 scribere,
971 763 1040 799 nifi
1062 762 1087 799 si
1109 762 1196 814 quis
1217 762 1262 799 ad
1284 776 1346 800 me
1366 763 1477 815 plura
1497 763 1658 815 scripsit,
1681 764 1745 801 cui
1766 772 1863 815 puto
1884 777 1945 800 re-

573 828 689 866 scribi
710 837 911 880 oportere:
944 841 1014 865 nec
1036 828 1141 865 enim
1161 827 1285 865 habeo
1306 829 1411 880 quod
1433 829 1621 874 scribam3
1655 843 1725 866 nec
1745 828 1821 867 hoc
1843 838 1945 866 tem-

572 907 664 945 pore
694 893 910 944 quidquam
943 893 1143 930 difficilius
1177 892 1292 931 facio.
1339 893 1403 930 Ad
1435 904 1471 930 te
1501 908 1603 939 vero,
1635 904 1673 932 et
1702 894 1748 931 ad
1780 894 1947 932 nostram

572 959 806 1002 Tulliolam,
826 971 903 995 non
921 972 1021 1009 queo
1042 958 1117 995 fine
1138 959 1319 1010 plurimis
1341 959 1520 1009 lacrymis
1543 960 1720 997 scribere.
1744 961 1823 996 Vos
1841 960 1946 996 enim

570 1024 684 1062 video
704 1024 775 1061 effe
795 1024 1041 1068 miserrimas,
1073 1037 1166 1076 quas
1196 1038 1267 1075 ego
1295 1024 1524 1062 beatiflimas
1553 1025 1700 1076 semper
1720 1025 1790 1062 effe
1811 1025 1917 1062 volui
1936 1039 1945 1061 :

572 1089 690 1141 idque
721 1089 892 1141 praestare
926 1089 1071 1134 debui;
1104 1100 1155 1134 et,
1188 1090 1256 1127 nisi
1288 1099 1366 1127 tam
1397 1090 1527 1127 timidi
1555 1090 1770 1134 fuiffemus,
1802 1089 1947 1142 praesti-

572 1154 712 1192 tiffem.
760 1154 939 1191 Pisonem
968 1154 1140 1192 nostrum
1171 1157 1312 1192 merito
1341 1156 1423 1207 ejus
1454 1169 1541 1193 amo
1562 1156 1807 1207 plurimum:
1840 1168 1945 1198 eum,

573 1228 617 1256 ut
638 1220 763 1271 potui,
795 1233 861 1270 per
882 1220 1008 1256 literas
1030 1219 1254 1257 cohortatus
1276 1220 1376 1264 sum,
1405 1220 1620 1272 gratiasque
1640 1222 1717 1273 egi,
1750 1229 1792 1258 ut
1813 1220 1945 1258 debui.

575 1285 618 1321 In
643 1285 750 1323 novis
773 1284 940 1321 tribunis
963 1284 1086 1336 plebis
1108 1285 1289 1337 intelligo
1310 1286 1415 1337 spem
1444 1295 1480 1323 te
1507 1285 1661 1324 habere.
1709 1286 1753 1323 Id
1779 1285 1852 1323 erit
1879 1285 1947 1322 fir-

574 1364 700 1394 mum,
733 1350 758 1387 fi
787 1350 965 1402 Pompeii
995 1351 1173 1388 voluntas
1204 1352 1302 1388 erit:
1337 1351 1398 1388 sed
1429 1351 1604 1389 Craffum
1636 1361 1765 1389 tamen
1798 1360 1945 1388 metuo,

574 1417 610 1452 A
633 1425 669 1453 te
689 1414 848 1467 quidem
869 1416 1001 1453 omnia
1021 1416 1104 1453 fieri
1131 1415 1334 1453 fortiffime
1355 1425 1393 1453 et
1422 1416 1676 1453 amantiffime
1706 1416 1844 1460 video;
1877 1428 1948 1452 nec

574 1482 720 1518 miror:
746 1480 806 1518 sed
828 1494 974 1518 moereo
992 1480 1122 1517 casum
1142 1480 1347 1531 ejusmodi,
1371 1490 1413 1518 ut
1436 1482 1550 1518 tantis
1573 1481 1649 1518 tuis
1671 1479 1833 1517 miseriis
1856 1493 1949 1517 meae

573 1544 733 1582 miseriae
754 1544 1016 1582 subleventur.
1050 1546 1156 1583 Nam
1176 1544 1222 1581 ad
1243 1558 1305 1582 me
1328 1546 1371 1582 P.
1387 1545 1578 1589 Valerius,
1597 1544 1717 1582 homo
1737 1544 1947 1588 officiosus,

575 1610 735 1662 scripsit,
762 1610 801 1646 id
823 1610 928 1661 quod
948 1623 1020 1661 ego
1041 1610 1215 1647 maximo
1235 1623 1327 1647 cum
1348 1610 1440 1647 fletu
1462 1610 1555 1661 legi,
1577 1610 1910 1662 quemadmodum
1930 1623 1951 1646 a

576 1675 697 1712 Vestae
718 1675 764 1712 ad
785 1675 958 1712 tabulam
975 1675 1168 1712 Valeriam
1189 1675 1304 1713 dueta
1323 1675 1426 1713 effes.
1460 1676 1583 1720 Hem,
1606 1688 1690 1712 mea
1710 1675 1794 1720 lux,
1816 1687 1951 1712 meum

575 1740 818 1783 defiderium,
852 1739 953 1777 unde
974 1753 1108 1777 omnes
1130 1753 1245 1791 opem
1267 1750 1394 1792 petere
1416 1740 1609 1778 solebant!
1643 1742 1704 1777 Te
1725 1753 1844 1784 nunc,
1867 1753 1952 1777 mea

576 1806 775 1849 Terentia,
808 1805 857 1842 s1c
878 1806 1020 1849 vexari,
1053 1806 1243 1858 ficjacere
1264 1806 1302 1842 in
1326 1806 1506 1856 lacrymis
1533 1815 1570 1843 et
1598 1805 1773 1843 sordibus
1794 1806 1800 1842 !
1834 1805 1951 1856 idque

576 1871 659 1908 fieri
680 1883 765 1907 mea
784 1870 913 1921 culpa,
945 1871 1012 1921 qui
1033 1879 1189 1908 caeteros
1211 1870 1366 1915 servavi,
1400 1880 1442 1908 ut
1467 1884 1535 1908 nos
1557 1871 1770 1922 periremus
1791 1871 1797 1907 ἶ
1831 1870 1950 1920 Qod

576 1935 623 1973 de
643 1935 761 1972 domo
782 1935 931 1978 scribis,
963 1934 1038 1972 hoc
1058 1935 1124 1979 est,
1148 1935 1194 1972 de
1213 1949 1320 1980 area3
1352 1949 1424 1986 ego
1444 1949 1533 1973 vero
1556 1945 1640 1973 tum
1662 1935 1828 1986 denique
1849 1934 1951 1972 mihi

577 2000 737 2037 videbor
757 1999 968 2043 restitutus,
1000 2000 1025 2036 si
1047 2000 1114 2036 illa
1134 2000 1246 2037 nobis
1268 2001 1340 2037 erit
1361 2000 1546 2038 restituta.
1593 2001 1741 2038 Verum
1768 1999 1850 2037 haec
1871 2013 1951 2036 non

578 2066 666 2103 sunt
688 2066 726 2102 in
749 2065 873 2102 nostra
892 2077 1024 2102 manu.
1070 2065 1175 2102 Illud
1205 2065 1331 2110 doleo,
1364 2080 1448 2117 quae
1480 2066 1653 2117 impensa
1679 2064 1854 2102 facienda
1882 2064 1950 2109 est,

577 2132 617 2170 in
639 2133 719 2183 ejus
741 2140 889 2183 partem
911 2140 947 2168 te
969 2131 1144 2168 miseram
1165 2140 1203 2168 et
1224 2131 1473 2183 despoliatam
1490 2131 1633 2169 venire.
1667 2131 1785 2181 Qod
1806 2131 1831 2167 fi
1853 2143 1950 2168 con-

579 2196 710 2234 ficitur
730 2196 947 2247 negotium,
979 2196 1111 2233 onmia
1130 2196 1436 2247 consequemur:
1470 2197 1523 2233 fin
1545 2196 1676 2233 eadem
1699 2209 1767 2232 nos
1794 2195 1953 2233 fortuna

579 2271 743 2314 premet,
775 2262 941 2298 etiamne
969 2262 1149 2313 reliquias
1181 2270 1263 2299 tuas
1291 2262 1425 2299 misera
1451 2262 1664 2313 projicies?
1698 2260 1869 2297 Obsecro
1897 2270 1948 2304 te,

578 2341 664 2365 mea
684 2328 773 2371 vita,
805 2327 910 2378 quod
931 2326 976 2363 ad
997 2327 1196 2378 sumptum
1217 2328 1370 2371 attinet,
1404 2327 1478 2364 fine
1499 2316 1608 2371 alios,
1640 2327 1707 2378 qui
1729 2325 1897 2378 possunt,
1925 2326 1949 2362 si

580 2392 698 2430 modo
718 2392 869 2435 volunt,
902 2391 1107 2435 sustinere;
1139 2401 1177 2429 et
1198 2391 1458 2429 valetudinem
1479 2391 1588 2428 istam
1610 2391 1819 2434 infirmam,
1842 2390 1867 2427 fi
1889 2404 1951 2427 me

579 2471 697 2502 amas,
729 2457 810 2494 noli
831 2469 979 2494 vexare.
1030 2457 1136 2494 Nam
1157 2456 1257 2493 mihi
1278 2465 1364 2494 ante
1384 2457 1518 2494 oculos
1540 2456 1619 2493 dies
1641 2455 1845 2507 noctesque
1865 2468 1952 2492 ver-

581 2523 685 2562 saris.
733 2523 881 2560 Omnes
912 2521 1059 2561 labores
1091 2530 1127 2560 te
1157 2522 1333 2574 excipere
1360 2521 1499 2560 video:
1534 2522 1652 2559 timeo
1674 2529 1716 2558 ut
1743 2520 1949 2557 sustineas:
