<?xml version="1.0" encoding="UTF-8"?>
<!DOCTYPE html PUBLIC "-//W3C//DTD XHTML 1.0 Transitional//EN"
    "http://www.w3.org/TR/xhtml1/DTD/xhtml1-transitional.dtd">
<html xmlns="http://www.w3.org/1999/xhtml" xml:lang="en" lang="en">
 <head>
  <title>
</title>
<meta http-equiv="Content-Type" content="text/html;charset=utf-8" />
  <meta name='ocr-system' content='tesseract 3.04.00' />
  <meta name='ocr-capabilities' content='ocr_page ocr_carea ocr_par ocr_line ocrx_word'/>
</head>
<body>
  <div class='ocr_page' id='page_1' title='image "./operacumindicibu07ciceuoft_0131.png"; bbox 0 0 2351 2997; ppageno 0'>
   <div class='ocr_carea' id='block_1_1' title="bbox 635 205 1800 247">
    <p class='ocr_par' dir='ltr' id='par_1_1' title="bbox 635 205 1800 247">
     <span class='ocr_line' id='line_1_1' title="bbox 635 205 1800 247; baseline -0.001 0"><span class='ocrx_word' id='word_1_1' title='bbox 635 210 728 247; x_wconf 90' lang='lat' dir='ltr'>AD</span> <span class='ocrx_word' id='word_1_2' title='bbox 788 205 1257 245; x_wconf 85' lang='lat' dir='ltr'><strong>FAMILIARES</strong></span> <span class='ocrx_word' id='word_1_3' title='bbox 1318 205 1449 242; x_wconf 88' lang='lat' dir='ltr'>LIB.</span> <span class='ocrx_word' id='word_1_4' title='bbox 1503 206 1554 243; x_wconf 90' lang='lat' dir='ltr'>V.</span> <span class='ocrx_word' id='word_1_5' title='bbox 1731 220 1800 246; x_wconf 90' lang='lat'>111</span> 
     </span>
    </p>
   </div>
   <div class='ocr_carea' id='block_1_2' title="bbox 410 302 1808 2533">
    <p class='ocr_par' dir='ltr' id='par_1_2' title="bbox 410 302 1808 2533">
     <span class='ocr_line' id='line_1_2' title="bbox 416 302 1804 359; baseline 0.001 -15"><span class='ocrx_word' id='word_1_6' title='bbox 416 316 524 344; x_wconf 86' lang='lat' dir='ltr'>tuam</span> <span class='ocrx_word' id='word_1_7' title='bbox 553 306 718 357; x_wconf 80' lang='lat' dir='ltr'>gratiam</span> <span class='ocrx_word' id='word_1_8' title='bbox 747 303 890 348; x_wconf 85' lang='lat' dir='ltr'>videar,</span> <span class='ocrx_word' id='word_1_9' title='bbox 923 317 1017 341; x_wconf 91' lang='lat' dir='ltr'>cum</span> <span class='ocrx_word' id='word_1_10' title='bbox 1046 302 1123 340; x_wconf 90' lang='lat' dir='ltr'>hoc</span> <span class='ocrx_word' id='word_1_11' title='bbox 1154 303 1431 349; x_wconf 88' lang='lat' dir='ltr'>demonstrem,</span> <span class='ocrx_word' id='word_1_12' title='bbox 1464 319 1527 342; x_wconf 89' lang='lat' dir='ltr'>me</span> <span class='ocrx_word' id='word_1_13' title='bbox 1554 319 1574 342; x_wconf 88' lang='lat' dir='ltr'>a</span> <span class='ocrx_word' id='word_1_14' title='bbox 1595 316 1632 343; x_wconf 89' lang='lat' dir='ltr'>te</span> <span class='ocrx_word' id='word_1_15' title='bbox 1652 308 1804 359; x_wconf 83' lang='lat' dir='ltr'>potiffi-</span> 
     </span>
     <span class='ocr_line' id='line_1_3' title="bbox 414 370 1807 425; baseline 0.001 -16"><span class='ocrx_word' id='word_1_16' title='bbox 414 385 530 409; x_wconf 87' lang='lat' dir='ltr'>mum</span> <span class='ocrx_word' id='word_1_17' title='bbox 549 371 676 408; x_wconf 88' lang='lat' dir='ltr'>ornari</span> <span class='ocrx_word' id='word_1_18' title='bbox 697 370 964 422; x_wconf 79' lang='lat' dir='ltr'>celebrarique</span> <span class='ocrx_word' id='word_1_19' title='bbox 984 370 1098 407; x_wconf 89' lang='lat' dir='ltr'>velle.</span> <span class='ocrx_word' id='word_1_20' title='bbox 1133 370 1275 421; x_wconf 81' lang='lat' dir='ltr'>Neque</span> <span class='ocrx_word' id='word_1_21' title='bbox 1292 370 1399 408; x_wconf 92' lang='lat' dir='ltr'>enim</span> <span class='ocrx_word' id='word_1_22' title='bbox 1417 380 1459 408; x_wconf 89' lang='lat' dir='ltr'>tu</span> <span class='ocrx_word' id='word_1_23' title='bbox 1481 373 1512 408; x_wconf 85' lang='lat' dir='ltr'>is</span> <span class='ocrx_word' id='word_1_24' title='bbox 1534 385 1588 416; x_wconf 84' lang='lat' dir='ltr'>es,</span> <span class='ocrx_word' id='word_1_25' title='bbox 1607 374 1691 424; x_wconf 89' lang='lat' dir='ltr'>qui,</span> <span class='ocrx_word' id='word_1_26' title='bbox 1710 375 1807 425; x_wconf 89' lang='lat' dir='ltr'>quid</span> 
     </span>
     <span class='ocr_line' id='line_1_4' title="bbox 416 436 1805 488; baseline 0.003 -15"><span class='ocrx_word' id='word_1_27' title='bbox 416 436 478 480; x_wconf 86' lang='lat' dir='ltr'>fis,</span> <span class='ocrx_word' id='word_1_28' title='bbox 511 436 680 480; x_wconf 81' lang='lat' dir='ltr'>nescias;</span> <span class='ocrx_word' id='word_1_29' title='bbox 713 445 751 473; x_wconf 89' lang='lat' dir='ltr'>et</span> <span class='ocrx_word' id='word_1_30' title='bbox 773 437 841 488; x_wconf 89' lang='lat' dir='ltr'>qui</span> <span class='ocrx_word' id='word_1_31' title='bbox 864 450 942 473; x_wconf 90' lang='lat' dir='ltr'>non</span> <span class='ocrx_word' id='word_1_32' title='bbox 964 450 1027 473; x_wconf 92' lang='lat' dir='ltr'>eos</span> <span class='ocrx_word' id='word_1_33' title='bbox 1050 436 1189 488; x_wconf 86' lang='lat' dir='ltr'>magis,</span> <span class='ocrx_word' id='word_1_34' title='bbox 1212 437 1281 488; x_wconf 89' lang='lat' dir='ltr'>qui</span> <span class='ocrx_word' id='word_1_35' title='bbox 1304 446 1340 474; x_wconf 90' lang='lat' dir='ltr'>te</span> <span class='ocrx_word' id='word_1_36' title='bbox 1362 450 1440 474; x_wconf 90' lang='lat' dir='ltr'>non</span> <span class='ocrx_word' id='word_1_37' title='bbox 1462 437 1718 483; x_wconf 82' lang='lat' dir='ltr'>admirentur,</span> <span class='ocrx_word' id='word_1_38' title='bbox 1741 441 1805 477; x_wconf 90' lang='lat' dir='ltr'>in-</span> 
     </span>
     <span class='ocr_line' id='line_1_5' title="bbox 415 500 1806 557; baseline 0.004 -20"><span class='ocrx_word' id='word_1_39' title='bbox 415 500 541 545; x_wconf 85' lang='lat' dir='ltr'>vidos,</span> <span class='ocrx_word' id='word_1_40' title='bbox 573 514 691 552; x_wconf 89' lang='lat' dir='ltr'>quam</span> <span class='ocrx_word' id='word_1_41' title='bbox 713 514 793 545; x_wconf 92' lang='lat' dir='ltr'>eos,</span> <span class='ocrx_word' id='word_1_42' title='bbox 826 502 893 553; x_wconf 87' lang='lat' dir='ltr'>qui</span> <span class='ocrx_word' id='word_1_43' title='bbox 922 501 1095 545; x_wconf 84' lang='lat' dir='ltr'>laudent,</span> <span class='ocrx_word' id='word_1_44' title='bbox 1127 501 1386 546; x_wconf 72' lang='lat' dir='ltr'>assentatores,</span> <span class='ocrx_word' id='word_1_45' title='bbox 1418 503 1617 541; x_wconf 84' lang='lat' dir='ltr'>arbitrere.</span> <span class='ocrx_word' id='word_1_46' title='bbox 1663 505 1806 557; x_wconf 84' lang='lat' dir='ltr'>Neque</span> 
     </span>
     <span class='ocr_line' id='line_1_6' title="bbox 417 568 1806 623; baseline 0.004 -19"><span class='ocrx_word' id='word_1_47' title='bbox 417 576 550 605; x_wconf 88' lang='lat' dir='ltr'>autem</span> <span class='ocrx_word' id='word_1_48' title='bbox 571 582 643 619; x_wconf 86' lang='lat' dir='ltr'>ego</span> <span class='ocrx_word' id='word_1_49' title='bbox 665 568 748 605; x_wconf 88' lang='lat' dir='ltr'>sum</span> <span class='ocrx_word' id='word_1_50' title='bbox 772 569 824 605; x_wconf 88' lang='lat' dir='ltr'>ita</span> <span class='ocrx_word' id='word_1_51' title='bbox 845 568 1020 613; x_wconf 86' lang='lat' dir='ltr'>demens,</span> <span class='ocrx_word' id='word_1_52' title='bbox 1054 577 1096 605; x_wconf 93' lang='lat' dir='ltr'>ut</span> <span class='ocrx_word' id='word_1_53' title='bbox 1118 582 1180 605; x_wconf 92' lang='lat' dir='ltr'>me</span> <span class='ocrx_word' id='word_1_54' title='bbox 1202 568 1444 620; x_wconf 82' lang='lat' dir='ltr'>sempiternae</span> <span class='ocrx_word' id='word_1_55' title='bbox 1466 570 1600 621; x_wconf 75' lang='lat' dir='ltr'>gloria?</span> <span class='ocrx_word' id='word_1_56' title='bbox 1627 585 1696 623; x_wconf 86' lang='lat' dir='ltr'>per</span> <span class='ocrx_word' id='word_1_57' title='bbox 1715 586 1806 610; x_wconf 88' lang='lat' dir='ltr'>eum</span> 
     </span>
     <span class='ocr_line' id='line_1_7' title="bbox 415 633 1807 686; baseline 0.004 -16"><span class='ocrx_word' id='word_1_58' title='bbox 415 633 684 671; x_wconf 90' lang='lat' dir='ltr'>commendari</span> <span class='ocrx_word' id='word_1_59' title='bbox 705 634 839 678; x_wconf 89' lang='lat' dir='ltr'>velim,</span> <span class='ocrx_word' id='word_1_60' title='bbox 871 634 940 686; x_wconf 89' lang='lat' dir='ltr'>qui</span> <span class='ocrx_word' id='word_1_61' title='bbox 966 647 1044 671; x_wconf 89' lang='lat' dir='ltr'>non</span> <span class='ocrx_word' id='word_1_62' title='bbox 1067 633 1146 685; x_wconf 90' lang='lat' dir='ltr'>ipse</span> <span class='ocrx_word' id='word_1_63' title='bbox 1166 648 1325 686; x_wconf 90' lang='lat' dir='ltr'>quoque</span> <span class='ocrx_word' id='word_1_64' title='bbox 1347 636 1386 671; x_wconf 92' lang='lat' dir='ltr'>in</span> <span class='ocrx_word' id='word_1_65' title='bbox 1408 649 1471 672; x_wconf 88' lang='lat' dir='ltr'>me</span> <span class='ocrx_word' id='word_1_66' title='bbox 1492 638 1807 675; x_wconf 87' lang='lat' dir='ltr'>commendando</span> 
     </span>
     <span class='ocr_line' id='line_1_8' title="bbox 412 699 1808 751; baseline 0.004 -15"><span class='ocrx_word' id='word_1_67' title='bbox 412 700 614 751; x_wconf 82' lang='lat' dir='ltr'>propriam</span> <span class='ocrx_word' id='word_1_68' title='bbox 634 700 783 751; x_wconf 86' lang='lat' dir='ltr'>ingenii</span> <span class='ocrx_word' id='word_1_69' title='bbox 803 700 970 751; x_wconf 84' lang='lat' dir='ltr'>gloriam</span> <span class='ocrx_word' id='word_1_70' title='bbox 991 699 1265 751; x_wconf 86' lang='lat' dir='ltr'>consequatur.</span> <span class='ocrx_word' id='word_1_71' title='bbox 1294 701 1435 751; x_wconf 83' lang='lat' dir='ltr'>Neque</span> <span class='ocrx_word' id='word_1_72' title='bbox 1456 702 1562 739; x_wconf 86' lang='lat' dir='ltr'>enim</span> <span class='ocrx_word' id='word_1_73' title='bbox 1584 703 1808 742; x_wconf 82' lang='lat' dir='ltr'>Alexander</span> 
     </span>
     <span class='ocr_line' id='line_1_9' title="bbox 413 765 1805 822; baseline 0.004 -20"><span class='ocrx_word' id='word_1_74' title='bbox 413 765 483 803; x_wconf 89' lang='lat' dir='ltr'>ille</span> <span class='ocrx_word' id='word_1_75' title='bbox 514 767 646 817; x_wconf 85' lang='lat' dir='ltr'>gratiae</span> <span class='ocrx_word' id='word_1_76' title='bbox 678 765 788 802; x_wconf 87' lang='lat' dir='ltr'>causa</span> <span class='ocrx_word' id='word_1_77' title='bbox 819 766 866 802; x_wconf 90' lang='lat' dir='ltr'>ab</span> <span class='ocrx_word' id='word_1_78' title='bbox 900 766 1042 817; x_wconf 84' lang='lat' dir='ltr'>Apelle</span> <span class='ocrx_word' id='word_1_79' title='bbox 1074 765 1320 817; x_wconf 86' lang='lat' dir='ltr'>potiffimum</span> <span class='ocrx_word' id='word_1_80' title='bbox 1353 768 1480 819; x_wconf 83' lang='lat' dir='ltr'>pingi,</span> <span class='ocrx_word' id='word_1_81' title='bbox 1512 778 1550 805; x_wconf 92' lang='lat' dir='ltr'>et</span> <span class='ocrx_word' id='word_1_82' title='bbox 1582 782 1603 805; x_wconf 87' lang='lat' dir='ltr'>a</span> <span class='ocrx_word' id='word_1_83' title='bbox 1634 770 1805 822; x_wconf 75' lang='lat' dir='ltr'>Lysippo</span> 
     </span>
     <span class='ocr_line' id='line_1_10' title="bbox 414 831 1805 885; baseline 0.004 -17"><span class='ocrx_word' id='word_1_84' title='bbox 414 831 528 883; x_wconf 85' lang='lat' dir='ltr'>fingi,</span> <span class='ocrx_word' id='word_1_85' title='bbox 561 831 742 876; x_wconf 81' lang='lat' dir='ltr'>volebat3</span> <span class='ocrx_word' id='word_1_86' title='bbox 775 831 837 869; x_wconf 92' lang='lat' dir='ltr'>sed</span> <span class='ocrx_word' id='word_1_87' title='bbox 859 832 965 884; x_wconf 88' lang='lat' dir='ltr'>quod</span> <span class='ocrx_word' id='word_1_88' title='bbox 987 832 1148 869; x_wconf 87' lang='lat' dir='ltr'>illorum</span> <span class='ocrx_word' id='word_1_89' title='bbox 1170 842 1291 869; x_wconf 89' lang='lat' dir='ltr'>artem</span> <span class='ocrx_word' id='word_1_90' title='bbox 1314 846 1405 870; x_wconf 90' lang='lat' dir='ltr'>cum</span> <span class='ocrx_word' id='word_1_91' title='bbox 1436 834 1539 885; x_wconf 81' lang='lat' dir='ltr'>ipfis‚</span> <span class='ocrx_word' id='word_1_92' title='bbox 1574 844 1659 872; x_wconf 82' lang='lat' dir='ltr'>tum</span> <span class='ocrx_word' id='word_1_93' title='bbox 1688 838 1805 875; x_wconf 79' lang='lat' dir='ltr'>etiam</span> 
     </span>
     <span class='ocr_line' id='line_1_11' title="bbox 413 897 1804 952; baseline 0.004 -18"><span class='ocrx_word' id='word_1_94' title='bbox 413 897 501 942; x_wconf 91' lang='lat' dir='ltr'>fibi,</span> <span class='ocrx_word' id='word_1_95' title='bbox 533 897 666 949; x_wconf 86' lang='lat' dir='ltr'>gloriae</span> <span class='ocrx_word' id='word_1_96' title='bbox 693 897 776 935; x_wconf 90' lang='lat' dir='ltr'>fore</span> <span class='ocrx_word' id='word_1_97' title='bbox 804 898 980 950; x_wconf 86' lang='lat' dir='ltr'>putabat.</span> <span class='ocrx_word' id='word_1_98' title='bbox 1028 899 1161 949; x_wconf 87' lang='lat' dir='ltr'>Atque</span> <span class='ocrx_word' id='word_1_99' title='bbox 1195 898 1255 936; x_wconf 92' lang='lat' dir='ltr'>illi</span> <span class='ocrx_word' id='word_1_100' title='bbox 1286 898 1452 937; x_wconf 87' lang='lat' dir='ltr'>artifices</span> <span class='ocrx_word' id='word_1_101' title='bbox 1481 902 1655 952; x_wconf 85' lang='lat' dir='ltr'>corporis</span> <span class='ocrx_word' id='word_1_102' title='bbox 1684 902 1804 940; x_wconf 86' lang='lat' dir='ltr'>fimu-</span> 
     </span>
     <span class='ocr_line' id='line_1_12' title="bbox 413 962 1806 1015; baseline 0.004 -15"><span class='ocrx_word' id='word_1_103' title='bbox 413 962 517 1000; x_wconf 89' lang='lat' dir='ltr'>lacra</span> <span class='ocrx_word' id='word_1_104' title='bbox 545 964 692 1015; x_wconf 89' lang='lat' dir='ltr'>ignotis</span> <span class='ocrx_word' id='word_1_105' title='bbox 720 974 812 1000; x_wconf 91' lang='lat' dir='ltr'>nota</span> <span class='ocrx_word' id='word_1_106' title='bbox 837 963 1034 1001; x_wconf 85' lang='lat' dir='ltr'>faciebant</span> <span class='ocrx_word' id='word_1_107' title='bbox 1054 979 1061 1002; x_wconf 91' lang='lat'>:</span> <span class='ocrx_word' id='word_1_108' title='bbox 1095 977 1181 1015; x_wconf 80' lang='lat' dir='ltr'>quae</span> <span class='ocrx_word' id='word_1_109' title='bbox 1203 964 1263 1002; x_wconf 89' lang='lat' dir='ltr'>vel</span> <span class='ocrx_word' id='word_1_110' title='bbox 1285 965 1310 1002; x_wconf 81' lang='lat' dir='ltr'>sl</span> <span class='ocrx_word' id='word_1_111' title='bbox 1334 965 1442 1002; x_wconf 90' lang='lat' dir='ltr'>nulla</span> <span class='ocrx_word' id='word_1_112' title='bbox 1463 966 1550 1011; x_wconf 84' lang='lat' dir='ltr'>fint,</span> <span class='ocrx_word' id='word_1_113' title='bbox 1583 966 1710 1005; x_wconf 87' lang='lat' dir='ltr'>nihilo</span> <span class='ocrx_word' id='word_1_114' title='bbox 1733 969 1806 1006; x_wconf 82' lang='lat' dir='ltr'>sint</span> 
     </span>
     <span class='ocr_line' id='line_1_13' title="bbox 415 1029 1805 1086; baseline 0.005 -20"><span class='ocrx_word' id='word_1_115' title='bbox 415 1037 546 1066; x_wconf 88' lang='lat' dir='ltr'>tamen</span> <span class='ocrx_word' id='word_1_116' title='bbox 562 1029 804 1067; x_wconf 87' lang='lat' dir='ltr'>obscuriores</span> <span class='ocrx_word' id='word_1_117' title='bbox 821 1029 915 1067; x_wconf 85' lang='lat' dir='ltr'>clari</span> <span class='ocrx_word' id='word_1_118' title='bbox 936 1030 1024 1068; x_wconf 91' lang='lat' dir='ltr'>viri.</span> <span class='ocrx_word' id='word_1_119' title='bbox 1058 1031 1145 1068; x_wconf 91' lang='lat' dir='ltr'>Nec</span> <span class='ocrx_word' id='word_1_120' title='bbox 1162 1031 1294 1068; x_wconf 85' lang='lat' dir='ltr'>minus</span> <span class='ocrx_word' id='word_1_121' title='bbox 1311 1031 1363 1068; x_wconf 89' lang='lat' dir='ltr'>est</span> <span class='ocrx_word' id='word_1_122' title='bbox 1381 1032 1587 1084; x_wconf 79' lang='lat' dir='ltr'>Spartiates</span> <span class='ocrx_word' id='word_1_123' title='bbox 1606 1034 1805 1086; x_wconf 79' lang='lat' dir='ltr'>Agesilaus</span> 
     </span>
     <span class='ocr_line' id='line_1_14' title="bbox 414 1094 1806 1152; baseline 0.005 -21"><span class='ocrx_word' id='word_1_124' title='bbox 414 1095 483 1132; x_wconf 89' lang='lat' dir='ltr'>ille</span> <span class='ocrx_word' id='word_1_125' title='bbox 513 1094 793 1147; x_wconf 87' lang='lat' dir='ltr'>perhibendus,</span> <span class='ocrx_word' id='word_1_126' title='bbox 825 1096 895 1148; x_wconf 91' lang='lat' dir='ltr'>qui</span> <span class='ocrx_word' id='word_1_127' title='bbox 916 1109 1042 1147; x_wconf 89' lang='lat' dir='ltr'>neque</span> <span class='ocrx_word' id='word_1_128' title='bbox 1064 1097 1223 1148; x_wconf 62' lang='lat' dir='ltr'>pictam,</span> <span class='ocrx_word' id='word_1_129' title='bbox 1256 1111 1383 1148; x_wconf 88' lang='lat' dir='ltr'>neque</span> <span class='ocrx_word' id='word_1_130' title='bbox 1413 1097 1558 1142; x_wconf 62' lang='lat' dir='ltr'>fictam,</span> <span class='ocrx_word' id='word_1_131' title='bbox 1590 1099 1806 1152; x_wconf 85' lang='lat' dir='ltr'>imaginem</span> 
     </span>
     <span class='ocr_line' id='line_1_15' title="bbox 414 1159 1805 1213; baseline 0.005 -17"><span class='ocrx_word' id='word_1_132' title='bbox 414 1159 521 1197; x_wconf 86' lang='lat' dir='ltr'>suam</span> <span class='ocrx_word' id='word_1_133' title='bbox 545 1159 666 1211; x_wconf 84' lang='lat' dir='ltr'>paffus</span> <span class='ocrx_word' id='word_1_134' title='bbox 689 1160 741 1197; x_wconf 86' lang='lat' dir='ltr'>est</span> <span class='ocrx_word' id='word_1_135' title='bbox 762 1160 848 1205; x_wconf 81' lang='lat' dir='ltr'>effe,</span> <span class='ocrx_word' id='word_1_136' title='bbox 880 1174 999 1212; x_wconf 88' lang='lat' dir='ltr'>quam</span> <span class='ocrx_word' id='word_1_137' title='bbox 1026 1161 1094 1213; x_wconf 88' lang='lat' dir='ltr'>qui</span> <span class='ocrx_word' id='word_1_138' title='bbox 1123 1161 1163 1199; x_wconf 87' lang='lat' dir='ltr'>in</span> <span class='ocrx_word' id='word_1_139' title='bbox 1191 1175 1236 1199; x_wconf 92' lang='lat' dir='ltr'>eo</span> <span class='ocrx_word' id='word_1_140' title='bbox 1257 1175 1395 1213; x_wconf 85' lang='lat' dir='ltr'>genere</span> <span class='ocrx_word' id='word_1_141' title='bbox 1417 1163 1671 1210; x_wconf 82' lang='lat' dir='ltr'>laborarunt;</span> <span class='ocrx_word' id='word_1_142' title='bbox 1704 1180 1805 1204; x_wconf 89' lang='lat' dir='ltr'>unus</span> 
     </span>
     <span class='ocr_line' id='line_1_16' title="bbox 415 1224 1804 1278; baseline 0.006 -16"><span class='ocrx_word' id='word_1_143' title='bbox 415 1226 523 1262; x_wconf 89' lang='lat' dir='ltr'>enim</span> <span class='ocrx_word' id='word_1_144' title='bbox 551 1224 830 1277; x_wconf 88' lang='lat' dir='ltr'>Xenophontis</span> <span class='ocrx_word' id='word_1_145' title='bbox 859 1226 1018 1264; x_wconf 86' lang='lat' dir='ltr'>libellus</span> <span class='ocrx_word' id='word_1_146' title='bbox 1046 1227 1086 1264; x_wconf 91' lang='lat' dir='ltr'>in</span> <span class='ocrx_word' id='word_1_147' title='bbox 1114 1241 1159 1265; x_wconf 88' lang='lat' dir='ltr'>eo</span> <span class='ocrx_word' id='word_1_148' title='bbox 1187 1241 1274 1278; x_wconf 86' lang='lat' dir='ltr'>rege</span> <span class='ocrx_word' id='word_1_149' title='bbox 1306 1228 1499 1266; x_wconf 86' lang='lat' dir='ltr'>laudando</span> <span class='ocrx_word' id='word_1_150' title='bbox 1526 1229 1642 1268; x_wconf 84' lang='lat' dir='ltr'>facile</span> <span class='ocrx_word' id='word_1_151' title='bbox 1669 1244 1804 1270; x_wconf 83' lang='lat' dir='ltr'>omnes</span> 
     </span>
     <span class='ocr_line' id='line_1_17' title="bbox 413 1291 1805 1348; baseline 0.005 -20"><span class='ocrx_word' id='word_1_152' title='bbox 413 1291 605 1343; x_wconf 83' lang='lat' dir='ltr'>imagines</span> <span class='ocrx_word' id='word_1_153' title='bbox 627 1293 810 1329; x_wconf 88' lang='lat' dir='ltr'>omnium</span> <span class='ocrx_word' id='word_1_154' title='bbox 831 1291 1047 1345; x_wconf 88' lang='lat' dir='ltr'>statuasque</span> <span class='ocrx_word' id='word_1_155' title='bbox 1069 1292 1276 1344; x_wconf 86' lang='lat' dir='ltr'>superavit.</span> <span class='ocrx_word' id='word_1_156' title='bbox 1314 1295 1446 1346; x_wconf 88' lang='lat' dir='ltr'>Atque</span> <span class='ocrx_word' id='word_1_157' title='bbox 1467 1294 1543 1333; x_wconf 89' lang='lat' dir='ltr'>hoc</span> <span class='ocrx_word' id='word_1_158' title='bbox 1565 1296 1805 1348; x_wconf 68' lang='lat' dir='ltr'>praestantius</span> 
     </span>
     <span class='ocr_line' id='line_1_18' title="bbox 412 1357 1804 1414; baseline 0.005 -19"><span class='ocrx_word' id='word_1_159' title='bbox 412 1357 515 1396; x_wconf 88' lang='lat' dir='ltr'>mihi</span> <span class='ocrx_word' id='word_1_160' title='bbox 536 1357 671 1402; x_wconf 91' lang='lat' dir='ltr'>fuerit,</span> <span class='ocrx_word' id='word_1_161' title='bbox 703 1367 740 1395; x_wconf 89' lang='lat' dir='ltr'>et</span> <span class='ocrx_word' id='word_1_162' title='bbox 767 1357 813 1395; x_wconf 88' lang='lat' dir='ltr'>ad</span> <span class='ocrx_word' id='word_1_163' title='bbox 841 1358 1019 1396; x_wconf 81' lang='lat' dir='ltr'>laetitiam</span> <span class='ocrx_word' id='word_1_164' title='bbox 1045 1359 1168 1396; x_wconf 85' lang='lat' dir='ltr'>animi</span> <span class='ocrx_word' id='word_1_165' title='bbox 1195 1369 1233 1396; x_wconf 93' lang='lat' dir='ltr'>et</span> <span class='ocrx_word' id='word_1_166' title='bbox 1260 1359 1306 1396; x_wconf 88' lang='lat' dir='ltr'>ad</span> <span class='ocrx_word' id='word_1_167' title='bbox 1336 1363 1534 1399; x_wconf 80' lang='lat' dir='ltr'>memoriae</span> <span class='ocrx_word' id='word_1_168' title='bbox 1556 1363 1804 1414; x_wconf 87' lang='lat' dir='ltr'>dignitatem,</span> 
     </span>
     <span class='ocr_line' id='line_1_19' title="bbox 414 1424 1805 1481; baseline 0.005 -20"><span class='ocrx_word' id='word_1_169' title='bbox 414 1424 440 1462; x_wconf 84' lang='lat' dir='ltr'><strong>fi</strong></span> <span class='ocrx_word' id='word_1_170' title='bbox 462 1424 501 1461; x_wconf 91' lang='lat' dir='ltr'>in</span> <span class='ocrx_word' id='word_1_171' title='bbox 525 1433 591 1461; x_wconf 86' lang='lat' dir='ltr'>tua</span> <span class='ocrx_word' id='word_1_172' title='bbox 612 1424 753 1477; x_wconf 86' lang='lat' dir='ltr'>scripta</span> <span class='ocrx_word' id='word_1_173' title='bbox 775 1437 998 1476; x_wconf 86' lang='lat' dir='ltr'>pervenero,</span> <span class='ocrx_word' id='word_1_174' title='bbox 1031 1439 1150 1477; x_wconf 87' lang='lat' dir='ltr'>quam</span> <span class='ocrx_word' id='word_1_175' title='bbox 1178 1425 1204 1463; x_wconf 90' lang='lat' dir='ltr'><strong>fi</strong></span> <span class='ocrx_word' id='word_1_176' title='bbox 1232 1426 1272 1462; x_wconf 90' lang='lat' dir='ltr'>in</span> <span class='ocrx_word' id='word_1_177' title='bbox 1302 1436 1560 1473; x_wconf 58' lang='lat' dir='ltr'>cancrorum,</span> <span class='ocrx_word' id='word_1_178' title='bbox 1592 1430 1700 1481; x_wconf 87' lang='lat' dir='ltr'>quod</span> <span class='ocrx_word' id='word_1_179' title='bbox 1727 1445 1805 1468; x_wconf 83' lang='lat' dir='ltr'>non</span> 
     </span>
     <span class='ocr_line' id='line_1_20' title="bbox 413 1489 1804 1543; baseline 0.005 -16"><span class='ocrx_word' id='word_1_180' title='bbox 413 1491 620 1542; x_wconf 84' lang='lat' dir='ltr'>ingenium</span> <span class='ocrx_word' id='word_1_181' title='bbox 642 1489 743 1528; x_wconf 89' lang='lat' dir='ltr'>mihi</span> <span class='ocrx_word' id='word_1_182' title='bbox 766 1490 893 1528; x_wconf 89' lang='lat' dir='ltr'>solum</span> <span class='ocrx_word' id='word_1_183' title='bbox 915 1490 1208 1543; x_wconf 85' lang='lat' dir='ltr'>suppeditatum</span> <span class='ocrx_word' id='word_1_184' title='bbox 1230 1491 1350 1529; x_wconf 86' lang='lat' dir='ltr'>fuerit</span> <span class='ocrx_word' id='word_1_185' title='bbox 1378 1503 1507 1538; x_wconf 89' lang='lat' dir='ltr'>tuum,</span> <span class='ocrx_word' id='word_1_186' title='bbox 1541 1495 1636 1532; x_wconf 89' lang='lat' dir='ltr'>ficut</span> <span class='ocrx_word' id='word_1_187' title='bbox 1658 1497 1804 1534; x_wconf 89' lang='lat' dir='ltr'>Timo-</span> 
     </span>
     <span class='ocr_line' id='line_1_21' title="bbox 413 1556 1805 1603; baseline 0.005 -10"><span class='ocrx_word' id='word_1_188' title='bbox 413 1556 538 1594; x_wconf 89' lang='lat' dir='ltr'>leonti</span> <span class='ocrx_word' id='word_1_189' title='bbox 559 1570 579 1593; x_wconf 88' lang='lat' dir='ltr'>a</span> <span class='ocrx_word' id='word_1_190' title='bbox 599 1558 770 1601; x_wconf 79' lang='lat' dir='ltr'>Timaeo,</span> <span class='ocrx_word' id='word_1_191' title='bbox 789 1565 854 1594; x_wconf 83' lang='lat' dir='ltr'>aut</span> <span class='ocrx_word' id='word_1_192' title='bbox 875 1556 922 1594; x_wconf 87' lang='lat' dir='ltr'>ab</span> <span class='ocrx_word' id='word_1_193' title='bbox 945 1557 1153 1595; x_wconf 85' lang='lat' dir='ltr'>Herodoto</span> <span class='ocrx_word' id='word_1_194' title='bbox 1175 1556 1464 1603; x_wconf 86' lang='lat' dir='ltr'>Themistocli;</span> <span class='ocrx_word' id='word_1_195' title='bbox 1491 1559 1551 1597; x_wconf 73' lang='lat' dir='ltr'>scd</span> <span class='ocrx_word' id='word_1_196' title='bbox 1573 1562 1689 1599; x_wconf 86' lang='lat' dir='ltr'>etiam</span> <span class='ocrx_word' id='word_1_197' title='bbox 1711 1576 1805 1600; x_wconf 87' lang='lat' dir='ltr'>auc-</span> 
     </span>
     <span class='ocr_line' id='line_1_22' title="bbox 415 1622 1805 1676; baseline 0.005 -17"><span class='ocrx_word' id='word_1_198' title='bbox 415 1623 549 1660; x_wconf 86' lang='lat' dir='ltr'>toritas</span> <span class='ocrx_word' id='word_1_199' title='bbox 571 1622 768 1660; x_wconf 84' lang='lat' dir='ltr'>clariffimi</span> <span class='ocrx_word' id='word_1_200' title='bbox 789 1632 827 1659; x_wconf 85' lang='lat' dir='ltr'>ct</span> <span class='ocrx_word' id='word_1_201' title='bbox 848 1622 1110 1674; x_wconf 55' lang='lat' dir='ltr'>spectatissimi</span> <span class='ocrx_word' id='word_1_202' title='bbox 1131 1623 1219 1667; x_wconf 88' lang='lat' dir='ltr'>viri,</span> <span class='ocrx_word' id='word_1_203' title='bbox 1251 1632 1289 1661; x_wconf 86' lang='lat' dir='ltr'>et</span> <span class='ocrx_word' id='word_1_204' title='bbox 1310 1625 1349 1662; x_wconf 90' lang='lat' dir='ltr'>in</span> <span class='ocrx_word' id='word_1_205' title='bbox 1373 1626 1600 1676; x_wconf 50' lang='lat' dir='ltr'>reipublica*</span> <span class='ocrx_word' id='word_1_206' title='bbox 1621 1629 1805 1666; x_wconf 77' lang='lat' dir='ltr'>maximis</span> 
     </span>
     <span class='ocr_line' id='line_1_23' title="bbox 413 1687 1806 1742; baseline 0.005 -18"><span class='ocrx_word' id='word_1_207' title='bbox 413 1687 720 1740; x_wconf 67' lang='lat' dir='ltr'>gravissimisque</span> <span class='ocrx_word' id='word_1_208' title='bbox 741 1688 860 1725; x_wconf 82' lang='lat' dir='ltr'>Causls</span> <span class='ocrx_word' id='word_1_209' title='bbox 883 1689 1034 1739; x_wconf 84' lang='lat' dir='ltr'>cogniti</span> <span class='ocrx_word' id='word_1_210' title='bbox 1056 1698 1172 1741; x_wconf 80' lang='lat' dir='ltr'>atque</span> <span class='ocrx_word' id='word_1_211' title='bbox 1194 1690 1233 1726; x_wconf 88' lang='lat' dir='ltr'>in</span> <span class='ocrx_word' id='word_1_212' title='bbox 1255 1690 1395 1741; x_wconf 83' lang='lat' dir='ltr'>primis</span> <span class='ocrx_word' id='word_1_213' title='bbox 1418 1691 1569 1742; x_wconf 82' lang='lat' dir='ltr'>probati</span> <span class='ocrx_word' id='word_1_214' title='bbox 1590 1711 1599 1735; x_wconf 86' lang='lat'>;</span> <span class='ocrx_word' id='word_1_215' title='bbox 1634 1702 1676 1729; x_wconf 88' lang='lat' dir='ltr'>ut</span> <span class='ocrx_word' id='word_1_216' title='bbox 1705 1694 1806 1731; x_wconf 85' lang='lat' dir='ltr'>mihi</span> 
     </span>
     <span class='ocr_line' id='line_1_24' title="bbox 414 1753 1804 1806; baseline 0.005 -16"><span class='ocrx_word' id='word_1_217' title='bbox 414 1767 493 1791; x_wconf 87' lang='lat' dir='ltr'>non</span> <span class='ocrx_word' id='word_1_218' title='bbox 515 1753 641 1791; x_wconf 88' lang='lat' dir='ltr'>solum</span> <span class='ocrx_word' id='word_1_219' title='bbox 662 1754 919 1805; x_wconf 73' lang='lat' dir='ltr'>praeconium,</span> <span class='ocrx_word' id='word_1_220' title='bbox 939 1754 1059 1805; x_wconf 82' lang='lat' dir='ltr'>quod,</span> <span class='ocrx_word' id='word_1_221' title='bbox 1083 1768 1175 1792; x_wconf 88' lang='lat' dir='ltr'>cum</span> <span class='ocrx_word' id='word_1_222' title='bbox 1197 1755 1237 1792; x_wconf 87' lang='lat' dir='ltr'>in</span> <span class='ocrx_word' id='word_1_223' title='bbox 1260 1756 1428 1806; x_wconf 81' lang='lat' dir='ltr'>Sigaeum</span> <span class='ocrx_word' id='word_1_224' title='bbox 1450 1757 1606 1795; x_wconf 75' lang='lat' dir='ltr'>venifl&#39;et</span> <span class='ocrx_word' id='word_1_225' title='bbox 1630 1759 1804 1798; x_wconf 83' lang='lat' dir='ltr'>Alexan-</span> 
     </span>
     <span class='ocr_line' id='line_1_25' title="bbox 413 1819 1805 1876; baseline 0.005 -21"><span class='ocrx_word' id='word_1_226' title='bbox 413 1819 494 1863; x_wconf 85' lang='lat' dir='ltr'>der,</span> <span class='ocrx_word' id='word_1_227' title='bbox 527 1819 573 1856; x_wconf 87' lang='lat' dir='ltr'>ab</span> <span class='ocrx_word' id='word_1_228' title='bbox 596 1820 776 1857; x_wconf 89' lang='lat' dir='ltr'>Homero</span> <span class='ocrx_word' id='word_1_229' title='bbox 798 1819 950 1856; x_wconf 86' lang='lat' dir='ltr'>Achilli</span> <span class='ocrx_word' id='word_1_230' title='bbox 978 1820 1174 1858; x_wconf 88' lang='lat' dir='ltr'>tributum</span> <span class='ocrx_word' id='word_1_231' title='bbox 1196 1820 1267 1857; x_wconf 80' lang='lat' dir='ltr'>effe</span> <span class='ocrx_word' id='word_1_232' title='bbox 1295 1821 1424 1866; x_wconf 81' lang='lat' dir='ltr'>dixit;</span> <span class='ocrx_word' id='word_1_233' title='bbox 1456 1822 1520 1859; x_wconf 92' lang='lat' dir='ltr'>sed</span> <span class='ocrx_word' id='word_1_234' title='bbox 1547 1824 1664 1861; x_wconf 75' lang='lat' dir='ltr'>etiam</span> <span class='ocrx_word' id='word_1_235' title='bbox 1692 1839 1805 1876; x_wconf 81' lang='lat' dir='ltr'>grave</span> 
     </span>
     <span class='ocr_line' id='line_1_26' title="bbox 413 1884 1805 1940; baseline 0.005 -18"><span class='ocrx_word' id='word_1_236' title='bbox 413 1884 683 1922; x_wconf 83' lang='lat' dir='ltr'>testimonium</span> <span class='ocrx_word' id='word_1_237' title='bbox 701 1886 950 1937; x_wconf 81' lang='lat' dir='ltr'>impertitum</span> <span class='ocrx_word' id='word_1_238' title='bbox 968 1886 1061 1924; x_wconf 84' lang='lat' dir='ltr'>clari</span> <span class='ocrx_word' id='word_1_239' title='bbox 1079 1885 1253 1924; x_wconf 87' lang='lat' dir='ltr'>hominis</span> <span class='ocrx_word' id='word_1_240' title='bbox 1272 1888 1483 1940; x_wconf 82' lang='lat' dir='ltr'>magnique</span> <span class='ocrx_word' id='word_1_241' title='bbox 1500 1889 1688 1929; x_wconf 83' lang='lat' dir='ltr'>videatur.</span> <span class='ocrx_word' id='word_1_242' title='bbox 1714 1892 1805 1929; x_wconf 82' lang='lat' dir='ltr'>Pla-</span> 
     </span>
     <span class='ocr_line' id='line_1_27' title="bbox 414 1951 1805 2004; baseline 0.005 -16"><span class='ocrx_word' id='word_1_243' title='bbox 414 1960 475 1988; x_wconf 89' lang='lat' dir='ltr'>cet</span> <span class='ocrx_word' id='word_1_244' title='bbox 492 1953 599 1988; x_wconf 89' lang='lat' dir='ltr'>enim</span> <span class='ocrx_word' id='word_1_245' title='bbox 615 1952 766 1989; x_wconf 54' lang='lat' dir='ltr'>Hester</span> <span class='ocrx_word' id='word_1_246' title='bbox 782 1951 850 1989; x_wconf 87' lang='lat' dir='ltr'>ille</span> <span class='ocrx_word' id='word_1_247' title='bbox 866 1951 968 1989; x_wconf 83' lang='lat' dir='ltr'>mihi</span> <span class='ocrx_word' id='word_1_248' title='bbox 991 1953 1219 1997; x_wconf 61' lang='lat' dir='ltr'>Naevianus,</span> <span class='ocrx_word' id='word_1_249' title='bbox 1237 1953 1306 2004; x_wconf 92' lang='lat' dir='ltr'>qui</span> <span class='ocrx_word' id='word_1_250' title='bbox 1328 1967 1407 1991; x_wconf 89' lang='lat' dir='ltr'>non</span> <span class='ocrx_word' id='word_1_251' title='bbox 1430 1963 1584 1993; x_wconf 89' lang='lat' dir='ltr'>tantum</span> <span class='ocrx_word' id='word_1_252' title='bbox 1606 1956 1753 1995; x_wconf 86' lang='lat' dir='ltr'>laudari</span> <span class='ocrx_word' id='word_1_253' title='bbox 1770 1959 1805 1996; x_wconf 87' lang='lat' dir='ltr'>se</span> 
     </span>
     <span class='ocr_line' id='line_1_28' title="bbox 413 2017 1803 2072; baseline 0.006 -18"><span class='ocrx_word' id='word_1_254' title='bbox 413 2017 578 2062; x_wconf 88' lang='lat' dir='ltr'>laetatur,</span> <span class='ocrx_word' id='word_1_255' title='bbox 610 2017 673 2054; x_wconf 90' lang='lat' dir='ltr'>sed</span> <span class='ocrx_word' id='word_1_256' title='bbox 693 2018 801 2055; x_wconf 89' lang='lat' dir='ltr'>addit</span> <span class='ocrx_word' id='word_1_257' title='bbox 821 2019 955 2063; x_wconf 88' lang='lat' dir='ltr'>etiam,</span> <span class='ocrx_word' id='word_1_258' title='bbox 986 2033 1008 2055; x_wconf 77' lang='lat' dir='ltr'>a</span> <span class='ocrx_word' id='word_1_259' title='bbox 1027 2018 1173 2057; x_wconf 80' lang='lat' dir='ltr'>laudato</span> <span class='ocrx_word' id='word_1_260' title='bbox 1198 2019 1293 2057; x_wconf 80' lang='lat' dir='ltr'>viro.</span> <span class='ocrx_word' id='word_1_261' title='bbox 1337 2021 1457 2072; x_wconf 83' lang='lat' dir='ltr'>Qod</span> <span class='ocrx_word' id='word_1_262' title='bbox 1478 2021 1503 2058; x_wconf 88' lang='lat' dir='ltr'><strong>fi</strong></span> <span class='ocrx_word' id='word_1_263' title='bbox 1526 2035 1544 2058; x_wconf 83' lang='lat' dir='ltr'>a</span> <span class='ocrx_word' id='word_1_264' title='bbox 1567 2032 1603 2060; x_wconf 89' lang='lat' dir='ltr'>te</span> <span class='ocrx_word' id='word_1_265' title='bbox 1625 2036 1702 2060; x_wconf 83' lang='lat' dir='ltr'>non</span> <span class='ocrx_word' id='word_1_266' title='bbox 1725 2025 1803 2062; x_wconf 86' lang='lat' dir='ltr'>im-</span> 
     </span>
     <span class='ocr_line' id='line_1_29' title="bbox 413 2082 1805 2138; baseline 0.006 -19"><span class='ocrx_word' id='word_1_267' title='bbox 413 2092 539 2134; x_wconf 87' lang='lat' dir='ltr'>petro,</span> <span class='ocrx_word' id='word_1_268' title='bbox 570 2082 647 2120; x_wconf 92' lang='lat' dir='ltr'>hoc</span> <span class='ocrx_word' id='word_1_269' title='bbox 668 2083 735 2128; x_wconf 84' lang='lat' dir='ltr'>est,</span> <span class='ocrx_word' id='word_1_270' title='bbox 767 2084 793 2121; x_wconf 87' lang='lat' dir='ltr'>fi</span> <span class='ocrx_word' id='word_1_271' title='bbox 822 2098 907 2136; x_wconf 86' lang='lat' dir='ltr'>quae</span> <span class='ocrx_word' id='word_1_272' title='bbox 936 2094 973 2122; x_wconf 91' lang='lat' dir='ltr'>te</span> <span class='ocrx_word' id='word_1_273' title='bbox 1001 2099 1058 2122; x_wconf 86' lang='lat' dir='ltr'>res</span> <span class='ocrx_word' id='word_1_274' title='bbox 1086 2085 1326 2137; x_wconf 88' lang='lat' dir='ltr'>impedierit,</span> <span class='ocrx_word' id='word_1_275' title='bbox 1362 2089 1507 2138; x_wconf 87' lang='lat' dir='ltr'>(neque</span> <span class='ocrx_word' id='word_1_276' title='bbox 1527 2089 1633 2126; x_wconf 87' lang='lat' dir='ltr'>enim</span> <span class='ocrx_word' id='word_1_277' title='bbox 1656 2088 1711 2127; x_wconf 79' lang='lat' dir='ltr'>fas</span> <span class='ocrx_word' id='word_1_278' title='bbox 1733 2092 1805 2128; x_wconf 79' lang='lat' dir='ltr'>effe</span> 
     </span>
     <span class='ocr_line' id='line_1_30' title="bbox 413 2148 1805 2208; baseline 0.007 -24"><span class='ocrx_word' id='word_1_279' title='bbox 413 2148 595 2193; x_wconf 88' lang='lat' dir='ltr'>arbitror,</span> <span class='ocrx_word' id='word_1_280' title='bbox 627 2149 845 2201; x_wconf 85' lang='lat' dir='ltr'>quidquam</span> <span class='ocrx_word' id='word_1_281' title='bbox 867 2163 931 2187; x_wconf 88' lang='lat' dir='ltr'>me</span> <span class='ocrx_word' id='word_1_282' title='bbox 951 2160 1154 2202; x_wconf 82' lang='lat' dir='ltr'>rogantem</span> <span class='ocrx_word' id='word_1_283' title='bbox 1176 2151 1243 2189; x_wconf 87' lang='lat' dir='ltr'>abs</span> <span class='ocrx_word' id='word_1_284' title='bbox 1273 2161 1309 2189; x_wconf 90' lang='lat' dir='ltr'>te</span> <span class='ocrx_word' id='word_1_285' title='bbox 1332 2158 1410 2190; x_wconf 81' lang='lat' dir='ltr'>non</span> <span class='ocrx_word' id='word_1_286' title='bbox 1439 2154 1664 2206; x_wconf 82' lang='lat' dir='ltr'>impetrare)</span> <span class='ocrx_word' id='word_1_287' title='bbox 1690 2170 1805 2208; x_wconf 80' lang='lat' dir='ltr'>cogar</span> 
     </span>
     <span class='ocr_line' id='line_1_31' title="bbox 412 2213 1805 2275; baseline 0.006 -24"><span class='ocrx_word' id='word_1_288' title='bbox 412 2213 564 2252; x_wconf 84' lang='lat' dir='ltr'>fortaffe</span> <span class='ocrx_word' id='word_1_289' title='bbox 585 2213 725 2259; x_wconf 80' lang='lat' dir='ltr'>facere,</span> <span class='ocrx_word' id='word_1_290' title='bbox 748 2215 854 2266; x_wconf 92' lang='lat' dir='ltr'>quod</span> <span class='ocrx_word' id='word_1_291' title='bbox 876 2216 1059 2254; x_wconf 86' lang='lat' dir='ltr'>nonnulli</span> <span class='ocrx_word' id='word_1_292' title='bbox 1081 2217 1176 2269; x_wconf 81' lang='lat' dir='ltr'>saepe</span> <span class='ocrx_word' id='word_1_293' title='bbox 1197 2217 1513 2269; x_wconf 84' lang='lat' dir='ltr'>reprehendunt;</span> <span class='ocrx_word' id='word_1_294' title='bbox 1539 2220 1703 2259; x_wconf 87' lang='lat' dir='ltr'>scribam</span> <span class='ocrx_word' id='word_1_295' title='bbox 1726 2224 1805 2275; x_wconf 84' lang='lat' dir='ltr'>ipse</span> 
     </span>
     <span class='ocr_line' id='line_1_32' title="bbox 413 2279 1801 2334; baseline 0.006 -18"><span class='ocrx_word' id='word_1_296' title='bbox 413 2279 460 2317; x_wconf 91' lang='lat' dir='ltr'>de</span> <span class='ocrx_word' id='word_1_297' title='bbox 480 2293 544 2317; x_wconf 89' lang='lat' dir='ltr'>me</span> <span class='ocrx_word' id='word_1_298' title='bbox 562 2295 570 2317; x_wconf 75' lang='grc' dir='ltr'>ε</span> <span class='ocrx_word' id='word_1_299' title='bbox 603 2280 824 2318; x_wconf 88' lang='lat' dir='ltr'>multorum</span> <span class='ocrx_word' id='word_1_300' title='bbox 847 2290 976 2319; x_wconf 85' lang='lat' dir='ltr'>tamen</span> <span class='ocrx_word' id='word_1_301' title='bbox 998 2282 1181 2334; x_wconf 87' lang='lat' dir='ltr'>exemplo</span> <span class='ocrx_word' id='word_1_302' title='bbox 1201 2292 1240 2321; x_wconf 91' lang='lat' dir='ltr'>et</span> <span class='ocrx_word' id='word_1_303' title='bbox 1261 2284 1456 2322; x_wconf 89' lang='lat' dir='ltr'>clarorum</span> <span class='ocrx_word' id='word_1_304' title='bbox 1477 2286 1666 2324; x_wconf 86' lang='lat' dir='ltr'>virorum.</span> <span class='ocrx_word' id='word_1_305' title='bbox 1715 2289 1801 2334; x_wconf 85' lang='lat' dir='ltr'>Sed,</span> 
     </span>
     <span class='ocr_line' id='line_1_33' title="bbox 412 2345 1802 2401; baseline 0.007 -20"><span class='ocrx_word' id='word_1_306' title='bbox 412 2345 520 2397; x_wconf 86' lang='lat' dir='ltr'>quod</span> <span class='ocrx_word' id='word_1_307' title='bbox 548 2354 584 2382; x_wconf 92' lang='lat' dir='ltr'>te</span> <span class='ocrx_word' id='word_1_308' title='bbox 612 2359 690 2382; x_wconf 87' lang='lat' dir='ltr'>non</span> <span class='ocrx_word' id='word_1_309' title='bbox 715 2345 835 2398; x_wconf 85' lang='lat' dir='ltr'>fugit,</span> <span class='ocrx_word' id='word_1_310' title='bbox 866 2346 949 2385; x_wconf 85' lang='lat' dir='ltr'>haec</span> <span class='ocrx_word' id='word_1_311' title='bbox 970 2347 1059 2386; x_wconf 90' lang='lat' dir='ltr'>sunt</span> <span class='ocrx_word' id='word_1_312' title='bbox 1080 2348 1119 2385; x_wconf 91' lang='lat' dir='ltr'>in</span> <span class='ocrx_word' id='word_1_313' title='bbox 1142 2347 1220 2386; x_wconf 84' lang='lat' dir='ltr'>hoc</span> <span class='ocrx_word' id='word_1_314' title='bbox 1241 2363 1380 2401; x_wconf 87' lang='lat' dir='ltr'>genere</span> <span class='ocrx_word' id='word_1_315' title='bbox 1400 2351 1521 2390; x_wconf 84' lang='lat' dir='ltr'>vitia:</span> <span class='ocrx_word' id='word_1_316' title='bbox 1555 2362 1592 2390; x_wconf 89' lang='lat' dir='ltr'>et</span> <span class='ocrx_word' id='word_1_317' title='bbox 1613 2367 1802 2391; x_wconf 78' lang='lat' dir='ltr'>verecun-</span> 
     </span>
     <span class='ocr_line' id='line_1_34' title="bbox 413 2411 1803 2468; baseline 0.007 -21"><span class='ocrx_word' id='word_1_318' title='bbox 413 2411 499 2448; x_wconf 85' lang='lat' dir='ltr'>dius</span> <span class='ocrx_word' id='word_1_319' title='bbox 522 2411 590 2462; x_wconf 75' lang='lat' dir='ltr'>ipsi</span> <span class='ocrx_word' id='word_1_320' title='bbox 612 2411 659 2448; x_wconf 88' lang='lat' dir='ltr'>de</span> <span class='ocrx_word' id='word_1_321' title='bbox 679 2411 753 2449; x_wconf 88' lang='lat' dir='ltr'>sese</span> <span class='ocrx_word' id='word_1_322' title='bbox 774 2411 944 2451; x_wconf 89' lang='lat' dir='ltr'>scribant</span> <span class='ocrx_word' id='word_1_323' title='bbox 966 2413 1111 2451; x_wconf 84' lang='lat' dir='ltr'>neceffe</span> <span class='ocrx_word' id='word_1_324' title='bbox 1131 2413 1199 2459; x_wconf 91' lang='lat' dir='ltr'>est,</span> <span class='ocrx_word' id='word_1_325' title='bbox 1226 2415 1251 2452; x_wconf 91' lang='lat' dir='ltr'>fi</span> <span class='ocrx_word' id='word_1_326' title='bbox 1274 2416 1370 2468; x_wconf 89' lang='lat' dir='ltr'>quid</span> <span class='ocrx_word' id='word_1_327' title='bbox 1391 2416 1444 2454; x_wconf 88' lang='lat' dir='ltr'>est</span> <span class='ocrx_word' id='word_1_328' title='bbox 1465 2417 1731 2462; x_wconf 72' lang='lat' dir='ltr'>laudandum5</span> <span class='ocrx_word' id='word_1_329' title='bbox 1765 2430 1803 2457; x_wconf 83' lang='lat' dir='ltr'>et</span> 
     </span>
     <span class='ocr_line' id='line_1_35' title="bbox 410 2476 1804 2533; baseline 0.006 -20"><span class='ocrx_word' id='word_1_330' title='bbox 410 2484 654 2530; x_wconf 70' lang='lat' dir='ltr'>praetereant,</span> <span class='ocrx_word' id='word_1_331' title='bbox 690 2476 717 2514; x_wconf 88' lang='lat' dir='ltr'><strong>fi</strong></span> <span class='ocrx_word' id='word_1_332' title='bbox 750 2476 847 2530; x_wconf 89' lang='lat' dir='ltr'>quid</span> <span class='ocrx_word' id='word_1_333' title='bbox 878 2477 1245 2533; x_wconf 86' lang='lat' dir='ltr'>reprehendendum</span> <span class='ocrx_word' id='word_1_334' title='bbox 1276 2481 1343 2518; x_wconf 87' lang='lat' dir='ltr'>est.</span> <span class='ocrx_word' id='word_1_335' title='bbox 1389 2482 1557 2520; x_wconf 87' lang='lat' dir='ltr'>Accedit</span> <span class='ocrx_word' id='word_1_336' title='bbox 1588 2483 1720 2529; x_wconf 74' lang='lat' dir='ltr'>etiam,</span> <span class='ocrx_word' id='word_1_337' title='bbox 1759 2494 1804 2523; x_wconf 66' lang='lat' dir='ltr'>ut·</span> 
     </span>
    </p>
   </div>
  </div>
 </body>
</html>
