2351 2997
604 241 696 278 AD
754 237 1220 277 FAMILIARES
1280 241 1411 279 LIB.
1463 242 1557 280 XII.
1700 259 1775 298 307

395 338 660 390 consensuque
680 337 832 390 populi,
852 347 893 375 ut
914 336 1014 375 nihil
1036 351 1210 389 unquam
1232 338 1354 376 fimile
1375 339 1553 378 viderim.
1587 340 1632 378 Id
1654 341 1773 378 velim

397 402 497 439 mihi
519 402 707 454 ignoscas,
740 402 845 454 quod
866 403 988 440 invita
1008 402 1116 440 socru
1140 412 1205 440 tua
1233 402 1409 441 fecerim.
1456 405 1606 442 Mulier
1636 405 1775 442 timida

396 468 612 512 verebatur,
637 481 683 504 ne
705 467 833 505 Pansae
854 468 1005 505 animus
1027 467 1300 506 offenderetur.
1333 469 1379 506 In
1400 470 1590 507 concione
1611 470 1771 522 quidem

399 532 517 569 Pansa
537 532 651 577 dixit,
684 542 848 570 matrem
870 546 1027 584 quoque
1049 542 1156 569 tuam
1177 543 1215 570 et
1235 533 1394 571 fratrem
1416 534 1526 571 illam
1555 549 1575 572 a
1601 549 1663 572 me
1685 535 1770 572 sen-

396 599 559 635 tentiam
582 599 742 636 noluiffe
763 598 856 636 dici.
904 598 975 635 Sed
995 611 1058 635 me
1084 597 1167 635 haec
1188 612 1266 635 non
1288 599 1497 637 movebant
1515 615 1523 637 :
1556 601 1628 638 alia
1648 600 1770 638 male-

396 662 499 700 bam.
546 663 739 701 Favebam
764 673 801 700 et
823 663 1062 714 reipublicae,
1093 663 1158 699 cui
1179 662 1327 714 semper
1345 662 1438 707 favi,
1469 673 1507 701 et
1527 664 1708 716 dignitati
1729 678 1772 702 ac

393 728 526 778 gloriae
549 737 637 765 tuae.
685 727 804 778 Qod
825 736 954 764 autem
979 736 1017 764 et
1038 727 1078 763 in
1100 726 1230 764 senatu
1251 727 1431 779 pluribus
1452 728 1579 766 verbis
1601 729 1769 774 disserui,

393 802 431 829 et
453 792 534 829 dixi
556 793 595 829 in
617 793 820 836 concione,
853 792 893 829 in
914 805 958 829 eo
980 792 1097 829 velim
1119 791 1237 829 fidem
1259 806 1386 830 meam
1407 793 1561 831 liberes.
1608 795 1771 831 Promisi

394 858 516 902 enim,
547 867 584 895 et
605 871 725 909 prope
745 857 987 902 confirmavi,
1020 867 1057 895 te
1086 871 1165 894 non
1194 859 1417 910 expedtaffe,
1450 871 1520 896 nec
1545 861 1770 910 expectatu-

394 937 482 961 rum
503 923 654 960 decreta
675 923 825 967 nostra3
859 923 921 960 sed
948 932 985 960 te
1014 923 1142 975 ipsum
1170 932 1239 961 tuo
1268 938 1375 962 more
1395 925 1681 976 rempublicam
1703 925 1771 962 de-

392 987 617 1025 fensurum:
651 997 688 1024 et
709 1001 933 1040 quanquam
954 987 1054 1025 nihil
1076 988 1171 1025 dum
1193 988 1450 1034 audieramus,
1481 1002 1552 1027 nec
1575 989 1642 1026 ubi
1662 989 1768 1034 effes,

393 1066 464 1090 nec
486 1065 579 1104 quas
601 1053 729 1104 copias
752 1051 938 1097 habere53
973 1063 1100 1090 tamen
1122 1053 1172 1090 fic
1194 1053 1420 1099 statuebam,
1449 1067 1600 1098 omnes,
1623 1068 1708 1106 quae
1730 1055 1771 1092 in

393 1118 472 1155 istis
494 1118 669 1170 partibus
691 1117 809 1155 effent
830 1132 920 1170 opes
942 1119 1156 1170 copiaeque,
1181 1128 1262 1156 tuas
1284 1119 1382 1164 effe3
1415 1133 1483 1171 per
1504 1128 1619 1172 teque
1640 1121 1771 1158 Asiam

392 1184 633 1235 provinciam
663 1182 908 1222 confidebam
929 1185 1013 1236 jam
1039 1184 1266 1236 reipublicae
1296 1193 1574 1237 recuperatam.
1621 1187 1688 1223 Tu
1708 1184 1770 1223 fac

394 1249 433 1286 in
455 1248 627 1300 augenda
646 1248 770 1300 gloria
791 1258 826 1287 te
847 1249 976 1302 ipsum
997 1249 1141 1287 vincas.
1176 1249 1286 1288 Vale.

665 1449 729 1488 M.
762 1450 815 1487 T.
850 1450 898 1488 C.
932 1449 980 1488 C.
1014 1449 1250 1488 CAss10
1292 1450 1330 1489 S.
1362 1451 1408 1490 P.
1441 1451 1496 1490 D.

391 1578 507 1615 VIII.
529 1577 575 1648 S
588 1577 784 1615 CELUS
805 1575 930 1614 affinis
952 1577 1026 1622 tui,
1045 1577 1201 1630 Lepidi,
1220 1577 1493 1632 summamque
1512 1579 1712 1618 levitatem
1732 1589 1771 1619 et

606 1640 905 1679 inconstantiam
936 1655 984 1679 ex
1015 1642 1123 1687 actis,
1154 1656 1240 1694 quae
1269 1644 1315 1681 ad
1348 1653 1385 1682 te
1411 1645 1520 1683 mitti
1547 1654 1653 1683 certo
1674 1645 1768 1691 scio,

389 1707 568 1760 cognosse
589 1716 626 1745 te
646 1706 825 1744 arbitror.
864 1707 1000 1759 Itaque
1021 1720 1106 1752 nos,
1137 1706 1317 1745 confecto
1338 1709 1458 1754 bello,
1490 1718 1534 1748 ut
1553 1710 1768 1748 arbitraba-

388 1787 492 1818 mur,
537 1780 764 1810 renovatum
803 1771 955 1810 bellum
988 1773 1177 1824 gerimus,
1222 1773 1407 1826 spemque
1440 1788 1600 1813 omnem
1635 1776 1675 1812 in
1711 1777 1766 1814 D.

388 1840 511 1876 Bruto
539 1847 578 1876 et
608 1837 753 1875 Planco
781 1836 1000 1876 habemus:
1033 1838 1059 1876 fi
1089 1852 1226 1876 verum
1252 1841 1406 1891 quaeris,
1438 1840 1478 1877 in
1502 1849 1539 1878 te
1559 1841 1658 1878 etin
1679 1854 1769 1879 meo

386 1905 522 1949 Bruto,
555 1917 634 1941 non
655 1902 782 1940 solum
803 1902 849 1940 ad
869 1903 1032 1955 praesens
1052 1903 1296 1956 perfugium,
1328 1905 1354 1942 fi
1379 1905 1504 1958 (quod
1530 1905 1675 1956 nolim)
1698 1906 1768 1943 ad-

383 1969 477 2007 verfi
511 1969 607 2021 quid
641 1968 840 2014 acciderit,
877 1968 939 2006 sed
971 1969 1090 2007 etiam
1122 1969 1168 2007 ad
1199 1970 1542 2009 confirmationem
1575 1981 1769 2024 perpetuae

383 2034 591 2072 libertatis.
638 2034 724 2072 Nos
752 2032 818 2070 hic
843 2033 890 2071 de
911 2034 1121 2072 Dolabella
1140 2034 1408 2081 audiebamus,
1440 2050 1526 2088 quae
1547 2036 1765 2082 vellemus;

383 2099 447 2137 sed
467 2109 592 2138 certos
614 2101 786 2137 auctores
809 2113 886 2137 non
908 2099 1164 2139 habebamus.
1211 2102 1272 2139 Te
1299 2102 1461 2154 quidem
1481 2117 1671 2155 magnum
1692 2102 1767 2141 ho-

384 2165 549 2209 minem,
580 2173 619 2203 et
648 2164 825 2216 praesenti
848 2164 1019 2216 judicio,
1050 2174 1088 2203 et
1110 2166 1253 2218 reliqui
1274 2169 1463 2220 temporis
1485 2169 1767 2221 expectatione,

382 2229 480 2267 scito
506 2229 592 2268 effe.
640 2230 732 2267 Hoc
764 2229 839 2266 tibi
871 2231 1084 2283 proposito,
1115 2230 1177 2269 fac
1208 2241 1251 2269 ut
1282 2231 1328 2269 ad
1359 2233 1511 2271 summa
1540 2233 1766 2272 contendas.

384 2295 503 2334 Nihil
524 2295 577 2333 est
598 2304 766 2340 tantum,
798 2296 903 2347 quod
925 2310 1003 2335 non
1024 2298 1194 2350 populus
1217 2299 1420 2338 Romanus
1442 2313 1462 2337 a
1483 2309 1520 2338 te
1544 2300 1679 2353 perfici
1709 2309 1768 2338 at-

385 2375 462 2415 que
482 2362 652 2400 obtineri
673 2360 958 2414 poffejudicet.
991 2363 1102 2402 Vale.

1320 2561 1466 2610 (λίψ
