2351 2997
698 298 789 335 AD
848 296 1314 338 FAMILIARES
1375 301 1505 341 LIB.
1558 305 1629 342 VI.
1782 321 1853 361 137

472 392 657 431 Praeterea
676 394 780 432 cedit
800 396 1019 434 multorum
1040 396 1153 448 justis
1184 406 1222 435 et
1251 398 1382 437 officio
1412 402 1589 446 incenfis,
1622 417 1699 441 non
1721 406 1849 443 inani-

471 458 542 495 bus
564 468 629 496 aut
649 460 876 506 ambitiosis,
894 462 1164 501 voluntatibus
1184 479 1192 501 ;
1216 465 1257 501 in
1274 479 1353 517 quo
1370 465 1620 506 vehementer
1640 483 1729 507 eum
1752 485 1848 509 con—

468 521 635 559 sentiens
669 525 826 562 Etruria
856 527 1044 565 movebit.
1091 529 1173 565 Cur
1194 527 1275 567 haec
1306 530 1428 581 igitur
1448 531 1575 570 adhuc
1596 547 1732 585 parum
1755 549 1847 587 pro-

468 585 674 626 fecerunt?
707 591 812 641 Qia
839 604 916 628 non
944 601 1055 643 putat
1083 592 1118 629 se
1139 593 1319 631 sustinere
1340 596 1466 633 causas
1487 597 1591 648 poffe
1612 599 1845 645 multorum,

467 650 492 688 sl
516 652 604 697 tibi,
627 654 691 691 cui
707 655 848 706 justius
866 656 1018 694 videtur
1039 657 1148 694 irasci
1168 658 1284 709 poffe,
1303 661 1542 699 concesserit.
1576 665 1674 715 Qae
1695 665 1747 701 est
1767 666 1845 716 igi-

468 725 544 762 tur,
568 718 737 770 inquies,
770 720 850 772 spes
872 721 918 758 ab
943 722 1042 758 irato
1060 724 1072 759 ?
1106 723 1167 759 EX
1188 723 1325 760 eodem
1347 724 1456 762 fonte
1477 726 1512 763 se
1532 726 1760 767 hausturum
1782 731 1845 768 in-

466 782 612 834 telligit
632 784 762 821 laudes
785 785 882 830 suas,
901 800 920 822 e
941 800 1019 837 quo
1040 786 1085 824 s1t
1106 787 1242 825 leviter
1262 788 1471 841 adspersus.
1507 791 1705 830 Postremo
1725 794 1846 834 homo

465 846 573 883 valde
593 847 645 884 est
666 858 801 886 acutus
823 859 860 887 et
881 851 1056 888 multum
1078 852 1308 902 providens:
1339 854 1543 906 intelligit,
1568 866 1618 901 te,
1641 856 1845 898 hominem

463 911 504 947 in
525 921 632 963 parte
655 913 776 951 Italiae
797 915 962 953 minime
989 918 1276 954 contemnenda
1302 918 1417 956 facile
1444 921 1625 959 omnium
1652 924 1844 962 nobiliffi-

463 990 590 1023 mum,
609 980 702 1016 etin
720 982 924 1019 communi
940 983 1141 1033 republica
1157 984 1539 1024 cuivis-summorum
1558 997 1631 1025 tuae
1647 992 1768 1027 aetatis
1785 992 1845 1028 vel

463 1043 637 1095 ingenio,
659 1046 719 1082 vel
740 1047 876 1097 gratia,
899 1048 958 1085 vel
980 1047 1083 1086 fama
1104 1050 1241 1101 populi
1264 1052 1449 1096 Romani,
1472 1066 1618 1104 parem,
1642 1069 1720 1093 non
1742 1057 1845 1108 poffe

462 1108 669 1160 prohibere
690 1112 891 1163 republica
917 1113 1080 1152 diutius.
1128 1115 1267 1153 Nollet
1295 1116 1370 1154 hoc
1399 1120 1584 1170 temporis
1613 1122 1744 1172 potius
1771 1123 1843 1161 effe

461 1174 671 1227 aliquando
693 1176 944 1222 beneficium,
962 1192 1080 1230 quam
1095 1181 1178 1232 jam
1200 1180 1327 1220 suum.
1361 1183 1459 1220 Dixi
1480 1184 1527 1221 de
1548 1186 1713 1224 Caesare:
1737 1201 1843 1226 nunc

460 1239 589 1277 dicam
610 1241 656 1278 de
678 1251 902 1294 temporum
923 1258 1131 1297 rerumque
1147 1256 1295 1284 natura.
1330 1249 1461 1286 Nemo
1482 1250 1534 1287 est
1556 1260 1635 1288 tam
1656 1252 1842 1292 inimicus

459 1305 494 1341 ei
516 1306 648 1351 causae,
671 1320 788 1358 quam
812 1309 1021 1362 Pompeius
1042 1311 1235 1349 animatus
1257 1313 1412 1359 melius,
1430 1328 1547 1366 quam
1569 1326 1737 1368 paratus,
1759 1318 1840 1357 sus-

459 1381 626 1423 ceperat,
659 1374 725 1424 qui
759 1387 828 1411 nos
858 1376 981 1413 malos
1011 1377 1114 1414 cives
1145 1377 1286 1423 dicere,
1318 1389 1383 1417 aut
1412 1378 1592 1420 homines
1621 1384 1839 1436 improbos,

458 1437 609 1476 audeat.
656 1439 701 1476 In
730 1453 810 1491 quo
831 1440 1012 1479 admirari
1034 1442 1136 1480 soleo
1156 1445 1401 1494 gravitatem,
1433 1455 1470 1484 et
1485 1447 1693 1498 justitiam,
1725 1460 1764 1488 et.
1783 1451 1841 1489 sa-

457 1503 662 1553 pientiam,
686 1505 866 1544 Caesaris:
891 1521 1094 1560 nunquam
1111 1509 1181 1546 nifi
1202 1508 1588 1551 honorificentiffime
1604 1514 1840 1567 Pompeium

456 1569 640 1620 appellat.
674 1571 728 1608 At
749 1572 789 1608 in
811 1573 892 1623 ejus
914 1573 1116 1625 personam
1137 1575 1263 1612 multa
1282 1575 1378 1614 fecit
1398 1576 1580 1629 asperiuS.
1624 1580 1841 1621 Armorum

455 1633 525 1670 ista
545 1643 582 1671 et
602 1636 770 1673 vietoriae
791 1636 879 1674 sunt
900 1637 1011 1684 facta,
1031 1652 1108 1676 non
1131 1640 1303 1678 Caesaris.
1337 1642 1392 1679 At
1413 1655 1483 1680 nos
1505 1645 1842 1695 quemadmodum

455 1698 509 1736 est
530 1701 791 1752 complexus?
825 1703 994 1741 Caffium
1026 1705 1096 1742 fibi
1126 1706 1297 1757 legavit5
1330 1708 1498 1746 Brutum
1529 1710 1669 1749 Galliae
1698 1712 1838 1764 praefe-

455 1765 525 1809 cit,
549 1766 770 1818 Sulpicium
792 1768 979 1814 Graeciae3
1012 1770 1267 1816 Marcellum,
1299 1773 1363 1810 cui
1384 1773 1555 1811 maxime
1575 1775 1836 1823 succensebat,

454 1842 547 1868 cum
567 1831 718 1869 summa
738 1833 845 1871 illius
867 1834 1057 1886 dignitate
1078 1836 1258 1874 restituit.
1283 1839 1376 1889 Qo
1398 1839 1518 1890 igitur
1536 1838 1619 1878 haec
1640 1841 1835 1894 spectant?

454 1895 606 1934 Rerum
632 1896 709 1935 hoc
739 1907 875 1936 natura
902 1908 940 1937 et
970 1901 1149 1938 civilium
1178 1911 1402 1955 temporum
1430 1918 1507 1941 non
1535 1907 1731 1957 patietur,
1764 1923 1835 1948 nec

454 1974 630 2007 manens,
662 1977 733 2001 nec
754 1966 1020 2003 mutataratio
1041 1965 1153 2011 feret,
1184 1969 1374 2019 primum,
1398 1978 1441 2006 ut
1464 1984 1540 2007 non
1562 1972 1602 2008 in
1624 1973 1733 2011 causa
1753 1976 1835 2027 pari

453 2025 587 2064 eadem
617 2028 661 2065 fit
691 2038 729 2065 et
756 2029 931 2067 conditio
952 2040 991 2068 et
1019 2031 1178 2070 fortuna
1197 2034 1406 2079 omnium3
1439 2035 1592 2081 deinde,
1625 2047 1668 2075 ut
1689 2039 1730 2076 in
1750 2054 1836 2078 eam

452 2093 654 2131 civitatem
675 2095 769 2132 boni
790 2097 861 2134 viri
883 2106 921 2134 et
941 2098 1035 2135 boni
1056 2100 1173 2144 cives,
1206 2101 1314 2138 nulla
1342 2102 1562 2153 ignominia
1586 2106 1724 2150 notati,
1756 2121 1835 2145 non

453 2167 707 2204 revertantur,
739 2160 779 2197 in
801 2175 918 2212 quam
941 2171 999 2199 tot
1020 2163 1257 2202 nefariorum
1278 2166 1467 2205 scelerum
1495 2168 1744 2208 condemnati
1771 2186 1833 2209 re-

453 2231 665 2262 verterunt.
698 2225 831 2263 Habes
853 2228 1061 2278 augurium
1083 2243 1216 2267 meum
1234 2249 1244 2273 3
1269 2244 1362 2282 quo,
1385 2233 1410 2269 fi
1432 2233 1526 2284 quid
1547 2234 1832 2282 addubitarem,

453 2301 531 2325 non
553 2290 684 2340 potius
713 2299 852 2335 uterer,
885 2306 1003 2345 quam
1034 2294 1101 2331 illa
1130 2296 1407 2342 consolatione,
1440 2313 1516 2350 qua
1544 2299 1659 2338 facile
1691 2302 1834 2340 fortem

451 2354 581 2391 virum
602 2354 872 2395 sustentarem:
899 2367 949 2403 te,
972 2359 997 2396 fi
1019 2360 1216 2411 explorata
1231 2362 1392 2400 victoria
1406 2377 1510 2401 arma
1530 2365 1741 2418 sumpsiffes
1764 2382 1833 2420 pro

451 2419 665 2471 republica,
701 2421 772 2471 (ita
791 2423 897 2461 enim
919 2424 1005 2461 tum
1025 2427 1206 2477 putabas)
1230 2441 1308 2465 non
1330 2428 1448 2467 nimis
1474 2430 1544 2468 effe
1565 2431 1801 2471 laudandum
1820 2449 1829 2472 :

452 2484 521 2528 fin,
553 2494 711 2537 propter
731 2486 900 2526 incertos
930 2490 1057 2529 exitus
1088 2493 1323 2545 eventusque
1354 2495 1563 2540 bellorum,
1596 2498 1698 2549 poffe
1728 2499 1830 2535 acci-

453 2548 555 2594 dere,
589 2559 632 2588 ut
664 2551 922 2599 vinceremur,
960 2556 1123 2607 putaffes
1141 2576 1152 2603 ς
1193 2572 1272 2596 non
1306 2560 1443 2598 debere
1477 2571 1511 2598 te
1546 2562 1591 2599 ad
1625 2562 1832 2601 secundam

535 2616 601 2653 To
617 2628 669 2655 M.
703 2617 796 2655 VII.
1513 2627 1535 2662 S
