2351 2997
511 231 559 283 58
857 230 1546 268 EPISTOLARUM

510 345 602 369 cum
619 331 736 369 effent
758 331 862 375 duae3
886 332 1003 368 altera
1019 332 1249 374 Varronem,
1269 339 1383 368 tuum
1403 330 1762 375 familiariffimum,
1780 331 1898 368 altera

511 398 765 450 QLeptam,
783 396 1011 449 praefectum
1032 396 1189 434 fabrum
1210 410 1359 440 meum,
1378 396 1452 433 tibi
1474 397 1630 434 obviam
1650 397 1750 435 mifi.
1774 397 1897 435 Man-

511 462 597 500 davi
621 463 777 514 utrique
797 475 948 506 eorum,
972 470 1016 497 ut
1036 470 1123 497 ante
1144 460 1191 497 ad
1211 474 1275 497 me
1295 470 1559 505 excurrerent,
1582 470 1625 498 ut
1647 461 1721 498 tibi
1741 461 1898 499 obviam

511 528 667 580 prodire
683 527 844 578 poffem.
869 528 1041 564 Currens
1059 527 1184 577 Lepta
1199 526 1322 570 venit,
1340 525 1522 577 mihique
1538 527 1748 571 nuntiavit,
1768 528 1899 579 tejam

511 593 629 630 castra
648 592 955 643 praetergressum
976 591 1071 629 effe:
1096 590 1303 629 confestim
1323 591 1507 629 Iconium
1528 591 1641 629 veni:
1665 600 1800 629 caetera
1814 593 1900 643 jam

511 658 588 696 tibi
618 667 710 695 nota
739 657 842 695 sunt.
888 658 952 694 An
974 671 1046 708 ego
1068 657 1141 694 tibi
1162 657 1318 694 obviam
1340 670 1418 694 non
1440 656 1637 709 prodirem
1656 657 1669 694 ?
1702 657 1898 702 Primum,

511 724 647 776 Appio
670 723 862 761 Claudio?
886 723 1054 767 Deinde,
1073 722 1330 775 Imperatori?
1353 722 1523 767 Deinde,
1545 736 1653 760 more
1674 723 1897 774 majorum?

512 789 684 834 Deinde,
712 788 819 841 quod
840 798 956 841 caput
976 788 1043 833 est,
1066 789 1223 826 amico?
1256 787 1471 826 Praesertim
1492 801 1585 826 cum
1605 788 1647 826 in
1667 787 1739 826 isto
1758 801 1899 839 genere

511 856 642 894 multo
671 856 789 894 etiam
819 855 1060 893 ambitiofius
1090 854 1215 892 facere
1245 854 1403 899 soleam,
1435 867 1555 907 quam
1582 853 1708 893 honos
1729 868 1839 892 meus
1860 863 1900 892 et

512 921 683 974 dignitas
704 920 886 973 postulat.
911 921 983 958 Sed
1003 920 1086 959 haec
1107 920 1308 959 haetenus.
1333 920 1440 958 Illud
1461 920 1566 961 idem
1588 921 1772 959 Pausania
1791 920 1900 959 dice-

512 987 593 1032 bat,
626 996 664 1025 te
689 986 850 1025 dixisse:
887 987 1045 1039 (quidni
1065 986 1098 1037 ?)
1131 986 1286 1038 Appius
1310 986 1497 1031 Lentulo,
1531 986 1726 1024 Lentulus
1748 986 1898 1038 Appio,

510 1053 692 1105 proceffit
711 1053 888 1090 obviam:
914 1054 1055 1089 Cicero
1077 1053 1210 1104 Appio
1232 1052 1384 1088 noluit?
1408 1051 1564 1102 Qaeso,
1582 1052 1751 1089 etiamne
1772 1060 1815 1089 tu
1831 1050 1900 1089 has

511 1118 694 1170 ineptias,
724 1116 846 1155 homo
870 1118 973 1168 (mea
993 1116 1199 1166 sententia)
1223 1116 1375 1154 summa
1393 1115 1613 1168 prudentia,
1637 1117 1763 1154 multa
1781 1116 1901 1154 etiam

511 1184 701 1227 doctrina,
733 1183 907 1235 plurimo
928 1196 1058 1220 rerum
1080 1182 1164 1227 usu,
1195 1182 1294 1219 addo
1316 1182 1549 1226 urbanitate,
1581 1195 1666 1234 quae
1686 1182 1738 1219 est
1759 1182 1898 1227 virtue,

512 1258 557 1287 ut
590 1248 711 1286 Stoici
744 1248 946 1285 redtiffime
977 1257 1132 1300 putant,
1165 1248 1289 1284 ullam
1315 1248 1584 1299 Appietatem,
1615 1257 1681 1285 aut
1712 1248 1897 1285 Lentuli-

511 1323 649 1359 tatem,
680 1314 805 1351 valere
824 1314 927 1366 apud
952 1327 1015 1351 me
1035 1314 1140 1366 plus,
1172 1327 1291 1365 quam
1311 1322 1539 1351 ornamenta
1558 1313 1731 1358 virtutis,
1762 1312 1898 1352 existi-

512 1394 594 1419 mas
615 1382 627 1418 ?
661 1381 766 1418 Cum
787 1393 830 1417 ea
848 1379 1080 1417 consecutus
1103 1379 1281 1416 nondum
1301 1392 1420 1423 eram,
1452 1393 1539 1431 quae
1568 1378 1657 1416 sunt
1686 1378 1899 1417 hominum

511 1445 767 1498 opinionibus
785 1444 1030 1496 amplissima,
1051 1454 1179 1482 tamen
1197 1444 1265 1481 ista
1281 1444 1400 1481 vestra
1416 1445 1576 1482 nomina
1592 1457 1795 1496 nunquam
1812 1443 1898 1482 sum

512 1512 724 1549 admiratus
745 1525 752 1548 :
786 1511 888 1547 viros
909 1510 995 1553 effe,
1027 1510 1096 1562 qui
1118 1523 1160 1546 ea
1180 1510 1291 1547 vobis
1313 1510 1569 1562 reliquissent,
1601 1523 1764 1561 magnos
1791 1510 1897 1547 arbi—

512 1578 654 1616 trabar.
702 1576 833 1614 Postea
853 1590 943 1614 vero
964 1590 1082 1628 quam
1103 1577 1156 1612 ita
1177 1585 1215 1613 et
1236 1576 1322 1627 cepi
1343 1585 1381 1612 et
1401 1576 1492 1627 geffi
1522 1576 1693 1613 maxima
1718 1576 1896 1628 imperia,

512 1653 555 1682 ut
576 1642 677 1681 mihi
698 1643 800 1680 nihil
823 1656 948 1694 neque
969 1642 1014 1679 ad
1036 1641 1241 1685 honorem,
1273 1654 1400 1692 neque
1419 1641 1465 1678 ad
1485 1641 1667 1692 gloriam,
1690 1641 1898 1692 acquiren-

512 1710 608 1748 dum
629 1718 806 1762 putarem
824 1727 834 1752 ;
868 1708 1105 1759 superiorem
1126 1706 1287 1758 quidem
1309 1719 1527 1757 nunquam,
1549 1705 1612 1743 sed
1633 1719 1765 1758 parem
1787 1706 1897 1744 vobis

512 1789 576 1814 me
596 1775 740 1827 speravi
762 1773 834 1811 effe
855 1772 1017 1810 factum.
1050 1773 1153 1817 Nec,
1176 1771 1416 1816 mehercule,
1448 1772 1559 1809 aliter
1579 1772 1659 1811 vidi
1680 1771 1899 1809 existimare

512 1841 573 1879 vel
596 1842 673 1878 Cn.
698 1838 948 1891 Pompeium,
980 1851 1098 1889 quem
1119 1837 1322 1882 omnibus,
1353 1837 1423 1888 qui
1444 1850 1619 1889 unquam
1639 1836 1814 1882 fuerunt,
1836 1837 1897 1874 vel

514 1907 559 1944 P.
584 1904 817 1947 Lentulum,
850 1917 967 1954 quem
989 1901 1089 1940 mihi
1110 1902 1189 1954 ipse
1211 1910 1420 1954 antepono.
1463 1903 1544 1947 Tu,
1576 1902 1603 1939 fi
1624 1902 1735 1939 aliter
1763 1901 1896 1940 existi·

513 1985 610 2016 mas,
643 1968 744 2007 nihil
765 1969 924 2013 errabis,
956 1969 982 2006 s1
1012 1968 1129 2020 paulo
1158 1967 1404 2019 diligentius,
1441 1968 1517 2018 (ut,
1549 1967 1645 2019 quid
1676 1968 1721 2005 fit
1750 1964 1900 2014 εὐγένεωι,

513 2037 610 2091 quid
645 2037 690 2074 fit
725 2035 925 2080 nobilitas,
962 2032 1178 2086 intelligas)
1216 2033 1510 2078 Athenodorus,
1553 2033 1740 2071 Sandonis
1776 2032 1897 2077 filius,

513 2102 609 2155 quid
641 2101 687 2138 de
718 2099 780 2137 his
813 2099 926 2136 rebus
956 2099 1073 2143 dicat,
1105 2098 1328 2136 attenderis.
1376 2098 1462 2142 Sed,
1494 2106 1538 2135 ut
1558 2098 1604 2135 ad
1625 2111 1706 2135 rem
1727 2097 1895 2142 redeam,

514 2182 577 2207 me
598 2168 673 2205 tibi
694 2180 772 2204 non
793 2165 966 2202 amicum
988 2164 1120 2208 modo,
1151 2177 1288 2202 verum
1308 2164 1425 2202 etiam
1446 2163 1735 2207 amiciffimum,
1762 2162 1896 2201 existi-

513 2247 595 2272 mes
616 2232 751 2270 velim.
785 2229 964 2268 Profecto
985 2230 1169 2267 omnibus
1192 2230 1289 2267 meis
1309 2229 1449 2267 officiis
1470 2229 1652 2273 efficiam,
1675 2238 1718 2266 ut
1739 2229 1792 2266 ita
1811 2242 1898 2267 vere

513 2298 627 2352 poffis
644 2297 834 2349 judicare.
867 2297 933 2333 Tu
954 2305 1084 2332 autem
1106 2295 1131 2332 fi
1153 2295 1192 2332 id
1213 2295 1309 2346 agis,
1333 2303 1376 2332 ut
1396 2294 1529 2331 minus
1549 2307 1634 2331 mea
1653 2293 1777 2338 causa,
1800 2293 1897 2331 dum

513 2378 586 2417 ego
617 2363 753 2407 abfim,
784 2362 922 2400 debere
949 2360 1127 2407 videaris,
1159 2374 1278 2413 quam
1308 2374 1381 2413 ego
1410 2369 1475 2399 tua
1503 2360 1711 2399 laborarirn
1727 2378 1740 2407 3
1772 2359 1897 2398 libero

514 2441 552 2469 te
571 2430 640 2469 ista
658 2442 763 2468 cura.
