2351 2997
646 248 738 287 AD
798 232 1265 282 FAMILIARES
1325 230 1457 269 LIB.
1503 228 1536 266 Ι.
1738 238 1784 273 19

400 354 592 397 Bibulum
617 347 811 391 consules,
844 357 938 382 cum
971 337 1169 379 sententiae
1202 334 1337 373 nostrae
1364 342 1556 382 magnum
1587 327 1629 364 in
1658 324 1789 364 senatu

399 420 552 476 pondus
574 416 778 458 haberent,
810 423 936 449 unum
957 407 1037 446 fere
1058 403 1211 444 sensum
1232 399 1344 439 fuisse
1374 398 1570 435 bonorum
1591 392 1787 431 omnium.
1816 391 1818 393 ’

402 487 549 531 Postea,
581 496 674 522 cum
705 490 747 518 tu
771 475 1005 530 Hispaniam
1025 471 1249 510 citeriorem
1270 479 1363 504 cum
1390 461 1558 515 imperio
1578 459 1790 499 obtineres,

401 565 530 605 neque
562 546 781 601 respublica
807 541 986 581 consules
1017 537 1192 579 haberet,
1225 531 1288 571 sed
1315 538 1548 569 mercatores
1569 523 1792 578 provincia-

403 632 507 662 rum,
525 626 564 654 et
580 614 817 653 seditionum
835 608 958 646 servos
975 618 1018 642 ac
1035 601 1247 643 ministros,
1260 598 1359 650 jecit
1376 593 1538 647 quidam
1554 591 1661 629 casus
1678 597 1795 640 caput

404 696 554 727 meum,
572 679 678 734 quasi
694 673 918 715 certaminis
936 670 1059 715 causa,
1084 668 1124 706 in
1142 665 1312 704 mediam
1333 659 1631 700 contentionem
1653 655 1795 693 diffen»

404 750 630 798 fionemque
651 742 824 781 civilem.
867 740 960 790 Qo
988 737 1029 774 in
1050 731 1277 771 discrimine
1298 741 1390 766 cum
1413 723 1605 763 mirificus
1627 721 1796 762 senatus.

406 811 651 853 incredibilis
674 807 795 847 Italiae
817 805 954 847 totius,
978 798 1179 852 singularis
1197 795 1381 834 omnium
1401 793 1614 833 bonorum,
1632 785 1797 825 consen-

408 880 468 919 sus
490 880 531 917 in
554 890 617 915 me
638 873 784 913 tuendo
800 868 1011 911 extitiffet;
1036 878 1114 903 non
1132 863 1277 905 dicam,
1295 857 1392 912 quid
1413 854 1624 898 acciderit5
1649 851 1798 890 multo-

409 960 498 985 rum
519 943 572 982 est
592 942 714 985 enim,
747 947 785 976 et
812 936 915 975 varia
938 933 1055 985 culpa
1073 946 1082 969 ε
1116 938 1272 968 tantum
1292 926 1423 963 dicam
1444 921 1567 965 brevi,
1600 931 1679 957 non
1701 915 1803 955 mihi

409 1010 643 1052 exercitum,
668 1005 731 1044 sed
752 1004 885 1046 duces,
908 998 1083 1038 defuisse.
1123 997 1167 1033 In
1191 1006 1285 1046 quo,
1308 1000 1353 1028 ut
1368 991 1451 1042 jam
1473 987 1518 1025 fit
1540 987 1580 1024 in
1603 985 1649 1022 iis
1671 984 1801 1034 culpa,

412 1077 482 1130 qui
504 1089 567 1113 me
584 1086 662 1111 non
680 1068 965 1110 defenderunt;
990 1078 1068 1102 non
1086 1062 1217 1099 minor
1233 1058 1286 1095 est
1307 1057 1346 1094 in
1369 1056 1432 1100 iis,
1451 1053 1520 1106 qui
1538 1051 1802 1103 reliquerunt:

413 1153 466 1187 et,
494 1143 519 1179 s1
541 1137 745 1178 accusandi
768 1135 870 1179 sunt,
902 1133 928 1170 fi
950 1131 1020 1183 qui
1040 1128 1356 1181 pertimuerunt5
1389 1121 1512 1172 magis
1534 1118 1653 1156 etiam
1675 1128 1806 1168 repre-

413 1205 628 1253 hendendi‚
647 1204 673 1240 fi
690 1202 760 1254 qui
782 1200 817 1238 se
839 1200 977 1236 timere
998 1194 1246 1233 simularunt.
1279 1188 1386 1227 Illud
1408 1185 1570 1239 quidem
1592 1192 1696 1221 certe
1717 1180 1807 1219 nos-

416 1284 523 1312 trum
552 1269 761 1309 confilium
786 1267 875 1318 jure
905 1260 1145 1300 laudandum
1175 1257 1242 1301 est,
1276 1255 1345 1307 qui
1366 1265 1474 1291 meos
1496 1251 1615 1294 cives,
1647 1257 1685 1286 et
1706 1261 1727 1285 a
1746 1261 1810 1284 me

416 1339 677 1379 conservatos,
709 1343 747 1371 et
769 1346 831 1369 me
853 1330 997 1368 servare
1018 1326 1237 1378 cupientes,
1270 1320 1454 1373 spoliatos
1476 1316 1662 1360 ducibus,
1694 1314 1810 1353 servis

418 1405 576 1445 armatis
594 1401 717 1454 objici
738 1397 957 1437 noluerim:
982 1391 1246 1441 declararique
1263 1386 1487 1429 maluerim,
1506 1390 1651 1436 quanta
1666 1381 1724 1419 vis
1740 1379 1812 1417 esse

419 1470 604 1525 potuifi'et
625 1469 665 1506 in
687 1463 875 1504 consensu
897 1461 1108 1502 bonorum,
1132 1457 1157 1494 si
1180 1456 1226 1493 iis
1249 1467 1319 1506 pro
1341 1466 1404 1490 me
1425 1450 1546 1488 stante
1566 1460 1740 1501 pugnare
1761 1445 1812 1483 li-

421 1537 571 1581 causet,
589 1547 682 1573 cum
699 1530 890 1570 afflictum
906 1527 1076 1565 excitare
1096 1521 1323 1576 potuissent.
1347 1519 1532 1569 Qorum
1549 1513 1712 1568 quidem
1728 1512 1814 1550 ani-

423 1618 535 1643 mum
558 1611 600 1640 tu
624 1613 702 1637 non
723 1593 949 1651 perspexisti
970 1592 1112 1636 solum,
1143 1602 1238 1627 cum
1268 1586 1315 1624 de
1343 1598 1406 1623 me
1436 1595 1581 1636 agereS,
1613 1580 1676 1619 sed
1696 1578 1817 1617 etiam

424 1666 677 1710 confirmasti,
708 1673 825 1715 atque
847 1658 1020 1698 tenuisti.
1053 1658 1143 1708 Qa
1163 1655 1204 1692 in
1226 1651 1350 1697 causa,
1385 1653 1483 1703 (non
1506 1647 1625 1686 modo
1647 1660 1725 1684 non
1747 1657 1818 1687 ne·->

424 1737 539 1790 gabo,
572 1732 635 1771 sed
655 1730 774 1768 etiam
802 1727 952 1779 semper
983 1733 1022 1762 et
1054 1722 1272 1760 meminero
1304 1727 1343 1755 et
1375 1715 1594 1769 praedicabo
1627 1710 1815 1761 libenter)

425 1802 514 1841 usus
536 1812 574 1838 es
602 1794 838 1850 quibusdam
866 1788 1116 1829 nobiliffimis
1144 1784 1392 1827 hominibus,
1426 1780 1657 1819 fortioribus
1687 1778 1727 1814 in
1756 1790 1820 1815 me

426 1864 678 1909 restituendo,
697 1873 816 1915 quam
833 1857 987 1896 fuerant
1009 1854 1130 1892 iidem
1152 1852 1192 1890 in
1215 1848 1406 1889 tenendo:
1431 1860 1507 1899 qua
1529 1846 1565 1883 in
1586 1843 1774 1882 sententia
1794 1842 1820 1880 fi

428 1932 600 1972 constare
621 1926 844 1970 voluissent,
863 1923 970 1961 suam
986 1919 1258 1958 auctoritatem
1275 1913 1390 1954 simul
1412 1926 1504 1951 cum
1523 1911 1641 1948 salute
1659 1922 1743 1946 mea
1760 1922 1821 1945 re-

430 1996 684 2052 cuperassent.
719 1990 919 2031 Recreatis
941 1988 1048 2026 enim
1069 1985 1184 2023 bonis
1206 1982 1299 2021 viris
1320 1979 1526 2019 consulatu
1549 1987 1632 2021 tuo,
1665 1984 1702 2013 et
1725 1987 1823 2012 con-

430 2063 666 2104 stantiffimis
697 2068 814 2112 atque
843 2055 1006 2110 optimis
1028 2051 1249 2091 actionibus
1270 2049 1348 2087 tuis
1370 2045 1565 2089 excitatis,
1598 2044 1676 2081 Cn.
1701 2042 1824 2079 Pom-

433 2133 521 2186 peio
551 2127 764 2183 praesertim
793 2124 840 2162 ad
871 2121 1026 2161 causam
1053 2119 1253 2172 adjuncto,
1285 2130 1378 2154 cum
1398 2114 1518 2152 etiam
1540 2109 1679 2155 Caesar‚
1710 2108 1827 2146 rebus

433 2197 616 2238 maximis
638 2194 768 2248 gestis,
787 2189 1046 2243 singularibus
1069 2195 1227 2225 ornatus
1249 2193 1287 2222 et
1309 2183 1419 2221 novis
1441 2178 1676 2221 honoribus,
1698 2189 1741 2213 ac
1757 2177 1827 2227 ju-

433 2265 546 2303 diciis
569 2263 736 2306 senatus,
759 2259 805 2296 ad
826 2256 1098 2295 auctoritatem
1119 2254 1202 2305 ejus
1224 2250 1372 2289 ordinis
1394 2247 1701 2299 adjungeretur;
1726 2241 1829 2279 nulli

436 2330 619 2383 improbo
640 2328 718 2366 civi
739 2326 849 2363 locus
878 2322 924 2361 ad
953 2319 1240 2373 rempublicam
1270 2313 1494 2355 violandam
1526 2311 1598 2350 effe
1630 2307 1828 2362 potuiffet.

438 2397 512 2435 Sed
532 2394 702 2438 attende,
720 2390 863 2444 quaes0‚
881 2403 968 2442 quae
984 2388 1059 2426 sint
1079 2385 1301 2424 consecuta.
1326 2381 1507 2420 Primum
1529 2378 1597 2415 illa
1617 2375 1720 2414 furia
1739 2387 1831 2412 mu-

438 2463 626 2502 liebrium
661 2458 915 2509 religionum,
952 2455 1023 2507 qui
1057 2467 1137 2491 non
1172 2450 1296 2505 pluris
1332 2448 1476 2486 fecerat
1508 2446 1656 2482 Bonam
1689 2442 1830 2482 Deam,

439 2543 560 2584 quam
576 2537 651 2566 tres
669 2525 829 2570 sorores,
848 2521 1128 2575 impunitatem
1148 2518 1201 2557 est
1223 2517 1384 2555 illorum
1407 2510 1607 2551 sententiis
1629 2507 1832 2549 assecutus,

1446 2580 1479 2613 C
1513 2589 1532 2613 2
