2351 2997
664 286 756 325 AD
814 285 1284 325 FAMILIARES
1343 288 1475 328 LIB.
1522 292 1576 330 ΙΙ.

1760 324 1808 347 δ.)

426 386 577 427 fortaffe
593 386 711 425 etiam
726 387 947 440 gratiosam.
975 388 1070 426 Dux
1088 388 1201 427 nobis
1218 398 1257 427 et
1272 392 1404 429 aue‘tor
1419 405 1516 444 opus
1533 392 1600 438 est,
1617 401 1657 431 et
1671 406 1807 433 eorum

423 462 646 499 ventorum,
677 467 775 506 quos
797 454 996 507 proposui,
1028 455 1249 494 moderator
1269 457 1446 509 quidam,
1477 467 1516 496 et
1536 460 1639 512 quafi
1660 460 1805 512 guber-

424 529 557 558 nator:
581 520 651 572 qui
668 520 693 557 fi
710 534 757 558 ex
774 521 959 558 omnibus
977 534 1077 559 unus
1093 522 1286 574 optandus
1303 524 1407 569 effer,
1425 538 1544 577 quem
1561 534 1693 564 tecum
1709 540 1806 565 con·

422 584 522 623 ferre
542 586 751 638 poffemus,
783 599 862 623 non
894 585 1141 625 haberemus.
1185 590 1470 640 Qamobrem,
1503 591 1529 629 s1
1559 606 1622 629 me
1650 606 1805 630 memo-

422 665 519 696 rem,
539 651 564 689 fi
580 660 751 703 gratum,
769 651 795 688 fi
817 652 982 697 bonum,
1001 653 1144 697 virum,
1162 654 1222 691 vel
1243 668 1290 692 ex
1311 654 1387 693 hoc
1408 656 1491 708 ipso
1511 658 1617 708 quod
1638 668 1717 696 tam
1738 672 1804 696 ve-

421 716 626 754 hementer
645 716 692 754 de
712 717 869 754 Milone
890 717 1077 763 laborem,
1100 718 1318 757 existimare
1338 730 1448 772 potes
1466 741 1477 766 ;
1502 722 1527 759 s1
1548 722 1716 774 dignum
1736 723 1805 761 de-

420 781 540 834 nique
562 782 639 819 tuis
662 781 861 819 beneficiis
877 783 1059 834 judicas,·
1092 782 1169 822 hoc
1189 798 1209 822 a
1230 793 1266 822 te
1287 795 1392 838 peto,
1425 796 1468 824 ut
1489 787 1690 826 subvenias
1710 787 1804 827 huic

418 859 515 885 meae
536 846 809 891 sollicitudini,
841 856 885 884 ut
916 846 1010 885 huic
1038 862 1133 886 meae
1166 849 1287 894 laudi,
1318 852 1379 888 vel
1410 853 1472 903 (ut
1498 853 1625 891 verius
1653 854 1801 904 dicam)

418 925 540 965 prope
562 913 690 958 saluti,
722 921 836 950 tuum
857 913 1030 952 studium
1050 914 1170 953 dices.
1218 916 1280 954 De
1306 917 1390 969 ipso
1410 919 1464 956 T.
1489 919 1623 957 Annio
1650 928 1804 958 tantum

421 978 496 1016 tibi
516 979 721 1031 polliceor,
744 988 781 1016 te
802 980 959 1032 majoris
981 981 1117 1026 animi,
1138 982 1353 1033 gravitatis,
1372 984 1609 1030 constantiae,
1633 985 1802 1024 benevo—

419 1043 627 1096 lentiaeque
648 1058 737 1096 erga
758 1053 809 1089 te,
842 1045 868 1082 fi
898 1046 1109 1098 compleeti
1133 1046 1339 1086 hominem
1360 1049 1543 1095 volueris,
1574 1050 1804 1090 habiturum

417 1109 490 1147 effe
520 1111 734 1148 neminem.
781 1109 891 1148 Mihi
915 1125 1004 1149 vero
1026 1120 1180 1150 tantum
1201 1112 1366 1158 decoris,
1398 1124 1554 1154 tanturn
1583 1116 1801 1169 dignitatis,

418 1175 656 1227 adjunxeris,
688 1184 732 1212 ut
758 1176 927 1214 eundem
954 1187 991 1214 te
1012 1176 1128 1215 facile
1148 1179 1353 1230 agnoscam
1374 1179 1486 1219 fuiffe
1505 1182 1547 1219 in
1568 1182 1681 1221 laude
1701 1197 1800 1229 mea,

417 1241 487 1292 qui
507 1240 628 1279 fueris
650 1242 691 1279 in
713 1241 846 1280 salute.
894 1244 996 1294 Ego,
1029 1244 1069 1280 ni
1092 1253 1128 1281 te
1149 1244 1277 1283 videre
1298 1245 1450 1292 scirem,
1481 1261 1575 1286 cum
1594 1248 1641 1286 ad
1662 1258 1699 1288 te
1718 1248 1802 1288 haec

416 1306 639 1351 scriberem,
657 1316 850 1359 quantum
865 1308 989 1345 officii
1010 1308 1250 1354 sustinerem,
1269 1321 1508 1365 quantopere
1528 1313 1630 1352 mihi
1651 1315 1741 1353 effet
1759 1316 1801 1354 in

414 1371 488 1410 hac
512 1373 704 1425 petitione
730 1373 899 1411 Milonis
921 1373 1030 1411 omni
1052 1388 1130 1412 non
1152 1375 1270 1413 modo
1291 1379 1558 1424 contentione,
1589 1379 1653 1418 sed
1681 1380 1799 1420 etiam

413 1437 683 1483 dimicatione,
715 1438 1009 1484 elaborandum,
1043 1439 1153 1491 plura
1182 1440 1404 1482 scriberem.
1453 1444 1576 1482 Nunc
1604 1445 1678 1483 tibi
1710 1460 1800 1485 om-

413 1516 506 1542 nem
527 1518 609 1542 rem
629 1512 745 1556 atque
765 1505 932 1550 causam,
951 1519 1093 1558 meque
1114 1515 1260 1553 totum,
1278 1510 1516 1547 commendo
1537 1519 1653 1563 atque
1674 1511 1798 1552 trado.

414 1570 555 1608 Unum
574 1568 651 1608 hoc
672 1571 722 1608 fic
743 1570 914 1609 habeto:
947 1571 973 1609 fi
1006 1585 1027 1608 a
1058 1581 1095 1610 te
1121 1571 1223 1611 hanc
1250 1587 1334 1612 rem
1361 1575 1588 1628 impetrare,
1619 1591 1682 1616 me
1701 1592 1801 1631 pene

414 1636 504 1688 plus
527 1636 615 1680 tibi,
647 1649 766 1688 quam
788 1636 857 1688 ipfi
878 1637 1042 1682 Miloni,
1074 1638 1317 1679 debiturum.
1355 1642 1450 1679 Non
1470 1643 1577 1681 enim
1599 1643 1700 1682 mihi
1721 1654 1801 1685 tam

413 1715 502 1739 mea
520 1701 619 1739 salus
637 1714 726 1739 cara
744 1701 838 1747 fuit,
855 1702 896 1740 in
917 1716 994 1755 qua
1013 1704 1208 1757 praecipue
1228 1705 1314 1744 sum
1334 1707 1380 1744 ab
1402 1707 1473 1745 illo
1492 1708 1664 1761 adjutuS,
1681 1724 1801 1762 quam

412 1767 535 1819 pietas
556 1766 630 1804 erit
649 1767 690 1804 in
712 1766 911 1806 referenda
930 1769 1054 1820 gratia
1071 1769 1263 1822 jucunda.
1309 1772 1410 1811 Eam
1438 1782 1569 1812 autem
1596 1775 1712 1814 unius
1740 1778 1799 1816 tui

412 1830 540 1870 studio
560 1844 623 1870 me
642 1831 787 1886 affequi
807 1833 911 1886 poffe
931 1833 1102 1874 confido.
1135 1835 1247 1875 Vale.

414 2030 548 2069 M.T.
568 2031 617 2069 C.
637 2031 908 2070 PnocoNsuL
934 2034 1222 2082 C.CUR10N1,
1245 2037 1463 2077 TRIBUNO
1488 2049 1661 2085 prmus,
1685 2041 1722 2080 S.
1740 2042 1794 2080 D.

411 2158 506 2197 VII.
526 2158 623 2230 SE
642 2160 730 2198 RA
759 2163 971 2213 gratulatio
1003 2163 1236 2217 reprehendi
1270 2180 1351 2205 non
1383 2166 1493 2212 solet,
1524 2167 1736 2221 praesertim
1768 2170 1794 2209 fi

605 2228 714 2265 nulla
734 2230 974 2282 negligentia
993 2233 1240 2284 praetermissa
1261 2234 1327 2273 est.
1361 2235 1499 2287 Longe
1514 2237 1620 2275 enim
1635 2236 1796 2276 absum:

410 2289 527 2328 audio
548 2291 643 2331 sero.
676 2294 748 2331 Sed
770 2296 845 2334 tibi
864 2305 903 2334 et
922 2298 1112 2349 gratulor,
1129 2308 1181 2344 et,
1201 2308 1244 2338 ut
1266 2300 1509 2353 sempiternae
1529 2302 1634 2341 laudi
1656 2303 1730 2341 tibi
1751 2304 1795 2342 fit

410 2356 478 2394 iste
499 2358 735 2406 tribunatus,
765 2372 938 2416 exopto:
971 2374 1088 2418 teque
1117 2364 1268 2412 hortor,
1301 2377 1345 2405 ut
1371 2368 1505 2406 omnia
1533 2369 1726 2421 gubernes
1756 2377 1794 2408 et

410 2423 609 2463 moderere
628 2427 835 2478 prudentia
855 2439 943 2475 tua;
967 2445 1014 2469 ne
1032 2441 1068 2470 te
1084 2431 1260 2470 auferant
1276 2434 1443 2472 aliorum
1459 2436 1631 2474 consilia.
1661 2437 1794 2474 Nemo

409 2490 477 2535 est,
509 2491 578 2543 qui
600 2491 674 2529 tibi
695 2492 904 2545 sapientius
926 2496 1080 2536 suadere
1101 2499 1215 2550 poffit
1237 2508 1273 2537 te
1294 2500 1402 2552 ipso:
1426 2514 1630 2553 nunquam
1650 2502 1791 2545 labere,

410 2555 437 2594 fi
459 2564 497 2594 te
517 2556 664 2596 audieS.
702 2559 798 2599 Non
819 2561 945 2600 scribo
965 2562 1042 2601 hoc
1064 2573 1232 2602 temere:
1256 2566 1321 2603 cui
1342 2565 1523 2611 scribam,
1542 2567 1676 2606 video:
1701 2565 1792 2605 novi

491 2623 631 2663 ToM.
663 2623 759 2664 VII.
1460 2631 1492 2668 E
