2351 2997
515 228 564 265 26
859 228 1542 267 EPISTOLARUM

515 327 669 380 Appius
700 327 741 364 in
769 327 1010 365 sermonibus
1031 337 1141 365 antea
1169 328 1384 372 dictitabat,
1416 329 1543 381 postea
1571 329 1672 367 dixit
1701 329 1818 367 etiam
1849 330 1890 367 in

515 393 646 431 senatu
667 394 809 446 palam,
842 393 928 437 sese,
961 393 987 430 fi
1015 393 1171 430 licitum
1193 393 1281 430 efl‘et
1308 393 1435 444 legem
1455 395 1643 432 curiatam
1662 394 1777 440 ferre,
1808 395 1889 432 sor-

514 459 682 496 titurum
703 458 774 495 effe
795 471 887 495 cum
907 457 1057 508 collega
1076 457 1318 509 provinciam
1337 472 1345 496 ε
1378 459 1404 495 fi
1426 460 1572 496 curiata
1599 459 1662 497 lex
1687 473 1765 498 non
1786 460 1889 503 effet,

515 524 551 560 se
585 533 809 576 paraturum
844 536 936 559 cum
970 523 1134 574 collega,
1172 523 1323 575 tibique
1357 523 1643 562 successurum:
1686 525 1891 577 legemque

515 589 703 626 curiatam
735 587 886 624 consuli
917 586 1010 624 ferri
1042 601 1139 639 opus
1172 587 1258 632 effe,
1290 587 1435 625 neceffe
1466 602 1545 625 non
1576 588 1674 626 effe:
1708 589 1760 633 se,
1790 603 1890 641 quo-

514 654 620 691 niam
650 667 696 691 ex
727 652 1082 690 senatus-consulto
1111 654 1354 705 provinciam
1386 652 1561 699 haberet,
1597 654 1681 705 lege
1712 655 1894 692 Cornelia

514 720 727 772 imperium
756 718 999 763 habiturum,
1031 719 1158 770 quoad
1188 719 1229 756 in
1251 718 1388 756 urbem
1410 719 1613 757 introisset.
1665 721 1765 771 Ego,
1797 720 1892 772 quid

513 784 561 822 ad
582 794 619 822 te
640 793 798 822 tuorum
820 783 983 835 quisque
1005 783 1298 820 neceffariorum
1320 783 1475 828 scribat,
1499 784 1651 822 nescio:
1682 785 1802 822 varias
1823 784 1894 822 effe

514 849 719 901 opiniones
747 849 943 900 intelligo.
988 849 1086 885 Sunt
1117 849 1187 900 qui
1218 857 1358 900 putent
1389 849 1492 900 poss‘e
1525 858 1561 886 te
1588 863 1667 887 non
1695 849 1892 893 decedere,

515 915 622 967 quod
643 915 719 953 fine
740 915 825 966 lege
845 915 991 951 curiata
1012 914 1084 951 tibi
1105 913 1331 951 succedatur
1349 929 1358 952 :
1390 914 1479 952 sunt
1499 914 1631 959 etiam,
1660 914 1744 967 qui,
1775 914 1801 952 fi
1823 914 1891 952 de-

515 981 642 1025 cedas,
673 995 694 1018 a
714 990 751 1017 te
772 980 942 1032 relinqui
962 979 1065 1031 posse
1086 980 1155 1031 qui
1175 979 1385 1031 provinciae
1405 979 1544 1031 praefit.
1584 979 1694 1017 Mihi
1714 993 1793 1017 non
1814 989 1894 1017 tam

516 1045 667 1098 dejure
687 1054 840 1083 certum
866 1044 933 1088 est,
967 1045 1209 1096 (quanquam
1242 1057 1290 1080 ne
1321 1044 1361 1080 id
1394 1043 1554 1095 quidem
1585 1043 1695 1081 valde
1727 1043 1894 1081 dubium

515 1110 586 1161 est)
610 1124 729 1163 quam
754 1109 855 1148 illud
882 1109 928 1146 ad
954 1118 1061 1146 tuam
1082 1109 1274 1146 summam
1294 1109 1612 1160 amplitudinem,
1644 1109 1892 1161 dignitatem,

515 1176 803 1219 liberalitatem,
836 1188 911 1227 qua
946 1183 982 1211 te
1016 1174 1094 1211 scio
1128 1174 1377 1212 libentiffime
1411 1173 1490 1212 frui
1524 1175 1656 1219 solere,
1687 1175 1892 1226 pertinere,

515 1251 554 1279 te
575 1242 651 1279 fine
673 1241 752 1279 ulla
778 1253 886 1278 mora
912 1239 1154 1292 provinciam
1185 1239 1385 1276 successori
1413 1240 1650 1284 concedere3
1684 1239 1893 1291 praesertim

516 1321 609 1345 cum
638 1307 714 1344 sine
744 1305 961 1358 suspicione
992 1314 1065 1342 tuae
1087 1304 1313 1356 cupiditatis
1335 1319 1414 1342 non
1435 1305 1548 1357 pofiis
1570 1306 1676 1343 illius
1698 1305 1893 1358 cupidita—

515 1382 597 1411 tem
627 1371 807 1410 refutare.
854 1372 941 1422 Ego
962 1380 1174 1422 utrumque
1195 1383 1328 1408 meum
1348 1380 1445 1422 puto
1466 1370 1564 1416 effe;
1596 1380 1648 1415 et,
1680 1371 1775 1422 quid
1806 1371 1891 1408 sen-

517 1440 627 1484 tiam,
659 1437 882 1481 ostendere,-
916 1446 968 1481 et,
1001 1436 1106 1488 quod
1127 1434 1279 1481 feceris,
1312 1436 1529 1474 defendere.

573 1505 724 1556 Scripta
749 1505 831 1555 jam
863 1502 1021 1554 epistola
1048 1502 1254 1553 superiore,
1286 1503 1417 1554 accepi
1450 1511 1532 1540 tuas
1561 1502 1689 1540 literas
1718 1502 1763 1540 de
1789 1502 1894 1555 pub-

515 1570 654 1608 licanis
674 1585 683 1608 :
715 1569 859 1621 quibus
881 1568 1103 1619 aequitatem
1125 1576 1232 1604 tuam
1254 1581 1331 1604 non
1353 1568 1463 1620 potui
1491 1581 1568 1605 non
1595 1569 1770 1619 probare.
1817 1569 1894 1605 Fe-

516 1637 666 1674 licitate
700 1634 875 1687 quidem,
905 1633 1061 1678 vellem,
1093 1633 1275 1684 consequi
1311 1633 1507 1685 potuiffes,
1541 1647 1586 1670 ne
1618 1634 1700 1684 ejus
1731 1633 1894 1678 ordinis,

517 1715 636 1754 quem
657 1699 804 1752 semper
824 1698 978 1743 ornasti,
997 1711 1078 1735 rem
1098 1707 1164 1735 aut
1184 1698 1427 1736 voluntatem
1448 1698 1674 1736 offenderes.
1699 1699 1896 1750 Equidem

517 1782 595 1806 non
629 1767 796 1805 desinam
829 1776 895 1803 tua
925 1765 1076 1802 decreta
1107 1763 1337 1802 defendere:
1371 1764 1433 1802 sed
1454 1764 1553 1802 nosti
1574 1764 1896 1802 consuetudinem

516 1833 755 1870 hominum:
789 1831 876 1874 scis,
907 1843 1026 1881 quam
1057 1829 1223 1880 graviter
1254 1829 1409 1867 inimici
1441 1829 1510 1881 ipsi
1542 1829 1602 1866 illi
1636 1829 1895 1880 QScaevolae

516 1898 678 1936 fuerint.
702 1897 801 1935 Tibi
821 1904 950 1933 tamen
971 1895 1056 1932 sum
1076 1895 1222 1939 austor,
1240 1903 1297 1939 ut,
1316 1895 1341 1931 fi
1359 1895 1502 1946 quibus
1520 1894 1632 1932 rebus
1653 1894 1782 1947 poffis,
1805 1907 1895 1932 eum

517 1964 594 2001 tibi
614 1962 791 2000 ordinem
811 1970 877 1999 aut
898 1960 1141 2004 reconcilies,
1172 1969 1238 1997 aut
1259 1960 1431 2011 mitiges.
1478 1959 1524 1997 Id
1552 1960 1618 1998 etfi
1640 1960 1800 1998 difficile
1826 1960 1894 2006 est,

518 2039 649 2067 tamen
670 2027 770 2067 mihi
791 2027 944 2065 videtur
964 2026 1034 2065 effe
1055 2026 1270 2078 prudentiae
1291 2034 1381 2064 tuae.
1414 2026 1526 2065 Vale.

553 2225 694 2263 MT.
720 2224 768 2262 C.
793 2223 1301 2270 S.D.L.VALER10,
1332 2224 1859 2275 JURisCONSULTo.

519 2354 571 2392 X.
594 2351 766 2424 CUR
797 2352 903 2389 enim
934 2351 1009 2389 tibi
1039 2351 1118 2389 hoc
1148 2365 1226 2390 non
1258 2351 1468 2404 gratificer,
1500 2349 1654 2395 nescio;
1685 2349 1897 2402 praesertim

692 2430 784 2454 cum
815 2415 877 2454 his
910 2417 1153 2469 temporibus
1185 2417 1342 2454 audacia
1371 2429 1442 2468 pro
1468 2415 1653 2467 sapientia
1679 2415 1794 2452 liceat
1820 2415 1894 2452 uti.

520 2483 692 2524 Lentulo
719 2481 848 2521 nostro
873 2483 934 2534 egi
962 2496 1029 2535 per
1056 2483 1184 2521 literas
1213 2492 1282 2522 tuo
1308 2482 1467 2521 nomine
1498 2481 1638 2533 gratias
1671 2480 1892 2533 diligenter.
