2351 2997
564 279 637 319 132
905 267 1586 305 EPISTOLARUM

560 364 758 414 Equidem
791 379 882 402 cum
912 364 995 403 haec
1023 366 1252 410 scribebam,
1283 366 1431 417 aliquid
1453 368 1537 418 jam
1563 368 1692 405 aetum
1716 366 1902 418 putabam
1919 383 1932 410 ;

559 442 639 466 non
667 443 745 481 quo
771 443 832 480 ego
850 430 1081 480 certosciam,
1113 430 1176 467 sed
1205 430 1310 481 quod
1340 430 1441 468 haud
1464 431 1636 469 difficilis
1666 440 1745 469 erat
1774 432 1932 482 conjec-

560 501 658 531 tura.
705 494 810 530 Nam
841 507 933 530 cum
962 494 1090 531 omnis
1122 494 1217 531 belli
1247 494 1355 531 Mars
1386 496 1623 540 communis,
1654 504 1692 533 et
1719 509 1810 533 cum
1830 495 1931 533 sem-

558 571 626 608 per
646 559 785 595 incerti
805 559 932 595 exitus
948 559 1171 610 praeliorum
1192 560 1303 603 sunt;
1328 568 1413 597 tum
1430 559 1505 597 hoc
1523 569 1695 612 tempore
1716 561 1769 597 ita
1784 574 1933 612 magnae

559 622 743 674 utrinque
763 623 899 674 copiae,
922 623 974 660 ita
994 633 1129 675 paratae
1151 623 1196 661 ad
1218 624 1537 676 depugnandum,
1560 624 1631 662 effe
1652 624 1851 668 dicuntur,
1874 632 1933 669 ut,

557 696 801 740 utercunque
822 688 972 733 vicerit,
992 703 1068 726 11011
1087 690 1131 727 fit
1152 690 1299 727 mirum
1319 689 1514 728 futurum.
1549 690 1620 727 Illa
1641 690 1681 727 in
1698 689 1777 727 dies
1801 690 1932 740 singu-

557 752 615 790 los
636 754 759 805 magis
780 754 978 806 magisque
994 755 1128 806 opinio
1144 754 1354 792 hominum
1371 755 1637 800 confirmatur,
1657 756 1773 792 etiam
1790 754 1815 791 si
1833 755 1933 792 inter

556 818 682 856 causas
704 832 900 857 armorum
921 820 1166 872 aliquantum
1187 821 1347 865 intersit,
1381 830 1507 858 tamen
1530 821 1631 858 inter
1650 820 1825 858 viciorias
1851 832 1931 857 non

555 883 731 921 multum
751 883 1048 923 interfuturum.
1073 885 1228 923 Alteros
1246 885 1624 937 propemodumjam
1643 885 1773 922 sumus
1790 898 1928 936 exper-

555 948 614 993 ti3
647 948 693 986 de
713 949 832 987 altero
854 963 970 987 nemo
990 950 1041 987 est
1063 951 1159 1002 quin
1180 951 1341 1002 cogitet,
1373 964 1464 988 cum
1486 950 1530 988 sit
1558 949 1789 988 metuendus
1810 950 1929 987 iratus

554 1014 678 1051 vidior
697 1024 879 1053 armatus.
913 1017 1004 1053 Hoc
1026 1016 1113 1054 loco
1129 1017 1154 1054 fi
1172 1017 1303 1054 videor
1319 1030 1455 1068 augere
1472 1016 1647 1053 dolorem
1664 1024 1793 1059 tuum,
1810 1027 1930 1067 quem

554 1079 788 1117 consolando
818 1081 940 1118 levare
970 1081 1129 1119 debeam
1146 1100 1157 1126 3
1190 1081 1313 1119 fateor
1342 1095 1404 1118 me
1433 1081 1709 1119 communium
1736 1080 1931 1118 malorum

553 1143 859 1182 consolationem
882 1145 1032 1183 nullam
1062 1146 1249 1191 invenire,
1280 1155 1416 1198 pr‘aeter
1442 1146 1579 1190 illam;
1613 1159 1698 1198 quae
1728 1154 1871 1189 tamen,
1903 1144 1930 1182 fi

552 1209 666 1260 poffis
696 1223 780 1247 eam
810 1203 1017 1263 suscipere,
1044 1212 1214 1249 maxima
1244 1212 1311 1256 est,
1343 1224 1497 1264 quaque
1517 1225 1588 1263 ego
1609 1210 1785 1263 quotidie
1806 1210 1930 1262 magis

554 1284 642 1312 utor
657 1294 668 1319 ;
700 1275 978 1314 conscientiam
1000 1278 1109 1315 rectae
1130 1277 1342 1315 voluntatis
1374 1277 1587 1314 maximam
1619 1275 1929 1314 consolationem

552 1339 624 1377 effe
645 1354 773 1378 rerum
795 1341 1164 1387 incommodarum,
1196 1356 1266 1380 nec
1293 1342 1364 1380 esse
1392 1342 1518 1380 ullum
1546 1355 1734 1394 magnum
1761 1341 1926 1386 malum,

553 1415 689 1457 praeter
709 1407 879 1458 culpam.
913 1409 949 1444 A
971 1421 1047 1459 qua
1066 1421 1158 1445 cum
1180 1417 1333 1445 tantum
1354 1408 1550 1452 absumus,
1578 1417 1620 1444 ut
1640 1407 1757 1445 etiam
1778 1407 1928 1459 optime

552 1470 794 1515 senserimus,
825 1473 1060 1524 eventusque
1080 1473 1203 1523 magis
1225 1472 1342 1510 nostri
1363 1473 1528 1517 consilii,
1559 1485 1677 1524 quam
1703 1472 1926 1516 confilium,

551 1535 872 1588 reprehendatur5
896 1546 933 1575 et
954 1551 1046 1575 cum
1066 1537 1329 1590 praestitimus,
1347 1538 1452 1589 quod
1473 1538 1696 1582 debuimus,
1713 1537 1924 1582 moderate,

549 1601 656 1653 quod
675 1603 818 1646 evenit,
849 1601 1033 1641 feramus.
1081 1602 1152 1640 Sed
1184 1602 1259 1640 hoc
1287 1601 1387 1639 mihi
1416 1612 1544 1640 tamen
1570 1616 1647 1639 non
1669 1602 1794 1647 sumo,
1826 1610 1868 1639 ut
1889 1610 1927 1639 te

548 1667 722 1705 consoler
753 1667 799 1704 de
831 1669 1110 1705 communibus
1137 1669 1329 1713 miseriis5
1363 1682 1447 1720 quae
1474 1668 1519 1704 ad
1541 1667 1820 1705 consolandum
1841 1681 1924 1704 ma-

541 1733 639 1784 joris
661 1733 824 1784 ingenii,
842 1733 940 1771 etad
962 1733 1167 1771 ferendum
1185 1733 1385 1785 singularis
1404 1734 1574 1777 virtutis,
1593 1733 1784 1784 indigent.
1818 1733 1923 1770 Illud

548 1798 671 1835 cuivis
705 1798 818 1835 facile
849 1799 902 1835 est
933 1799 1084 1844 docere,
1116 1813 1186 1836 cur
1212 1799 1405 1850 praecipue
1434 1808 1475 1835 tu
1497 1798 1625 1835 dolere
1646 1797 1747 1835 nihil
1769 1798 1920 1835 debeas.

550 1864 645 1914 Ejus
667 1864 787 1908 enim,
819 1864 887 1916 qui
921 1865 1064 1902 tardior
1094 1865 1133 1902 in
1167 1874 1204 1902 te
1236 1864 1398 1902 levando
1430 1863 1522 1908 fuit,
1554 1876 1669 1915 quam
1698 1862 1781 1900 fore
1807 1872 1923 1914 puta—

548 1941 693 1971 remus,
725 1942 802 1965 non
833 1928 884 1965 est
917 1928 1017 1966 mihi
1047 1929 1166 1966 dubia
1195 1929 1241 1965 de
1272 1938 1336 1966 tua
1367 1929 1484 1966 salute
1515 1927 1728 1965 sententia:
1762 1927 1807 1965 de
1837 1927 1922 1965 aliis

546 2002 676 2030 autem
700 2007 775 2030 11011
797 1993 961 2031 arbitror
982 2003 1019 2031 te
1045 1996 1243 2046 expectare
1270 1994 1365 2045 quid
1393 1994 1568 2031 sentiam.
1614 1993 1831 2044 Reliquum
1852 1993 1920 2037 est,

549 2068 591 2095 ut
614 2068 649 2096 te
670 2068 797 2110 angat,
829 2059 934 2110 quod
956 2060 1050 2096 abfis
1072 2073 1091 2097 a
1112 2061 1188 2097 tuis
1211 2059 1374 2097 tamdiu.
1408 2060 1486 2096 Res
1509 2058 1679 2103 molesta,
1711 2058 1924 2110 praesertim

547 2124 593 2160 ab
615 2124 660 2160 iis
684 2124 826 2175 pueris,
859 2125 1002 2175 quibus
1025 2124 1125 2162 nihil
1147 2125 1270 2176 potest
1291 2124 1361 2161 effe
1383 2123 1570 2162 festivius.
1618 2124 1704 2168 Sed,
1737 2132 1780 2160 ut
1809 2123 1856 2160 ad
1886 2133 1923 2161 te

548 2188 675 2240 scripsi
696 2198 818 2233 antea,
842 2196 995 2240 tempus
1017 2189 1068 2226 est
1088 2188 1329 2241 hujusmodi,
1348 2198 1391 2226 ut
1413 2189 1518 2226 suam
1538 2189 1701 2241 quisque
1721 2188 1919 2225 conditio-

546 2267 637 2290 nem
665 2253 920 2290 miserrimam
947 2263 1072 2305 putet,
1103 2264 1156 2298 et,
1187 2254 1256 2291 ubi
1286 2253 1449 2306 quisque
1479 2254 1538 2298 fit,
1570 2253 1627 2290 ibi
1657 2252 1728 2290 effe
1757 2253 1922 2290 minime

546 2318 654 2355 velit.
696 2317 893 2369 Equidem
916 2332 983 2355 nos
1006 2318 1112 2369 quod
1134 2320 1271 2356 Romre
1292 2319 1439 2363 sumus,
1471 2318 1733 2356 miserrimum
1753 2318 1823 2356 effe
1844 2318 1919 2356 du-

546 2396 619 2427 6ος
653 2396 730 2420 11011
764 2383 888 2420 solum
921 2383 1026 2435 quod
1057 2385 1098 2421 in
1130 2384 1241 2421 malis
1275 2384 1459 2421 omnibus
1492 2383 1666 2421 acerbius
1696 2383 1748 2420 est
1775 2382 1917 2428 videre,

545 2461 661 2499 quam
689 2448 833 2491 audire,
865 2448 928 2486 sed
958 2449 1075 2486 etiam
1108 2449 1213 2500 quod
1240 2448 1286 2485 ad
1313 2462 1447 2486 omnes
1475 2449 1580 2487 casus
1609 2448 1827 2486 subitorum
1847 2461 1916 2500 pe-

545 2512 759 2551 riculorum
797 2513 919 2565 magis
960 2513 1102 2565 objecti
1141 2514 1287 2558 sumus,
1329 2527 1446 2565 quam
1485 2514 1512 2552 fi
1549 2513 1775 2552 abeffemus.
1835 2512 1916 2551 Etfi
