2351 2997
579 266 654 317 360
923 261 1605 300 EPISTOLARUM

578 364 729 401 summa
749 372 814 400 tua
834 362 955 414 gratia
974 375 1016 399 ac
1038 363 1212 413 potentia
1232 375 1248 398 a
1273 370 1308 398 te
1330 362 1548 413 impetrare,
1572 362 1596 398 s1
1618 361 1822 413 petiissem,
1849 360 1954 399 ultro

579 439 617 466 te
637 429 682 466 ad
704 443 765 466 me
786 427 960 464 detulisse
982 427 1141 478 putabo,
1173 426 1199 463 fi
1221 426 1320 463 hanc
1341 440 1422 463 rem
1444 427 1713 478 impetravero.
1746 427 1851 464 Illud
1872 426 1955 463 fore

579 495 653 530 tibi
675 494 899 544 adjumento
922 492 1042 542 spero,
1075 491 1185 541 cujus
1207 490 1285 541 ipse
1308 490 1431 527 Caesar
1451 490 1521 527 esse
1542 492 1714 542 optimus
1730 492 1852 543 judex
1880 504 1952 542 po—

578 558 675 595 test:
711 557 857 608 semper
889 555 1077 593 Caesarem
1109 555 1250 606 Capito
1282 563 1319 592 et
1351 554 1475 591 coluit
1506 564 1544 591 et
1576 555 1727 593 dilexit.
1775 556 1847 593 Sed
1876 556 1955 607 ipse

579 622 697 673 hujus
719 622 772 658 rei
794 621 895 657 testis
918 620 970 657 est
989 635 996 657 :
1031 620 1120 657 novi
1142 618 1314 656 hominis
1337 620 1581 656 memoriam.
1628 621 1765 672 Itaque
1789 619 1891 657 nihil
1919 629 1956 658 te

579 687 714 724 doceo.
767 688 945 723 Tantum
985 685 1057 722 tibi
1099 685 1240 722 sumito
1274 698 1345 736 pro
1380 684 1572 736 Capitone
1610 685 1712 736 apud
1753 685 1955 730 Caesarem,

579 761 772 804 quantum
793 751 919 803 ipsum
942 749 1158 787 meminiffe
1179 749 1331 787 senties.
1378 750 1479 801 Ego,
1512 749 1618 801 quod
1638 750 1679 786 in
1700 764 1763 787 me
1784 750 1866 802 ipso
1886 763 1955 788 ex—

578 818 696 870 periri
725 817 851 869 potui,
882 815 928 852 ad
953 825 989 853 te
1011 814 1207 852 deferam:
1241 815 1281 852 in
1314 828 1359 851 eo
1390 824 1583 866 quantum
1609 815 1654 852 sit
1683 816 1879 867 ponderis,
1912 824 1955 853 tu

580 883 744 920 videbis.
789 882 920 931 Qam
950 890 1099 932 partem
1134 881 1173 917 in
1207 879 1408 930 republica
1437 880 1667 931 causamque
1699 880 1955 925 defenderim,

580 961 648 999 per
686 959 783 997 quos
820 945 998 982 homines
1033 943 1262 995 ordinesque
1297 943 1481 987 steterim,
1527 943 1746 995 quibusque
1779 945 1957 982 munitus

580 1010 739 1054 fuerim,
772 1023 849 1046 non
871 1010 1037 1060 ignoras.
1083 1009 1174 1046 Hoc
1195 1006 1295 1045 mihi
1316 1008 1435 1045 velim
1457 1009 1601 1051 credas,
1632 1007 1658 1044 fi
1680 1008 1776 1059 quid
1796 1008 1958 1047 fecerim

579 1076 657 1114 hoc
679 1076 760 1128 ipso
782 1076 820 1112 in
844 1075 948 1112 bello
969 1075 1099 1112 minus
1122 1087 1167 1111 ex
1191 1073 1346 1111 Caesaris
1369 1073 1583 1117 voluntate,
1615 1073 1720 1124 quod
1751 1074 1957 1111 intellexe-

580 1142 657 1178 rim
689 1140 784 1178 scire
818 1140 945 1191 ipsum
981 1139 1183 1183 Caesarem,
1215 1152 1278 1175 me
1313 1138 1585 1176 invitiffimum
1619 1137 1775 1183 fecisse,
1809 1139 1848 1175 id
1882 1138 1959 1176 feci

575 1207 747 1243 aliorum
768 1205 943 1249 consilio,
966 1204 1138 1249 hortatu,
1161 1204 1386 1241 auctoritate
1405 1219 1412 1241 :
1437 1204 1540 1254 quod
1563 1203 1706 1241 fuerim
1728 1204 1962 1242 moderatior

579 1271 923 1323 temperatiorque,
960 1283 1077 1321 quam
1112 1270 1151 1306 in
1187 1282 1228 1306 ea
1262 1278 1368 1320 parte
1403 1269 1625 1320 quisquam,
1661 1268 1700 1305 id
1735 1283 1797 1306 me
1830 1269 1959 1306 feciffe

580 1338 752 1374 maxime
773 1337 997 1373 auctoritate
1020 1335 1252 1387 Capitonis,
1285 1335 1396 1385 cujus
1419 1335 1560 1371 similes
1583 1334 1608 1371 fi
1634 1335 1805 1385 reliquos
1828 1335 1958 1372 neces-

581 1403 694 1440 sarios
717 1401 946 1445 habuissem,
979 1400 1204 1452 reipublicae
1225 1398 1376 1436 fortaffe
1397 1398 1595 1443 nonnihil,
1622 1398 1723 1436 mihi
1744 1409 1846 1437 certe
1866 1400 1958 1451 plu-

581 1469 743 1510 rimum,
775 1465 1015 1517 profuiffem.
1052 1466 1169 1502 Hanc
1190 1478 1286 1507 rem,
1318 1464 1374 1501 mi
1396 1464 1552 1508 Plance,
1576 1463 1601 1500 fi
1622 1463 1809 1508 effeceris,
1832 1478 1960 1503 meam

581 1532 628 1569 de
659 1542 724 1569 tua
752 1544 840 1582 erga
869 1543 932 1568 me
967 1529 1236 1567 benevolentia
1269 1528 1375 1580 spem
1405 1528 1722 1573 confirmaveris3
1755 1528 1960 1580 ipsumque

580 1597 832 1648 Capitonem,
863 1595 1134 1646 gratissimum,
1166 1593 1499 1637 officiofiffimum,
1521 1594 1719 1644 optimum
1741 1594 1883 1638 virum,
1915 1594 1961 1630 ad

580 1670 689 1699 tuam
710 1660 1028 1698 necessitudinem
1050 1670 1117 1698 tuo
1137 1658 1292 1697 summo
1314 1658 1504 1696 beneficio
1525 1658 1760 1710 adjunxeris.
1795 1658 1905 1696 Vale.

785 1865 849 1902 M.
882 1866 935 1902 T.
970 1865 1283 1903 C.ACIL10
1325 1863 1501 1900 Pnoc.
1543 1863 1580 1900 S.
1614 1862 1659 1900 P.
1693 1863 1747 1900 D.

580 1993 715 2030 XXX.
741 1990 896 2062 LUC
913 1992 1016 2029 IUS
1047 1990 1223 2028 Manlius
1245 1989 1297 2027 est
1318 1990 1430 2028 Sosis.
1468 1990 1504 2027 Is
1525 1988 1603 2026 fuit
1625 1988 1865 2027 Catinenfis:
1898 1976 1961 2028 sed

837 2056 890 2094 est
920 2070 996 2093 una
1024 2069 1117 2093 cum
1147 2055 1306 2106 reliquis
1338 2055 1609 2106 Neapolitanis
1643 2054 1738 2091 civis
1760 2054 1962 2092 Romanus

580 2121 719 2165 faetus,
751 2121 986 2172 decurioque
1008 2120 1179 2171 Neapoli
1198 2134 1206 2157 :
1238 2128 1318 2156 erat
1338 2119 1444 2156 enim
1465 2118 1678 2170 adscriptus
1701 2118 1741 2155 in
1766 2117 1806 2154 id
1826 2119 1961 2155 muni-

580 2187 733 2238 cipium
753 2195 841 2223 ante
862 2186 1061 2223 civitatem
1084 2184 1196 2222 sociis
1216 2194 1255 2221 et
1277 2184 1429 2222 Latinis
1451 2184 1594 2221 datam.
1628 2185 1725 2235 Ejus
1746 2182 1862 2221 frater
1883 2184 1961 2221 Ca-

580 2252 671 2289 tinae
704 2265 828 2304 nuper
858 2261 1037 2289 mortuus
1071 2250 1138 2288 est.
1185 2250 1353 2288 Nullam
1385 2250 1549 2286 omnino
1581 2249 1815 2286 arbitramur
1844 2248 1890 2285 de
1921 2261 1963 2285 ea

579 2316 793 2354 hereditate
814 2316 1110 2354 controverfiam
1131 2328 1222 2352 eum
1243 2314 1500 2359 habiturum,
1532 2322 1571 2351 et
1597 2313 1650 2351 est
1674 2313 1791 2351 hodie
1818 2313 1859 2350 in
1889 2313 1961 2349 bo-

579 2383 640 2420 nis
659 2397 669 2420 ε
702 2382 778 2427 sed,
806 2382 991 2433 quoniam
1012 2380 1130 2418 habet
1151 2389 1330 2432 praeterea
1350 2379 1506 2431 negotia
1526 2387 1651 2416 vetera
1671 2379 1711 2415 in
1734 2378 1866 2415 Sicilia
1885 2377 1961 2421 sua,

580 2456 619 2484 et
639 2446 739 2484 hanc
760 2446 1015 2484 hereditatem
1037 2445 1246 2482 fraternam
1266 2453 1305 2481 et
1331 2444 1464 2481 omnia
1492 2444 1574 2495 ejus
1605 2443 1679 2480 tibi
1711 2441 1960 2485 commendO,

580 2511 621 2550 in
642 2511 856 2565 primisque
877 2510 1005 2562 ipsum
1026 2510 1154 2548 virum
1175 2509 1375 2560 optimum
1396 2507 1576 2560 mihique
1602 2506 1960 2550 familiarissimum‚
