2351 2997
642 298 736 337 AD
794 294 1262 336 FAMILIARES
1321 295 1454 335 LIB.
1505 297 1579 337 IX.
1733 310 1811 351 207

815 533 1059 571 CICERO
1102 532 1414 573 VARRONI.

424 660 482 698 ΙΙ.
506 657 574 732 C
589 660 626 697 A
640 659 681 698 N
699 660 718 698 I
734 660 777 699 N
794 661 812 699 I
827 660 865 698 U
880 660 918 705 S,
950 659 1055 698 idem
1081 668 1172 698 tuus
1200 669 1238 698 et
1264 660 1370 698 idem
1392 660 1533 705 noster,
1564 674 1657 699 cum
1678 662 1724 699 ad
1744 675 1808 700 me

604 725 820 777 pervesperi
839 724 1012 770 veniffet,
1043 733 1083 762 et
1109 724 1145 762 se
1172 724 1355 777 postridie
1376 739 1489 763 mane
1516 725 1562 763 ad
1591 735 1627 764 te
1656 727 1808 765 iturum

423 790 496 828 effe
515 790 696 835 dixisset,
729 789 813 828 dixi
843 790 880 827 ei
910 803 974 827 me
1005 789 1190 827 daturum
1216 790 1367 842 aliquid
1398 804 1539 835 mane5
1572 800 1616 828 ut
1642 800 1805 844 peteret,

421 856 569 907 rogavi.
603 855 823 908 Conscripfi
844 854 1048 907 epistolam
1070 857 1211 893 nod‘ffl:
1235 868 1307 893 nec
1328 855 1396 893 ille
1416 856 1462 893 ad
1482 869 1545 893 me
1566 856 1681 894 rediit
1699 872 1708 895 ;
1732 857 1806 895 ob·-

422 921 542 959 litum
562 921 724 960 credidi.
761 923 950 959 Attamen
971 935 1056 959 eam
1077 921 1199 974 ipsam
1220 922 1294 959 tibi
1315 921 1517 974 epistolam
1538 922 1717 960 mififfem
1739 937 1808 975 per

421 999 545 1031 meos,
577 987 647 1024 nifi
674 986 860 1024 audiffem
886 1001 934 1025 ex
960 986 1112 1032 eodem,
1144 986 1328 1039 postridie
1347 996 1385 1024 te
1406 1001 1518 1026 mane
1538 1002 1559 1025 e
1579 988 1806 1026 Tusculano

421 1052 637 1090 exiturum.
684 1054 739 1090 At
768 1052 842 1090 tibi
873 1061 1029 1105 repente
1060 1052 1194 1104 paucis
1222 1052 1306 1104 post
1332 1052 1486 1098 diebus,
1517 1067 1610 1091 cum
1641 1054 1806 1091 minime

422 1119 679 1169 expectarem,
711 1118 818 1155 venit
838 1117 885 1154 ad
905 1131 968 1155 me
989 1118 1179 1155 Caninius
1200 1131 1313 1155 mane
1332 1133 1340 1156 :
1373 1118 1568 1170 proficisci
1589 1118 1635 1156 ad
1664 1128 1700 1156 te
1730 1119 1804 1156 sta-

422 1183 497 1220 tim
526 1183 644 1221 dixit.
690 1183 772 1221 Etfi
799 1191 878 1221 erat
897 1180 991 1220 ἕωλος
1010 1183 1079 1220 illa
1098 1182 1272 1235 epistola,
1304 1184 1516 1236 praesertim
1538 1186 1655 1222 tantis
1676 1184 1806 1237 postea

421 1248 533 1285 novis
561 1248 675 1285 rebus
707 1248 847 1293 allatis,
880 1257 1009 1286 tamen
1036 1249 1161 1301 perire
1189 1248 1505 1287 lucubrationem
1527 1263 1655 1287 meam
1676 1249 1802 1294 nolui,

420 1321 460 1350 et
479 1326 562 1350 eam
583 1313 704 1364 ipsam
727 1313 896 1350 Caninio
917 1313 1004 1350 dedi
1023 1328 1031 1351 :
1065 1313 1127 1351 sed
1148 1327 1241 1351 cum
1265 1327 1324 1359 eo,
1356 1323 1394 1351 et
1424 1313 1587 1352 homine
1619 1314 1733 1351 docto
1765 1324 1804 1352 et

420 1378 481 1415 tui
505 1377 778 1422 amantiffimo,
810 1378 965 1415 locutus
996 1391 1038 1415 ea
1067 1378 1167 1423 sum,
1200 1393 1285 1430 quae
1315 1379 1512 1430 pertulifl‘e
1542 1379 1659 1417 illum
1689 1380 1736 1417 ad
1767 1389 1804 1417 te

419 1442 612 1481 existimo.
659 1443 758 1481 Tibi
782 1453 912 1481 autem
933 1443 1039 1481 idem
1059 1444 1211 1481 confilii
1232 1444 1296 1490 do,
1328 1445 1434 1496 quod
1455 1444 1726 1497 mihimetipfi,
1760 1455 1803 1483 ut

421 1506 588 1545 vitemus
616 1508 751 1545 oculos
780 1507 1007 1552 hominum,
1038 1507 1064 1545 fi
1095 1508 1247 1560 linguas
1279 1510 1410 1546 minus
1441 1509 1555 1547 facile
1585 1510 1801 1561 pofi'umus.

419 1573 501 1623 Qi
522 1574 629 1610 enim
648 1573 809 1611 vietor-ia
828 1574 864 1611 se
884 1573 1066 1618 efferunt,
1097 1575 1200 1625 quafi
1222 1574 1342 1612 victos
1371 1588 1440 1612 nos
1469 1576 1673 1612 intuentur
1691 1591 1699 1613 :
1733 1577 1803 1627 qui

421 1646 550 1674 autem
579 1638 700 1675 victos
732 1637 804 1676 effe
835 1637 982 1675 nostros
1014 1638 1174 1676 moleste
1205 1638 1352 1683 ferunt,
1385 1653 1455 1676 nos
1488 1639 1623 1677 dolent
1657 1640 1799 1678 vivere.

422 1703 581 1753 Qaeres
602 1702 768 1748 fortasse,
791 1717 874 1748 cur,
892 1716 985 1741 cum
1005 1702 1087 1742 haec
1109 1705 1149 1740 in
1172 1704 1266 1741 urbe
1288 1704 1376 1749 fint,
1400 1719 1478 1742 non
1500 1706 1635 1750 abfim,
1658 1720 1801 1757 quem-

420 1767 632 1805 admodum
664 1777 722 1806 tu.
769 1769 836 1806 Tu
867 1769 975 1805 enim
1006 1768 1099 1820 ipse,
1132 1769 1201 1820 qui
1234 1777 1271 1805 et
1303 1783 1365 1806 me
1398 1779 1436 1806 et
1467 1770 1562 1806 alios
1596 1770 1803 1821 prudentia

420 1833 559 1878 vincis,
591 1834 736 1878 omnia,
769 1833 898 1877 credo,
931 1833 1086 1871 vidisti:
1121 1833 1222 1871 nihil
1245 1843 1282 1871 te
1302 1835 1466 1872 omnino
1491 1834 1649 1872 fefellit.
1698 1836 1800 1891 Qis

420 1898 472 1935 est
507 1908 586 1935 tam
618 1899 792 1949 lynceus,
825 1899 894 1951 qui
926 1899 966 1935 in
1001 1900 1117 1936 tantis
1151 1899 1319 1936 tenebris
1354 1899 1455 1937 nihil
1488 1900 1674 1945 offendat,
1707 1901 1800 1938 nus-

419 1977 537 2015 quam
558 1964 761 2001 incurrat?
793 1965 854 2001 Ac
883 1963 985 2001 mihi
1015 1964 1175 2017 quidem
1200 1966 1282 2016 jam
1314 1966 1465 2016 pridem
1488 1967 1593 2003 venit
1621 1967 1661 2002 in
1686 1980 1799 2004 men-

420 2039 515 2074 tem,
538 2030 688 2067 bellum
708 2030 779 2068 effe
799 2030 932 2082 aliquo
951 2031 1070 2075 exire,
1103 2040 1146 2068 ut
1166 2044 1222 2075 ea,
1245 2044 1329 2082 quae
1350 2032 1564 2083 agebantur
1583 2031 1664 2076 hic,
1692 2046 1800 2084 quae-

419 2109 495 2147 que
517 2095 760 2139 dicebantur,
792 2109 863 2132 nec
884 2095 1069 2140 viderem,
1102 2110 1173 2133 nec
1201 2096 1389 2135 audirem.
1437 2097 1508 2134 Sed
1535 2097 1803 2135 calumniabar

420 2161 499 2212 ipse
518 2176 526 2198 :
559 2161 759 2212 putabam,
792 2161 861 2212 qui
882 2161 1037 2199 obviam
1059 2161 1159 2198 mihi
1186 2162 1358 2206 venisset,
1390 2171 1433 2200 ut
1454 2163 1598 2214 cuique
1619 2177 1800 2201 commo-

420 2225 515 2263 dum
537 2226 639 2270 effet,
663 2225 961 2277 suspicaturum,
984 2235 1050 2263 aut
1070 2226 1282 2271 dicturum,
1301 2228 1419 2264 etiam
1441 2228 1465 2265 fi
1487 2241 1566 2265 non
1588 2227 1799 2279 suspicare-

420 2300 510 2328 tur:
546 2291 627 2328 Hic
649 2299 713 2327 aut
735 2291 892 2335 metuit,
923 2299 961 2327 et
990 2304 1032 2328 ea
1062 2304 1099 2328 re
1129 2290 1262 2343 fugit;
1294 2302 1360 2329 aut
1390 2292 1538 2344 aliquid
1568 2293 1730 2344 cogitat,
1762 2303 1801 2330 et

418 2356 537 2393 habet
558 2369 694 2394 navem
714 2365 899 2408 paratam.
935 2357 1133 2408 Denique,
1166 2357 1350 2395 levissnne
1372 2359 1440 2410 qui
1461 2358 1730 2410 suspicaretur,
1762 2368 1800 2396 et

419 2422 489 2474 qui
509 2421 660 2459 fortasse
681 2435 743 2459 me
764 2422 912 2474 optime
933 2422 1108 2467 noviffet,
1139 2432 1293 2475 putaret
1322 2438 1385 2461 me
1414 2424 1562 2461 idcirco
1591 2423 1798 2469 discedere,

417 2486 524 2538 quod
544 2487 732 2539 quosdam
752 2486 932 2524 homines
953 2487 1060 2524 oculi
1081 2488 1159 2525 mei
1180 2488 1279 2526 ferre
1300 2503 1378 2526 non
1402 2490 1564 2542 possent.
1607 2489 1705 2526 Haec
1726 2502 1800 2539 ego

418 2552 610 2606 suspicans
633 2551 760 2591 adhuc
781 2553 918 2592 Romae
938 2566 1076 2592 maneo
1095 2568 1104 2592 :
1136 2562 1175 2592 et
1196 2563 1325 2593 tamen
1354 2551 1532 2597 λεληθότως
1558 2553 1798 2592 consuetudo
