2351 2997
528 272 609 316 444
875 260 1562 303 EPISTOLARUM

531 369 608 401 tuae
640 361 822 415 capiebam
852 375 896 400 ex
910 359 1059 412 silentio
1091 373 1252 398 mearum
1281 359 1492 398 literarum.
1540 358 1774 397 Vehementer
1792 358 1912 411 igitur

526 426 680 479 gaudeo,
711 437 747 464 te
774 428 973 477 meamstne
1000 424 1226 462 dubitatione
1257 423 1422 475 accepiſje
1454 424 1725 477 excusationem.
1773 424 1912 463 Gratos

531 491 604 530 tibi
621 493 828 544 optatasque
847 489 920 541 (μ’,
951 488 1016 541 qui
1032 487 1073 526 de
1091 502 1144 526 me
1165 502 1324 525 rumores
1345 488 1573 540 afferuntur,
1603 503 1672 528 non
1696 488 1834 533 dubito,
1864 489 1916 527 mi

531 556 717 606 dulciffi'me
739 552 826 592 Tiro
843 569 855 591 .·
881 551 1142 606 praestaboque,
1173 561 1209 590 et
1229 552 1366 598 enitar,
1389 561 1431 590 ut
1451 552 1488 590 in
1508 552 1581 590 dies
1599 554 1714 606 magis
1732 554 1914 607 magisque

531 619 610 658 hcec
629 621 775 673 nascens
793 618 834 656 de
854 632 906 655 me
924 617 1132 669 duplicetur
1150 616 1277 669 opinio.
1317 617 1442 667 Qlare
1461 617 1556 669 quod
1565 618 1748 670 polliceris
1767 626 1803 655 te
1822 617 1911 655 buc-

531 684 827 737 cinatoremfire
847 682 1114 735 existimationis
1133 696 1232 726 nicee,
1251 682 1365 734 firmo
1386 682 1427 720 id
1445 683 1688 738 constantique
1706 683 1823 722 animo
1835 683 1912 736 fa-

532 749 607 787 cias
626 751 724 788 licet.
758 746 921 788 Tantum
939 748 1030 786 enim
1049 747 1141 786 mibi
1156 746 1307 786 dolorem
1327 748 1602 800 cruciatumque
1619 749 1833 787 attulerunt
1851 762 1913 785 er·-

533 824 623 853 rata
641 815 767 854 aetatis
786 829 885 859 meae,
917 823 959 852 ut
990 827 1059 852 non
1076 814 1197 866 solum
1221 812 1363 853 animus
1382 813 1548 866 afacffis,
1566 813 1640 867 fid
1654 828 1762 852 aures
1781 826 1917 866 quoque

533 895 557 920 a
594 881 918 920 commemoratione
948 878 1187 917 abhorreant.
1238 878 1353 928 Cujus
1383 886 1420 916 te
1432 879 1694 931 sollicitudinis
1721 888 1757 917 et
1787 878 1917 917 doloris

525 946 748 1000 participem
759 945 886 998 susse,
917 953 1042 983 notum
1074 943 1370 996 exploratumque
1400 943 1445 994 cst
1474 944 1566 982 mibi
1578 962 1590 988 ;
1620 958 1684 982 nec
1703 943 1744 981 id
1768 944 1915 982 mirum.

533 1011 637 1049 Nam
670 1025 748 1050 cum
782 1011 900 1049 omnia
931 1024 1008 1048 mea
1036 1011 1143 1062 causa
1163 1009 1272 1047 velles
1291 1008 1382 1046 mihi
1385 1008 1560 1061 succssiz,
1593 1018 1670 1047 tum
1690 1009 1799 1047 etiam
1820 1017 1887 1046 tua
1902 1023 1919 1047 .“,

521 1076 662 1128 socium
683 1077 774 1114 enim
794 1085 830 1114 te
849 1089 1004 1113 meorum
1025 1073 1278 1113 commodorum
1284 1076 1432 1126 semper
1452 1074 1513 1127 effi}
1532 1075 1646 1113 volui.
1678 1073 1785 1125 Qod
1799 1073 1920 1125 igitur

535 1150 614 1181 tum
647 1156 690 1179 ex
719 1156 773 1179 me
801 1140 952 1192 dotasti,
983 1153 1093 1184 nunc,
1124 1147 1167 1177 ut
1200 1138 1407 1191 duplicetur
1440 1127 1544 1177 tuum
1573 1153 1617 1177 ex
1647 1153 1702 1178 me
1726 1138 1917 1191 gaudium,

529 1205 722 1258 preestabo.
769 1206 950 1258 Cratippo
978 1219 1031 1243 me
1037 1205 1135 1258 scito
1155 1218 1224 1242 non
1245 1213 1287 1242 ut
1307 1203 1530 1256 dyctpulum,
1546 1203 1620 1257 sed
1640 1213 1682 1242 ut
1688 1204 1828 1256 filium,
1859 1203 1920 1256 effe

536 1270 860 1325 conjunttiffi'mum.
891 1271 993 1308 Mzm
1013 1284 1092 1309 cum
1113 1278 1148 1308 et
1167 1268 1273 1307 audio
1293 1269 1394 1308 illum
1412 1268 1581 1315 libenter,
1603 1279 1681 1308 tum
1701 1269 1810 1307 etiam
1824 1277 1918 1321 pro-

529 1335 655 1388 priam
685 1336 758 1387 ejus
770 1335 1005 1389 stcavitatem
1025 1335 1254 1374 vehementer
1272 1335 1480 1387 amplector.
1529 1335 1616 1374 Sum
1637 1344 1729 1373 totos
1748 1333 1821 1372 dies
1840 1347 1920 1373 cum

536 1414 585 1444 eo,
617 1401 1048 1455 noctisquesaepenumero
1061 1409 1211 1453 partem
1227 1415 1240 1438 .·
1271 1413 1376 1440 exoro
1396 1399 1487 1438 enim
1508 1407 1550 1438 ut
1569 1413 1703 1439 mecum
1723 1399 1917 1451 quamsae-

531 1465 665 1519 pffme
685 1476 811 1506 coenet.
843 1467 931 1505 Hac
950 1465 1161 1505 introducta
1180 1464 1442 1518 consuetudine,
1450 1466 1554 1517 saepe
1573 1463 1803 1517 inscientibus
1822 1462 1922 1501 nobis

537 1541 573 1571 et
592 1532 819 1572 caenantibus
837 1531 990 1584 obrepit,
1007 1530 1233 1585 sublataque
1238 1530 1448 1583 severitate
1462 1529 1708 1582 philosophiae,
1733 1529 1919 1582 humanis-

523 1598 616 1649 sime
634 1597 811 1652 nobiscum
818 1597 987 1649 jocatur.
1032 1598 1159 1651 Qare
1177 1596 1224 1635 da
1243 1604 1401 1648 operam,
1433 1603 1476 1635 ut
1495 1595 1591 1634 hunc
1610 1596 1733 1640 talem,
1764 1607 1840 1633 tam
1848 1595 1920 1645 ju-

537 1663 706 1709 cundum,
736 1673 813 1703 tam
832 1664 1057 1702 excellentem
1076 1663 1202 1701 virum
1221 1661 1347 1700 videas
1367 1675 1474 1714 quam
1487 1661 1662 1714 primum.
1705 1661 1808 1699 Nam
1837 1659 1929 1713 quid.

537 1742 598 1781 ego
617 1729 659 1768 de
677 1729 834 1768 Bruttio
852 1727 969 1767 dicam
985 1728 1005 1766 ἒ
1036 1742 1137 1781 quem
1167 1727 1263 1766 nullo
1283 1736 1439 1782 tempore
1458 1741 1482 1764 a
1500 1741 1554 1764 me
1567 1727 1697 1779 patior
1715 1725 1890 1779 discedere
1904 1740 1919 1763 .·

538 1795 639 1847 cujus
671 1809 751 1833 cum
767 1795 890 1847 frugi
903 1797 1111 1847 severaque
1135 1793 1180 1846 est
1206 1794 1305 1839 vita,
1336 1802 1415 1831 tum
1442 1793 1551 1830 etiam
1560 1792 1816 1844 jucundffma
1835 1806 1921 1830 con-

539 1862 663 1900 viclio.
709 1861 798 1899 Non
831 1860 876 1913 cst
906 1860 998 1898 enim
1014 1860 1205 1913 st’junc'lus
1222 1859 1330 1910 jocus
1359 1873 1384 1896 a
1412 1858 1624 1910 philologia,
1655 1868 1691 1897 et
1711 1857 1923 1910 quotidiana

538 1922 699 1976 συζητήσᾷ.
746 1925 849 1963 Huic
878 1939 941 1977 ego
969 1925 1081 1963 locum
1110 1925 1147 1963 in
1168 1924 1335 1976 proximo
1355 1922 1511 1962 conduxi
1522 1941 1534 1967 ς
1565 1932 1615 1967 et,
1647 1931 1689 1960 ut
1702 1921 1849 1975 pff‘m⁵
1880 1935 1923 1958 ex

539 1990 623 2028 meis
659 1990 833 2042 angzstiis
865 1990 962 2028 illius
981 1989 1146 2042 sttstento
1177 1989 1407 2029 tenuitatem.
1457 1988 1653 2026 Praeterea
1689 1986 1923 2025 declamitare

541 2055 672 2093 Grcece
702 2054 804 2107 apud
821 2054 974 2109 Caſjium
993 2054 1145 2106 institui,
1177 2054 1319 2092 Latine
1337 2063 1459 2091 autem
1478 2052 1580 2104 apud
1596 2053 1794 2091 Bruttium
1815 2066 1921 2089 exer-

541 2122 618 2159 ceri
645 2121 737 2160 volo,
785 2121 879 2159 Utor
894 2120 1168 2173 familiaribus,
1199 2132 1233 2157 et
1268 2118 1488 2172 quotidianis
1517 2117 1796 2162 convictoribus,
1840 2131 1924 2169 quos

527 2189 652 2241 ficum
686 2186 877 2239 Mitylenis
913 2186 1116 2239 Cratippus
1149 2184 1317 2230 adduxit,
1349 2183 1549 2223 hominibus
1574 2193 1611 2223 et
1644 2183 1768 2229 doctis,
1799 2192 1835 2221 et
1867 2183 1926 2221 illi

535 2252 804 2305 p7·obat3ffi'7nt's.
838 2252 1006 2290 Multum
1026 2252 1134 2290 etiam
1155 2265 1287 2292 mecum
1307 2250 1353 2302 ‹st
1373 2251 1585 2303 Epicrates,
1605 2250 1777 2303 princeps
1797 2248 1922 2287 Athe-

541 2319 722 2371 niensium,
754 2328 787 2355 et
819 2317 1008 2364 Leonides,
1040 2328 1076 2356 et
1106 2317 1233 2357 horum
1262 2316 1391 2355 caeteri
1401 2316 1554 2369 similes.
1599 2313 1652 2351 τὰ
1684 2310 1743 2360 W)
1774 2309 1822 2348 οὖν
1849 2310 1926 2349 καθ’

539 2382 626 2431 ἡμεῖς
645 2377 735 2421 τάδε.
771 2383 836 2420 De
855 2383 998 2436 Gorgia
1017 2393 1138 2422 autem
1157 2382 1252 2437 quod
1269 2382 1360 2420 mihi
1362 2380 1515 2434 scribis,
1547 2389 1630 2418 erat
1650 2378 1789 2432 quidem
1809 2378 1867 2416 ille
1885 2377 1927 2417 in.

540 2449 751 2501 quotidiana
770 2448 1024 2487 declamatione
1044 2451 1146 2488 utilis
1161 2466 1174 2488 .-
1192 2448 1265 2502 st’d
1281 2448 1397 2486 omnia
1411 2447 1600 2500 postpcfiti,
1621 2443 1801 2484 dummodo
1815 2452 1922 2496 prae—

539 2515 651 2567 ceptis
669 2516 792 2567 patris
806 2523 991 2568 parerem,
1039 2509 1209 2565 Διαῤῥνζὸίω
1228 2514 1319 2554 enim
1337 2514 1562 2567 firzpstrat,
1592 2521 1636 2551 ut
1661 2525 1738 2551 eum
1757 2509 1921 2549 dimitte-
