2351 2997
484 216 510 254 4
830 206 1515 245 EPISTOLARUM

486 304 595 342 omni
623 304 839 357 suspicione
860 307 1113 359 cupiditatis:
1147 321 1239 345 cum
1266 316 1395 345 autem
1424 309 1506 359 ejus
1536 307 1745 346 familiares
1775 321 1863 346 om-

486 371 599 408 nium
620 371 803 409 ordinum
824 372 949 416 video,
968 372 1173 424 perspicio,
1191 373 1231 409 id
1252 373 1358 424 quod
1372 374 1455 425 jam
1476 374 1660 412 omnibus
1681 374 1733 413 est
1754 388 1863 426 aper-

485 444 587 480 tum,
620 445 741 474 totam
764 451 844 474 rem
866 436 975 474 istam
991 438 1229 489 jampridem
1249 451 1269 474 a
1289 439 1403 477 certis
1424 438 1670 484 hominibus,
1701 453 1780 478 non
1802 441 1863 477 in-

487 501 569 539 vito
589 514 677 552 rege
697 501 794 553 ipso,
817 502 1118 554 consiliariisque
1138 504 1236 554 ejus,
1254 503 1325 541 effe
1345 513 1582 556 corruptam.
1616 505 1714 543 Haec
1735 505 1864 557 scripfi

486 575 574 604 ante
595 567 699 604 diem
722 580 814 605 xvl.
837 566 915 605 kal.
939 567 1056 605 Febr.
1079 577 1167 605 ante
1188 568 1333 606 lucem.
1366 570 1426 607 Eo
1446 569 1508 606 die
1528 569 1677 607 senatus
1698 578 1777 607 erat
1798 569 1863 607 fu-

486 640 612 670 turus.
660 632 746 669 Nos
772 632 812 669 in
833 632 978 677 senatu,
1011 633 1345 685 quemadmodum
1366 634 1489 686 spero,
1520 635 1754 686 dignitatem
1775 635 1864 672 nos-

485 705 601 742 tram,
634 706 677 734 ut
706 697 830 749 potest
856 699 896 734 in
925 706 1029 735 tanta
1048 697 1260 736 hominum
1279 699 1441 751 perfidia
1460 709 1498 737 et
1517 700 1739 752 iniquitate,
1771 700 1865 738 reti-

485 761 684 800 nebimus.
730 761 848 813 Qod
869 762 914 800 ad
935 763 1164 815 popularem
1191 763 1382 802 rationem
1407 765 1560 810 attinet,
1592 764 1668 803 hoc
1688 765 1868 803 videmur

485 826 558 865 effe
577 827 790 872 consecuti,
823 837 866 865 ut
886 841 933 865 ne
953 829 1050 881 quid
1070 830 1129 881 agi
1153 843 1245 867 cum
1265 830 1429 882 populo,
1450 840 1517 868 aut
1537 830 1648 869 salvis
1669 830 1865 883 auspiciis,

486 900 554 930 aut
582 892 692 930 salvis
723 892 892 944 legibus,
923 903 989 931 aut
1018 893 1186 946 denique
1215 894 1292 932 fine
1321 895 1374 940 vi,
1406 895 1533 947 pofiit.
1581 897 1642 934 De
1668 895 1865 934 his‘rebus

485 956 627 1008 pridie,
658 969 777 1007 quam
804 955 886 994 haec
908 957 1052 1010 scripfi,
1084 958 1234 996 senatus
1264 959 1468 997 auftoritas
1497 960 1714 1011 graviffima
1741 960 1866 998 inter-

486 1020 615 1059 ceffit:
638 1021 703 1059 cui
724 1034 815 1059 cum
837 1023 936 1059 Cato
956 1031 995 1060 et
1017 1023 1206 1061 Caninius
1227 1024 1530 1069 interceffiffent,
1554 1034 1682 1062 tamen
1703 1024 1756 1062 est
1775 1038 1866 1076 per-

486 1085 640 1138 scripta.
687 1086 787 1123 Eam
818 1086 865 1123 ad
897 1096 934 1123 te
966 1087 1117 1124 miffam
1146 1088 1217 1125 effe
1245 1088 1425 1126 arbitror.
1471 1090 1534 1127 De
1560 1089 1706 1127 caeteris
1735 1089 1865 1134 rebus,

486 1149 682 1202 quidquid
702 1151 775 1188 erit
804 1152 947 1196 actum,
980 1151 1146 1189 scribam
1180 1152 1226 1189 ad
1262 1161 1326 1190 te:
1358 1162 1410 1197 et,
1445 1162 1487 1191 ut
1516 1167 1634 1205 quam
1663 1153 1866 1193 rectiffime

486 1226 649 1267 agantur
682 1217 829 1262 omnia,
869 1230 954 1254 mea
988 1231 1092 1263 cura,
1130 1231 1258 1270 opera,
1299 1218 1517 1271 diligentia,
1557 1220 1692 1273 gratia,
1732 1220 1866 1272 provi-

487 1281 601 1320 debo.
634 1282 744 1320 Vale.

772 1480 834 1517 M.
867 1481 921 1518 Τ.
955 1482 1003 1519 C.
1038 1481 1082 1518 P.
1117 1480 1423 1519 LENTULO
1456 1482 1492 1520 S.
1527 1483 1580 1520 D.

490 1606 565 1644 ΙΙΙ.
585 1604 704 1677 AU
720 1607 754 1644 L
771 1607 806 1644 O
839 1608 1056 1653 Trebonio,
1079 1609 1148 1660 qui
1169 1609 1209 1646 in
1232 1618 1297 1646 tua
1316 1609 1516 1661 provincia
1535 1623 1676 1661 magna
1696 1612 1865 1663 negotia,

693 1682 730 1709 et
751 1673 893 1724 ampla,
911 1683 949 1710 et
969 1674 1164 1725 expedita,
1182 1673 1314 1718 habet,
1337 1674 1485 1712 multos
1507 1688 1626 1713 annos
1650 1684 1737 1713 utor
1757 1677 1867 1714 valde

488 1737 744 1775 familiariter.
793 1738 829 1775 Is
851 1751 943 1775 cum
964 1747 1073 1775 antea
1093 1738 1242 1790 semper
1262 1748 1300 1776 et
1330 1739 1397 1776 suo
1426 1739 1642 1790 splendore,
1674 1750 1712 1777 et
1743 1741 1869 1778 nostra

486 1812 795 1854 caeterorumque
837 1804 1056 1840 amicorum
1094 1803 1449 1849 commendatione,
1499 1805 1787 1856 gratiosissimus
1826 1807 1867 1844 in

488 1869 688 1920 provincia
707 1867 805 1913 fuit;
831 1878 916 1906 tum
937 1868 1013 1906 hoc
1035 1878 1210 1922 tempore
1228 1878 1387 1922 propter
1409 1879 1522 1908 tuum
1542 1871 1583 1908 in
1600 1885 1662 1908 me
1678 1884 1865 1917 amorem,

488 1933 734 1985 nostramque
751 1934 1084 1979 neceffitudinem,
1103 1934 1353 1972 vehementer
1368 1935 1532 1973 confidit
1552 1935 1613 1974 his
1631 1937 1727 1974 meis
1745 1937 1867 1975 literis

489 1999 525 2038 se
545 1998 648 2051 apud
668 2008 705 2036 te
724 1999 937 2050 gratiosum
958 1999 1062 2037 fore:
1087 2013 1171 2051 quae
1192 2013 1240 2037 ne
1260 1999 1342 2052 spes
1362 2013 1454 2038 eum
1473 1999 1597 2045 fallat,
1619 2001 1869 2040 vehementer

489 2078 583 2116 rogo
605 2073 667 2109 te,
697 2065 1012 2117 commendoque
1033 2065 1108 2103 tibi
1127 2067 1210 2117 ejus
1231 2066 1364 2103 omnia
1383 2067 1552 2117 negotia,
1575 2066 1750 2112 libertos,
1772 2082 1866 2120 pro-

489 2138 697 2174 curatores,
735 2129 955 2175 familiam;
997 2131 1269 2183 inprimisque,
1305 2140 1364 2176 ut,
1399 2145 1485 2183 quae
1524 2133 1577 2170 T.
1610 2133 1780 2184 Ampius
1820 2133 1868 2172 de

489 2197 571 2248 ejus
593 2209 632 2233 re
652 2196 878 2242 decreverit,
910 2210 951 2234 ea
971 2197 1219 2250 comprobes,
1250 2197 1512 2249 omnibusque
1545 2198 1658 2235 rebus
1690 2211 1781 2235 eum
1813 2199 1867 2236 ita

489 2263 640 2306 tracites,
672 2271 715 2299 ut
750 2263 945 2315 intelligat
978 2277 1106 2302 meam
1140 2263 1524 2303 commendatIOnem
1558 2277 1636 2302 non
1667 2264 1866 2317 vulgarem

488 2326 613 2364 suiffe.
646 2326 755 2364 Vale.
