2351 2997
588 336 661 377 170
926 322 1605 364 EPISTOLARUM

583 423 722 467 ablata,
753 422 916 460 domum
947 422 1068 460 redire
1088 421 1317 472 properabas
1336 436 1344 458 ε
1378 433 1448 458 nec
1469 420 1543 458 tibi
1568 420 1607 457 in
1628 428 1802 458 mentem
1821 419 1952 457 venie-

584 488 663 531 bat,
699 500 762 524 eos
796 487 912 537 ipsos,
953 487 1021 537 qui
1055 499 1147 522 cum
1181 483 1408 536 syngraphis
1442 484 1628 522 veniffent
1662 483 1952 527 Alexandriam,

583 564 794 588 nummum
813 550 939 588 adhuc
961 550 1117 587 nullum
1141 548 1289 586 auferre
1318 548 1497 600 potuiffe.
1542 550 1645 600 Ego,
1676 549 1702 586 fi
1734 550 1811 586 mei
1843 563 1954 586 com-

583 616 691 653 modi
712 617 900 653 rationem
923 615 1120 658 ducerem,
1152 624 1188 652 te
1209 628 1365 652 mecum
1386 613 1457 651 esse
1477 614 1646 651 maxime
1667 614 1822 651 vellem.
1859 614 1955 652 Non

583 681 691 718 enim
720 680 909 718 mediocri
937 679 1130 717 afficiebar
1150 679 1209 717 vel
1230 678 1430 730 voluptate
1449 692 1497 716 ex
1517 677 1796 716 consuetudine
1816 677 1953 722 nostra,

583 745 644 783 vel
666 745 834 783 utilitate
854 759 900 783 ex
921 745 1081 782 confilio
1101 753 1216 796 atque
1236 756 1351 795 opera
1371 752 1449 781 tua.
1483 742 1555 780 Sed
1575 756 1667 781 cum
1689 752 1725 780 te
1741 756 1787 780 ex
1807 741 1954 779 adoles-

583 811 710 848 centia
731 820 797 848 tua
815 811 856 847 in
877 811 1091 848 amicitiam
1120 818 1158 847 et
1187 809 1307 847 fidem
1327 821 1452 846 meam
1473 807 1709 852 contulisses,
1742 807 1890 859 semper
1919 815 1957 845 te

585 889 663 913 non
684 876 802 913 modo
823 876 1013 913 tuendum
1034 875 1149 919 mihi,
1182 874 1244 912 sed
1272 875 1390 911 etiam
1419 873 1641 925 augendum
1670 882 1786 924 atque
1813 885 1956 910 ornan-

585 940 694 985 dum,
725 941 873 992 putavi.
920 942 1054 991 Itaque
1074 939 1200 991 quoad
1227 939 1406 990 opinatus
1437 938 1523 976 sum
1551 951 1614 975 me
1643 938 1684 974 in
1713 937 1956 989 provinciam

584 1006 797 1050 exiturum,
833 1020 919 1057 quae
952 1005 998 1043 ad
1033 1015 1069 1042 te
1103 1006 1207 1043 ultro
1241 1004 1464 1048 detulerim,
1504 1002 1720 1040 meminiffe
1754 1011 1791 1040 te
1825 1003 1955 1040 credo.

585 1069 717 1106 Postea
737 1083 854 1120 quam
875 1083 960 1106 mea
979 1079 1127 1106 mutata
1147 1069 1244 1106 ratio
1263 1068 1330 1112 est,
1361 1081 1453 1105 cum
1474 1067 1645 1104 viderem
1671 1080 1735 1104 me
1763 1080 1784 1103 a
1813 1066 1958 1104 Caesare

584 1134 969 1171 honorificentiffime
991 1134 1156 1177 trafihiri,
1188 1141 1226 1170 et
1246 1133 1361 1170 unice
1381 1132 1508 1183 diligi,
1539 1131 1787 1183 hominisque
1814 1131 1957 1169 libera-

582 1199 733 1237 litatem
763 1199 1035 1236 incredibilem
1069 1208 1108 1236 et
1140 1197 1372 1249 singularem
1405 1196 1524 1234 fidem
1557 1196 1730 1240 noffem;
1766 1196 1817 1233 fic
1851 1196 1886 1233 ei
1920 1205 1958 1233 te

583 1262 855 1301 commendavi
874 1271 913 1300 et
933 1261 1088 1306 tradidi,
1119 1270 1162 1299 ut
1191 1260 1406 1312 graviffime
1434 1260 1800 1312 diligentissimeque
1828 1259 1956 1312 potui.

584 1328 704 1379 Qod
725 1327 791 1364 ille
811 1328 865 1365 ita
883 1337 921 1366 et
942 1326 1106 1378 accepit,
1123 1334 1161 1364 et
1182 1324 1282 1363 mihi
1304 1325 1398 1376 saepe
1419 1325 1541 1362 literis
1563 1324 1807 1376 fignificavit,
1824 1334 1862 1361 et
1884 1324 1958 1361 tibi

582 1402 621 1431 et
651 1392 778 1431 verbis
810 1402 847 1430 et
880 1405 918 1429 re
949 1390 1129 1435 ostendit,
1160 1404 1247 1428 mea
1274 1389 1613 1427 commendatione
1642 1388 1715 1426 sese
1745 1388 1854 1426 valde
1885 1388 1957 1425 effe

583 1466 846 1496 commotum.
891 1457 1014 1494 Hunc
1039 1465 1082 1494 tu
1102 1455 1230 1493 virum
1251 1456 1399 1499 na&u3,
1431 1454 1456 1491 fi
1478 1467 1540 1491 me
1561 1463 1625 1491 aut
1647 1453 1773 1504 sapere
1792 1453 1954 1504 aliquid,

584 1532 651 1561 aut
669 1523 768 1560 velle
789 1532 854 1559 tua
873 1521 982 1559 causa
1000 1530 1128 1573 putas,
1159 1534 1207 1557 ne
1236 1519 1425 1557 dimiseris
1444 1534 1453 1556 :
1485 1529 1537 1563 et,
1569 1519 1595 1555 fi
1616 1531 1700 1569 quae
1721 1527 1758 1555 te
1777 1517 1877 1555 forte
1898 1531 1955 1555 res

585 1588 793 1640 aliquando
822 1586 1042 1632 offenderit,
1073 1599 1166 1623 cum
1197 1586 1265 1623 ille
1291 1594 1357 1623 aut
1387 1585 1656 1636 occupatione,
1688 1592 1753 1620 aut
1783 1582 1956 1620 difficul-

587 1662 677 1698 tate,
707 1653 851 1691 tardior
872 1653 946 1689 tibi
965 1653 1037 1690 erit
1057 1652 1173 1695 visus,
1195 1650 1379 1702 perferto,
1401 1660 1439 1687 et
1460 1650 1600 1687 ultima
1618 1650 1840 1700 expe&ato;
1872 1662 1956 1699 quae

583 1732 655 1770 ego
683 1719 757 1756 tibi
783 1727 821 1755 et
847 1717 1022 1769 jucunda
1047 1726 1085 1755 et
1111 1715 1268 1754 honesta
1294 1715 1491 1767 praestabo.
1539 1714 1723 1752 Pluribus
1752 1722 1788 1750 te
1812 1712 1958 1750 hortari

585 1797 663 1821 non
684 1783 805 1820 debeo
824 1798 831 1820 :
866 1792 1018 1819 tantum
1046 1795 1201 1826 moneo,
1235 1795 1359 1833 neque
1379 1781 1561 1818 amicitiae
1581 1778 1856 1817 confirmandae
1877 1778 1958 1816 cla-

585 1849 718 1885 riffimi
746 1861 787 1885 ac
815 1847 1068 1884 liberalisiimi
1094 1846 1182 1890 viri,
1214 1859 1339 1897 neque
1366 1845 1554 1882 uberioris
1576 1843 1799 1896 provinciae,
1832 1856 1956 1894 neque

585 1913 720 1957 aetatis,
751 1913 872 1963 magis
894 1912 1079 1948 idoneum
1101 1920 1270 1962 tempus,
1302 1910 1327 1947 fi
1357 1909 1433 1946 hoc
1461 1908 1645 1952 amiseris,
1678 1918 1714 1945 te
1735 1908 1806 1944 effe
1829 1908 1954 1944 ullum

585 1991 759 2029 unquam
778 1986 1035 2028 reperturum.
1069 1976 1175 2019 Hoc,
1201 1974 1534 2026 quemadmodum
1555 1987 1621 2011 vos
1644 1973 1806 2010 scribere
1828 1972 1955 2009 soletis

584 2043 624 2079 iu
646 2041 775 2079 vestris
801 2042 926 2085 libris,
958 2040 1062 2078 idem
1089 2040 1352 2091 QCornelio
1378 2039 1594 2076 videbatur.
1640 2039 1686 2075 In
1716 2038 1956 2075 Britanniam

586 2116 622 2144 te
642 2105 862 2159 profec'tum
883 2119 960 2143 non
981 2105 1052 2144 effe
1071 2105 1233 2156 gaudeo,
1265 2103 1371 2156 quod
1398 2114 1435 2141 et
1463 2104 1592 2141 labore
1621 2102 1788 2146 caruisti,
1819 2112 1857 2139 et
1885 2116 1957 2153 ego

584 2182 620 2209 te
642 2171 687 2209 de
708 2171 823 2209 rebus
847 2171 926 2208 illis
949 2184 1025 2208 non
1047 2170 1214 2208 audiam.
1247 2170 1330 2207 Ubi
1351 2169 1396 2207 fis
1417 2168 1706 2213 hibernaturus,
1724 2177 1761 2206 et
1782 2180 1858 2220 qua
1877 2167 1955 2219 spe,

583 2246 648 2274 aut
668 2236 907 2281 conditione,
939 2236 1148 2288 perscribas
1169 2236 1215 2274 ad
1235 2249 1298 2274 me
1318 2235 1452 2274 velim.
1484 2234 1594 2272 Vale.
