2351 2997
626 228 720 266 AD
778 227 1243 269 FAMILIARES
1302 234 1434 272 LIB.
1486 236 1597 275 XIV.
1728 242 1803 294 389

426 326 561 365 amicis
597 327 747 372 scribis,
778 326 981 366 faciemus.
1028 330 1089 367 De
1124 330 1226 375 loco,
1258 345 1364 370 nunc
1398 334 1559 386 quidem
1589 338 1669 388 jam
1705 340 1802 377 abiit

425 392 656 444 pestilentia,
687 393 750 430 sed
770 394 957 445 quamdiu
978 393 1070 438 fuit,
1102 410 1164 433 me
1186 410 1264 434 non
1284 399 1429 450 attigit.
1464 401 1659 447 Plancius,
1683 402 1804 443 homo

425 458 735 504 offici0fiffimus,
767 472 830 496 me
864 460 975 512 cupit
1006 460 1076 498 effe
1108 460 1253 507 secum,
1286 472 1325 501 et
1356 464 1483 503 adhuc
1514 468 1667 506 retinet.
1715 471 1803 522 Ego

425 522 604 561 volebam
634 524 721 561 loco
750 525 873 576 magis
904 525 1051 563 deserto
1078 526 1149 564 effe
1176 528 1216 565 in
1248 529 1384 581 Epiro,
1416 545 1495 583 quo
1524 546 1648 584 neque
1674 535 1802 587 Hispo

423 588 585 633 veniret,
618 602 688 626 nec
710 589 884 627 milites:
917 590 979 626 sed
1009 590 1136 628 adhuc
1164 591 1346 631 Plancius
1377 609 1439 632 me
1468 598 1622 636 retinet.
1670 601 1802 651 Sperat

422 652 526 703 poffe
546 653 644 698 fieri,
676 662 719 691 ut
739 667 896 692 mecum
924 655 965 690 in
987 655 1141 692 Italiam
1162 656 1335 695 decedat.
1382 661 1513 711 Qem
1539 676 1611 713 ego
1638 663 1741 703 diem
1774 666 1799 703 fi

422 718 568 763 videro,
599 727 638 756 et
657 719 684 756 fi
704 719 745 755 in
766 718 933 757 vestrum
954 720 1209 772 complexum
1229 737 1381 769 venero,
1412 739 1455 763 ac
1476 727 1501 763 fi
1522 737 1560 765 et
1581 742 1646 766 vos
1674 740 1711 767 et
1738 745 1799 769 me

420 782 550 834 ipsum
577 796 818 835 recuperato,
851 784 938 822 satis
969 799 1159 838 magnum
1190 787 1291 826 mihi
1320 788 1493 828 fructum
1520 793 1680 831 videbor
1710 810 1798 847 per—

420 848 559 900 cepiffe
578 857 617 886 et
637 848 765 887 vestrae
789 851 958 902 pictam,
990 861 1028 889 et
1054 866 1163 891 meae.
1215 854 1364 893 Pisonis
1391 855 1629 904 humanitas,
1661 861 1797 907 virtus,

420 927 528 952 amor
548 915 588 952 in
610 928 745 953 omnes
768 929 837 953 nos
864 925 992 955 tantus
1019 917 1086 963 est,
1120 928 1162 957 ut
1191 919 1293 958 nihil
1323 921 1434 973 supra
1459 923 1585 974 possit.
1633 927 1799 974 Utinam

419 993 462 1017 ea
482 993 538 1018 res
561 981 595 1018 ei
615 981 808 1034 voluptati
830 982 875 1020 fit
893 998 901 1020 :
934 984 1067 1034 gloriae.
1087 985 1248 1036 quidem
1269 987 1381 1025 video
1407 988 1503 1027 fore.
1555 991 1616 1028 De
1644 993 1799 1043 Qinto

418 1043 535 1084 fratre
555 1045 657 1083 nihil
678 1060 750 1099 ego
772 1056 808 1086 te
828 1048 1028 1094 accusavi;
1052 1049 1115 1087 sed
1136 1065 1217 1096 vos,
1240 1066 1332 1090 cum
1353 1055 1562 1105 praesertirn
1584 1065 1662 1093 tam
1682 1060 1797 1109 pauci

418 1110 512 1155 sitis,
555 1111 663 1150 volui
696 1113 767 1150 effe
801 1127 919 1166 quam
953 1116 1300 1167 conjunctissimos.
1352 1120 1509 1170 Qibus
1543 1135 1606 1159 me
1640 1123 1797 1162 voluisti

417 1189 527 1227 agere
558 1178 713 1228 gratias,
744 1178 821 1230 egi,
852 1189 891 1217 et
923 1193 986 1217 me
1016 1194 1037 1217 a
1066 1189 1101 1219 te
1133 1184 1338 1222 certiorem
1370 1183 1516 1223 faenum
1547 1187 1618 1224 effe
1648 1187 1794 1240 scripfi.

417 1241 537 1292 Qod
561 1241 608 1279 ad
636 1256 714 1287 me,
745 1257 830 1281 mea
856 1245 1055 1290 Terentia,
1097 1246 1246 1293 scribis,
1279 1257 1315 1286 te
1347 1249 1480 1289 vicum
1511 1252 1791 1293 venditurum:

415 1306 527 1357 quid,
558 1308 717 1346 obsecro
739 1318 790 1354 te,
824 1311 905 1361 (me
924 1311 1129 1362 miserum)
1153 1314 1249 1365 quid
1271 1314 1450 1353 futurum
1470 1316 1521 1354 est
1540 1319 1552 1354 ?
1584 1319 1651 1364 Et,
1675 1319 1700 1357 fi
1721 1333 1792 1357 nos

414 1380 565 1422 premet
585 1372 718 1410 eadem
738 1373 910 1419 fortuna,
942 1376 1037 1427 quid
1060 1390 1179 1428 puero
1199 1379 1338 1417 misero
1359 1381 1453 1418 fiet?
1486 1383 1580 1420 Non
1601 1397 1701 1435 queo
1730 1398 1792 1422 re-

410 1435 522 1487 ·liqua
550 1436 728 1483 scribere,
763 1441 888 1491 (tanta
918 1440 975 1478 vis
1008 1441 1268 1492 lacrymarum
1299 1445 1369 1495 est)
1405 1460 1451 1483 ne
1485 1456 1521 1484 te
1551 1449 1592 1485 in
1624 1449 1793 1486 eundem

412 1499 550 1538 fletum
582 1501 786 1542 adducam.
833 1505 1011 1542 Tantum
1046 1506 1188 1552 scribo,
1219 1508 1245 1546 fi
1279 1520 1392 1547 erunt
1425 1512 1465 1548 in
1499 1512 1630 1550 officio
1659 1515 1790 1558 amici,

412 1566 577 1616 pecunia
597 1580 674 1604 non
697 1567 845 1613 deerit;
878 1570 904 1607 fi
925 1583 1004 1607 non
1025 1582 1153 1616 erunt,
1186 1582 1228 1611 tu
1255 1575 1406 1612 efficere
1433 1585 1498 1613 tua
1528 1579 1692 1628 pecunia
1711 1593 1789 1616 non

410 1632 570 1681 poteris.
618 1632 690 1670 Per
709 1632 884 1672 fortunas
907 1635 1060 1674 miseras
1082 1637 1242 1683 nostras,
1272 1639 1372 1684 vide,
1405 1655 1451 1678 ne
1471 1656 1636 1693 puerum
1658 1644 1789 1695 perdi-

410 1706 497 1734 tum
518 1697 723 1749 perdamus
742 1719 752 1744 ς
785 1701 849 1738 cui
870 1701 896 1739 fi
916 1701 1065 1753 aliquid
1085 1704 1172 1748 erit,
1205 1718 1253 1741 ne
1273 1716 1395 1757 egeat,
1426 1708 1613 1746 mediocri
1644 1710 1789 1747 virtute

410 1775 508 1813 opus
530 1763 596 1808 est,
628 1773 665 1802 et
686 1766 875 1804 mediocri
894 1766 1066 1813 fortuna,
1099 1778 1141 1806 ut
1163 1779 1297 1808 caetera
1316 1771 1584 1824 consequatur.
1622 1775 1698 1813 Fac
1719 1789 1786 1813 va-

410 1827 500 1872 leaS,
532 1837 570 1866 et
590 1829 636 1866 ad
656 1843 719 1868 me
741 1832 959 1870 tabellarios
981 1834 1128 1878 mittas,
1162 1843 1204 1872 ut
1225 1835 1340 1873 sciam
1362 1838 1458 1888 quid
1482 1849 1629 1890 agatur,
1661 1850 1698 1878 et
1720 1855 1785 1879 vos

408 1892 504 1943 quid
525 1894 659 1944 agatis.
704 1895 812 1933 Mihi
834 1897 998 1935 omnino
1012 1899 1095 1950 jam
1118 1900 1243 1937 brevis
1264 1903 1479 1953 expectatio
1499 1903 1565 1940 est.
1599 1905 1786 1943 Tulliolae

407 1965 446 1994 et
477 1958 660 1996 Ciceroni
688 1959 850 2000 salutem
881 1962 958 2000 dic.
1003 1964 1152 2002 valete.
1187 1965 1240 2003 D.
1273 1980 1305 2004 a.
1339 1967 1376 2004 d.
1409 1981 1451 2004 VI
1476 1969 1667 2007 Kalendas
1700 1972 1784 2008 De·-

408 2023 597 2067 cemboes,
630 2025 855 2075 Dyrrachii.
903 2028 1167 2078 Dyrrachium
1188 2032 1290 2075 veni,
1322 2033 1428 2082 quod
1448 2043 1485 2070 et
1507 2034 1626 2072 libera
1647 2036 1781 2073 civitas

406 2086 473 2131 est,
505 2097 542 2125 et
562 2089 602 2126 in
623 2102 686 2126 me
706 2091 890 2136 officiosa,
922 2102 959 2130 et
979 2095 1159 2144 proxima
1179 2096 1315 2134 Italiae.
1363 2098 1434 2135 Sed
1462 2099 1487 2136 fi
1519 2114 1580 2138 me
1613 2102 1781 2139 offender.

407 2152 483 2190 loci
505 2152 723 2200 celebritas,
754 2156 829 2194 alio
849 2171 912 2196 me
933 2157 1147 2198 conferam.
1180 2161 1243 2198 Ad
1267 2171 1301 2200 te
1324 2162 1502 2202 scribam.
