2351 2997
574 240 649 278 104
916 230 1595 269 EPISTOLARUM

567 336 675 365 tanto
705 328 879 372 confilio,
912 338 1093 380 tantaque
1124 330 1245 366 animi
1277 330 1564 381 magnitudine,
1595 344 1615 368 a
1646 343 1709 369 me
1738 331 1841 383 gesta
1871 331 1942 369 effe

566 393 788 445 cognosces,
811 403 854 430 ut
876 394 949 430 tibi
970 393 1097 430 multo
1118 394 1270 444 majori,
1295 408 1412 444 quam
1434 395 1644 433 Africanus
1664 395 1757 441 fuit,
1780 410 1842 434 me
1862 410 1941 434 non

566 459 693 496 multo
718 459 926 503 minorem,
958 472 1076 510 quam
1107 458 1289 502 Laelium,
1322 458 1436 496 facile
1464 469 1503 498 et
1532 461 1572 497 in
1604 462 1805 513 republica
1833 471 1871 501 et
1900 463 1941 500 in

566 523 738 560 amicitia
758 523 986 575 adjunctum
1006 522 1077 560 esse
1097 523 1253 574 patiare.
1287 524 1396 562 Vale.

634 725 696 762 M.
730 725 782 761 T.
818 725 865 761 C.
899 724 962 762 M.
996 725 1268 769 L1C1N10,
1310 725 1353 763 P.
1388 726 1434 763 F.
1468 726 1701 764 CRAsso
1744 728 1781 764 S.
1815 728 1868 765 D.

568 849 681 887 VIII.
701 848 1070 935 QUANTUM
1091 863 1223 887 meum
1245 850 1415 887 studium
1432 851 1606 888 extiterit
1626 851 1827 903 dignitatis
1850 860 1939 896 tuae‚

806 915 865 951 vel
888 915 1052 959 tuendae,
1075 915 1134 952 vel
1155 915 1271 952 etiam
1292 916 1488 966 augendae,
1518 929 1595 952 non
1617 916 1757 953 dubito
1778 918 1874 968 quin
1895 917 1942 953 ad

566 988 604 1015 te
624 992 758 1016 omnes
780 979 838 1015 tui
859 979 1090 1031 scripserint.
1124 980 1219 1016 Non
1240 980 1345 1016 enim
1367 978 1444 1016 fuit
1465 990 1529 1016 aut
1550 980 1758 1024 mediocre,
1780 990 1846 1017 aut
1866 980 1939 1017 ob-

566 1042 734 1087 scurum,
766 1052 831 1080 aut
856 1043 1060 1094 ejusmodi,
1092 1044 1197 1094 quod
1220 1043 1370 1080 silentio
1391 1044 1509 1095 poffet
1531 1045 1729 1095 praeteriri.
1777 1045 1883 1082 Nam
1903 1054 1942 1083 et

565 1121 655 1144 cum
678 1107 903 1145 consulibus
924 1117 961 1145 et
982 1121 1075 1145 cum
1096 1107 1232 1145 multis
1262 1107 1528 1145 consularibus
1559 1118 1664 1146 tanta
1692 1110 1943 1147 contentione

564 1172 768 1217 decertavi,
801 1181 944 1223 quanta
979 1185 1179 1224 nunquam
1214 1180 1324 1210 antea
1358 1172 1437 1209 ulla
1468 1173 1507 1210 in
1543 1173 1679 1217 causa5
1717 1173 1941 1226 suscepique

564 1236 666 1274 mihi
685 1247 910 1289 perpetuam
926 1238 1280 1289 propugnationem
1295 1251 1366 1289 pro
1382 1238 1566 1275 omnibus
1582 1239 1819 1276 ornamentis
1841 1240 1939 1283 tuis;

564 1304 763 1354 veterique
784 1302 918 1340 nostrae
940 1302 1206 1340 neceffitudini
1228 1302 1380 1354 jamdiu
1401 1303 1594 1347 debitum,
1626 1303 1688 1340 sed
1717 1304 1844 1341 multa
1871 1317 1937 1342 va-

565 1369 698 1406 rietate
738 1378 961 1421 temporum
1000 1369 1279 1420 interruptum,
1322 1368 1499 1406 officium
1537 1370 1736 1407 cumulate
1774 1369 1939 1408 reddidi.

566 1435 706 1485 Neque
726 1433 949 1472 mehercule
970 1447 1143 1485 unquam
1165 1434 1265 1472 mihi
1295 1435 1353 1471 tui
1382 1443 1448 1471 aut
1474 1434 1642 1480 colendi,
1674 1444 1740 1472 aut
1760 1435 1938 1481 ornandi,

562 1499 743 1536 voluntas
779 1497 904 1536 defuit
922 1513 931 1536 :
964 1497 1026 1536 sed
1056 1498 1230 1550 quaedam
1262 1498 1380 1550 pestes
1415 1497 1640 1544 hominum,
1671 1499 1784 1537 laude
1818 1500 1942 1537 aliena

565 1563 799 1608 dolentium,
822 1573 860 1601 et
881 1572 918 1602 te
939 1577 1222 1616 nonnunquam
1243 1577 1263 1601 a
1283 1578 1346 1601 me
1365 1564 1594 1610 alienarunt,
1620 1573 1658 1602 et
1679 1578 1742 1602 me
1762 1565 1940 1616 aliquan-

565 1628 616 1666 do
636 1629 897 1666 immutarunt
918 1629 1005 1667 tibi.
1053 1629 1125 1666 Sed
1151 1629 1283 1667 extitit
1304 1638 1457 1680 tempus
1479 1638 1657 1680 optatum
1679 1629 1779 1667 mihi
1800 1630 1939 1682 magis,

565 1707 683 1745 quam
704 1694 911 1746 speratum,
934 1703 991 1738 ut,
1014 1694 1288 1732 florentissimis
1311 1694 1387 1731 tuis
1409 1694 1537 1738 rebus,
1561 1707 1645 1732 mea
1665 1694 1829 1746 perspici
1850 1694 1940 1747 pos-

566 1759 620 1797 set
640 1768 677 1797 et
698 1759 885 1797 memoria
904 1759 1038 1797 nostrae
1058 1759 1284 1803 voluntatis,
1316 1768 1354 1796 et
1374 1759 1555 1797 amicitiae
1576 1759 1684 1798 fides.
1719 1761 1812 1797 Sum
1833 1761 1939 1798 enim

566 1824 810 1868 consecutus,
843 1837 918 1860 non
948 1823 1067 1860 modo
1094 1833 1139 1860 ut
1162 1823 1301 1861 domus
1324 1832 1390 1860 tua
1409 1832 1503 1868 tota,
1535 1823 1598 1860 sed
1619 1832 1663 1861 ut
1682 1825 1822 1861 cuneta
1840 1825 1939 1861 civi-

566 1898 637 1932 tas,
668 1902 731 1926 me
751 1888 825 1925 tibi
846 1888 1121 1925 amiciffimum
1141 1887 1212 1925 effe
1232 1887 1494 1939 cognosceret.
1539 1889 1675 1939 Itaque
1700 1897 1738 1926 et
1758 1888 1939 1940 praestan-

566 1952 707 1990 tiffima
726 1952 907 1990 omnium
933 1951 1185 1990 foeminarum
1215 1965 1313 1990 uxor
1341 1961 1420 1996 tua,
1451 1961 1490 1990 et
1509 1953 1653 1990 eximia
1671 1953 1826 2004 pietate,
1857 1953 1938 1991 vir-

565 2026 663 2062 tute,
685 2017 820 2069 gratia,
844 2017 901 2054 tui
924 2017 1056 2062 Cmffi,
1078 2018 1174 2054 meis
1196 2017 1381 2061 consiliis,
1404 2017 1580 2062 monitis,
1603 2017 1752 2062 studiis,
1774 2018 1939 2055 aetioni-

566 2083 728 2135 busque,
759 2083 968 2126 nituntur;
999 2091 1038 2120 et
1059 2082 1207 2120 senatus
1228 2082 1473 2134 populusque
1502 2083 1704 2120 Romanus
1734 2083 1938 2135 intelligit,

564 2148 640 2186 tibi
660 2148 808 2186 absenti
828 2146 929 2185 nihil
950 2147 1020 2186 effe
1041 2157 1121 2185 tarn
1141 2157 1384 2200 promptum,
1413 2157 1479 2185 aut
1500 2157 1578 2185 tarn
1599 2157 1790 2200 paratum,
1821 2162 1940 2200 quam

566 2214 607 2250 in
627 2213 811 2250 omnibus
834 2213 962 2258 rebus,
985 2227 1069 2265 quae
1089 2213 1135 2250 ad
1156 2222 1193 2250 te
1214 2213 1446 2265 pertineant,
1469 2225 1640 2264 operam,
1667 2226 1814 2257 curam,
1845 2213 1939 2250 dili-

565 2278 753 2331 gentiam,
785 2278 1052 2321 auctoritatem
1073 2292 1212 2316 meam.
1247 2280 1345 2330 Qae
1366 2279 1439 2316 fint
1458 2279 1552 2323 aea,
1581 2291 1742 2330 quaeque
1762 2287 1938 2329 agantur,

567 2342 869 2380 domesticorum
890 2342 963 2380 tibi
983 2343 1106 2380 literis
1127 2343 1310 2380 declarari
1329 2351 1440 2394 puto.
1487 2342 1548 2380 De
1575 2355 1639 2379 me
1659 2342 1708 2379 fic
1729 2342 1938 2387 existimes,

566 2421 609 2446 ac
630 2407 704 2446 tibi
724 2407 960 2460 persuadeas,
982 2406 1231 2445 vehementer
1251 2408 1385 2452 velim,
1408 2421 1486 2445 non
1507 2421 1569 2445 me
1590 2408 1791 2459 repentina
1810 2407 1940 2458 aliqua

566 2474 782 2519 voluntate,
811 2482 878 2512 aut
906 2472 1085 2518 fortuito,
1121 2473 1168 2510 ad
1200 2481 1306 2511 tuam
1339 2472 1642 2524 amplitudinem
1675 2472 1770 2510 meis
1799 2471 1938 2509 officiis
