2351 2997
587 234 660 274 130
926 220 1611 260 EPISTOLARUM

580 320 650 373 qui
670 320 716 358 ad
737 328 774 358 te
794 320 1103 372 proficiscantur,
1121 319 1215 357 scire
1237 333 1315 357 non
1335 319 1488 372 poffim.
1521 321 1652 372 Qare
1671 319 1792 358 velim
1811 319 1866 358 ita
1884 320 1958 359 sta-

580 394 712 423 tutum
732 383 888 430 habeas,
910 398 972 422 me
995 385 1051 422 tui
1074 384 1303 422 memoriam
1323 397 1416 422 cum
1437 384 1588 422 summa
1608 385 1879 424 benevolentia
1898 395 1958 424 te-

579 465 683 495 nere,
716 451 875 502 tuasque
903 463 1038 487 omnes
1069 463 1126 487 res
1157 462 1235 487 non
1256 449 1402 487 minori
1421 449 1523 487 mihi
1552 464 1668 496 curae,
1698 465 1817 504 quam
1838 465 1957 498 meas,

578 516 663 553 effe.
689 515 808 566 Qod
828 515 972 566 majore
993 514 1033 552 in
1050 515 1232 552 varietate
1247 514 1390 552 versata
1405 514 1457 552 est
1473 514 1600 553 adhuc
1617 525 1684 554 tua
1697 517 1821 563 causa,
1839 532 1958 570 quam

578 579 759 618 homines
789 589 855 617 aut
883 579 1080 624 volebant,
1112 589 1177 617 aut
1206 580 1481 631 opinabantur,
1513 579 1615 618 mihi
1642 580 1768 627 crede,
1799 595 1879 620 non
1905 583 1959 621 est

578 659 648 698 pro
669 645 782 684 malis
810 654 1049 698 temporum,
1081 645 1186 697 quod
1215 645 1375 683 moleste
1404 645 1516 684 feras.
1564 646 1724 684 Neceffe
1753 647 1807 684 est
1834 649 1957 692 enim,

577 719 643 748 aut
674 712 789 749 armis
821 713 949 763 urgeri
981 711 1268 763 rempublicam
1297 711 1569 764 sempiternis;
1601 721 1681 757 aut,
1712 711 1774 749 his
1805 713 1955 765 pofitis,

577 777 735 814 recreari
758 776 990 828 aliquando;
1023 785 1089 813 aut
1119 775 1300 814 funditus
1330 776 1500 815 interire.
1549 777 1588 814 Si
1618 790 1723 814 arma
1753 777 1955 822 valebunt,

577 854 649 879 nec
669 855 748 886 eos,
777 855 797 879 a
817 842 961 893 quibus
983 841 1179 893 reciperiS,
1201 842 1322 879 vereri
1343 841 1487 886 debes;
1521 855 1591 880 nec
1611 855 1691 887 eos,
1723 855 1821 894 quos
1842 842 1955 895 adju-

576 906 676 944 visti.
711 907 748 943 Si
769 907 884 944 armis
906 916 972 944 aut
992 906 1217 944 conditione
1233 906 1382 959 positis,
1399 915 1464 944 aut
1484 906 1760 959 defatigatione
1780 908 1954 960 abjectis,

574 980 640 1008 aut
662 972 820 1009 victoria
840 972 1032 1016 detractis,
1055 972 1191 1009 civitas
1213 972 1480 1023 respiraverit;
1512 981 1550 1009 et
1571 971 1760 1024 dignitate
1780 972 1859 1010 frui
1881 973 1956 1010 tibi

574 1045 612 1074 et
633 1035 802 1074 fortunis
823 1036 974 1075 licebit.
1017 1037 1082 1074 Sin
1104 1038 1268 1074 omnino
1288 1037 1508 1074 interierint
1529 1038 1674 1081 omnia,
1705 1037 1904 1089 fueritque
1924 1039 1956 1076 is

573 1101 716 1145 exitus,
748 1115 866 1153 quem
888 1102 945 1139 vir
972 1101 1289 1153 prudentiffimus
1320 1102 1383 1139 M.
1409 1102 1608 1139 Antonius
1623 1103 1708 1154 jam
1729 1111 1815 1140 tum
1835 1103 1954 1141 time-

573 1166 652 1211 bat,
676 1180 768 1203 cum
791 1175 944 1204 tantum
965 1159 1101 1203 instare
1122 1167 1317 1205 malorum
1338 1167 1627 1219 suspicabatur5
1660 1167 1797 1205 misera
1815 1168 1868 1205 est
1887 1168 1957 1206 illa

573 1231 734 1283 quidem
764 1231 992 1275 consolatio,
1026 1231 1092 1268 tali
1114 1232 1324 1283 praesertim
1345 1233 1422 1269 civi
1443 1241 1480 1270 et
1500 1233 1598 1277 viro,
1630 1231 1693 1269 sed
1723 1241 1852 1270 tamen
1882 1247 1952 1271 ne-

572 1296 736 1341 ceffaria,
769 1296 870 1334 nihil
900 1297 971 1335 effe
1000 1297 1194 1349 praecipue
1224 1299 1410 1350 cuiquam
1440 1298 1654 1336 dolendum
1684 1299 1724 1335 in
1755 1312 1814 1343 eo,
1846 1299 1954 1350 quod

570 1362 713 1400 accidit
741 1363 939 1401 universis.
986 1364 1084 1415 Qae
1114 1364 1170 1400 vis
1201 1364 1290 1401 infit
1320 1364 1361 1401 in
1391 1363 1453 1401 his
1482 1365 1615 1416 paucis
1646 1364 1788 1408 verbis,
1823 1365 1954 1416 (plura

569 1427 676 1465 enim
696 1428 981 1466 committenda
1000 1427 1170 1480 epistolae
1192 1442 1269 1466 non
1290 1429 1415 1479 erant)
1440 1429 1465 1466 fi
1486 1429 1676 1473 attendes,
1708 1429 1814 1481 quod
1839 1428 1950 1475 facis,

569 1491 744 1544 profecto
772 1492 890 1530 etiam
919 1492 997 1529 fine
1025 1493 1123 1531 meis
1155 1493 1277 1531 literis
1307 1493 1520 1545 intelliges,
1552 1503 1589 1531 te
1617 1493 1766 1545 aliquid
1793 1492 1950 1538 habere,

568 1556 675 1608 quod
696 1557 846 1608 speres;
880 1556 981 1594 nihil
1003 1557 1107 1609 quod
1129 1566 1194 1595 aut
1219 1557 1310 1602 hoc,
1342 1567 1407 1596 aut
1437 1558 1570 1610 aliquo
1598 1558 1824 1610 reipublicae
1854 1558 1953 1596 statu

568 1623 731 1660 timeas:
764 1623 897 1660 omnia
917 1623 942 1660 s1
964 1623 1197 1668 interierint,
1230 1637 1322 1661 cum
1351 1623 1594 1675 superstitem
1624 1632 1661 1661 te
1691 1623 1762 1661 effe
1788 1624 1951 1675 reipub·-

567 1687 664 1732 licae,
688 1702 749 1733 ne,
777 1689 802 1725 fi
824 1688 938 1725 liceat
959 1688 1135 1740 quidem,
1158 1689 1268 1733 velis,
1291 1688 1490 1726 ferendam
1511 1688 1582 1726 effe
1603 1687 1817 1734 fortunam,
1848 1703 1949 1741 prae-

568 1753 697 1792 sertim
719 1768 803 1806 quae
824 1754 920 1792 absit
939 1768 959 1792 a
979 1754 1109 1806 culpa.
1150 1755 1221 1792 Sed
1243 1754 1323 1793 haec
1345 1754 1545 1793 hactenus.
1579 1756 1644 1792 Tu
1666 1755 1786 1792 velim
1807 1755 1949 1792 scribas

566 1819 611 1856 ad
632 1833 695 1856 me
717 1819 811 1871 quid
833 1833 935 1871 agas,
967 1829 1004 1856 et
1026 1819 1095 1857 ubi
1116 1819 1272 1858 futurus
1295 1821 1369 1865 s185
1403 1829 1460 1865 ut,
1492 1828 1557 1858 aut
1579 1833 1658 1872 quo
1679 1820 1860 1865 scribam,
1882 1828 1949 1858 aut

566 1897 642 1935 quo
664 1885 830 1928 veniam,
863 1885 957 1922 scire
978 1884 1130 1937 poffim.
1165 1885 1274 1923 Vale.

829 2084 892 2121 Μ.
926 2086 978 2122 T.
1013 2085 1060 2122 C.
1095 2085 1145 2121 A.
1179 2086 1512 2133 TORQUATO
1554 2085 1591 2122 S.
1625 2085 1680 2122 D.

564 2213 638 2250 111.
661 2211 706 2281 S
723 2214 755 2249 U
774 2212 846 2249 PE
861 2213 896 2249 R
912 2213 974 2250 10
987 2213 1022 2250 R
1036 2213 1053 2249 I
1067 2213 1095 2249 B
1110 2213 1146 2250 U
1161 2213 1182 2249 S
1213 2212 1335 2249 literis
1359 2212 1630 2250 benevolentia
1649 2212 1772 2263 magis
1794 2211 1942 2251 adduc-

748 2287 825 2322 tus,
857 2292 975 2330 quam
996 2278 1101 2330 quod
1124 2292 1180 2315 res
1203 2279 1256 2315 ita
1276 2277 1500 2330 postularet,
1523 2278 1582 2317 fui
1604 2278 1759 2329 longior
1778 2293 1786 2315 ε
1819 2291 1946 2330 neque

561 2345 667 2381 enim
689 2343 986 2382 confirmatione
1007 2344 1132 2381 nostra
1152 2344 1289 2395 egebat
1310 2345 1432 2382 virtus
1456 2353 1542 2390 tua;
1567 2358 1693 2396 neque
1709 2353 1788 2382 emt
1804 2358 1847 2382 ea
1861 2357 1947 2382 mea

560 2409 670 2446 causa
691 2416 806 2460 atque
827 2407 999 2453 fortuna,
1027 2417 1084 2452 ut,
1116 2409 1181 2445 cui
1202 2409 1272 2460 ipsi
1293 2409 1426 2446 omnia
1447 2409 1628 2454 deeffent,
1660 2409 1826 2447 alterum
1846 2422 1944 2446 con-

562 2475 771 2513 firmarem.
819 2475 909 2512 Hoc
940 2475 1035 2512 item
1066 2483 1241 2526 tempore
1271 2475 1424 2513 brevior
1452 2474 1524 2513 effe
1549 2475 1685 2514 debeo.
1733 2475 1818 2513 Sive
1839 2474 1944 2511 enim
