<?xml version="1.0" encoding="UTF-8"?>
<!DOCTYPE html PUBLIC "-//W3C//DTD XHTML 1.0 Transitional//EN"
    "http://www.w3.org/TR/xhtml1/DTD/xhtml1-transitional.dtd">
<html xmlns="http://www.w3.org/1999/xhtml" xml:lang="en" lang="en">
 <head>
  <title>
</title>
<meta http-equiv="Content-Type" content="text/html;charset=utf-8" />
  <meta name='ocr-system' content='tesseract 3.04.00' />
  <meta name='ocr-capabilities' content='ocr_page ocr_carea ocr_par ocr_line ocrx_word'/>
</head>
<body>
  <div class='ocr_page' id='page_1' title='image "./operacumindicibu07ciceuoft_0441.png"; bbox 0 0 2351 2997; ppageno 0'>
   <div class='ocr_carea' id='block_1_1' title="bbox 620 266 1779 316">
    <p class='ocr_par' dir='ltr' id='par_1_1' title="bbox 620 266 1779 316">
     <span class='ocr_line' id='line_1_1' title="bbox 620 266 1779 316; baseline -0.005 -4"><span class='ocrx_word' id='word_1_1' title='bbox 620 273 711 312; x_wconf 90' lang='lat' dir='ltr'>AD</span> <span class='ocrx_word' id='word_1_2' title='bbox 771 267 1234 309; x_wconf 86' lang='lat' dir='ltr'><strong>FAMILIARES</strong></span> <span class='ocrx_word' id='word_1_3' title='bbox 1294 266 1426 305; x_wconf 88' lang='lat' dir='ltr'><strong>LIB.</strong></span> <span class='ocrx_word' id='word_1_4' title='bbox 1473 266 1564 304; x_wconf 89' lang='lat' dir='ltr'>XV.</span> <span class='ocrx_word' id='word_1_5' title='bbox 1704 278 1779 316; x_wconf 88' lang='lat'>421</span> 
     </span>
    </p>
   </div>
   <div class='ocr_carea' id='block_1_2' title="bbox 403 365 1788 555">
    <p class='ocr_par' dir='ltr' id='par_1_2' title="bbox 403 365 1788 555">
     <span class='ocr_line' id='line_1_2' title="bbox 403 365 1787 426; baseline -0.008 -13"><span class='ocrx_word' id='word_1_6' title='bbox 403 374 524 413; x_wconf 88' lang='lat' dir='ltr'>literis</span> <span class='ocrx_word' id='word_1_7' title='bbox 546 372 682 426; x_wconf 90' lang='lat' dir='ltr'>petivi,</span> <span class='ocrx_word' id='word_1_8' title='bbox 715 385 761 409; x_wconf 89' lang='lat' dir='ltr'>ne</span> <span class='ocrx_word' id='word_1_9' title='bbox 782 370 882 408; x_wconf 89' lang='lat' dir='ltr'>mihi</span> <span class='ocrx_word' id='word_1_10' title='bbox 905 379 1060 421; x_wconf 87' lang='lat' dir='ltr'>tempus</span> <span class='ocrx_word' id='word_1_11' title='bbox 1081 376 1326 420; x_wconf 79' lang='lat' dir='ltr'>prorogetur.</span> <span class='ocrx_word' id='word_1_12' title='bbox 1375 367 1505 419; x_wconf 89' lang='lat' dir='ltr'>Cupio</span> <span class='ocrx_word' id='word_1_13' title='bbox 1527 375 1564 403; x_wconf 90' lang='lat' dir='ltr'>te</span> <span class='ocrx_word' id='word_1_14' title='bbox 1584 365 1787 403; x_wconf 86' lang='lat' dir='ltr'>consulem</span> 
     </span>
     <span class='ocr_line' id='line_1_3' title="bbox 403 431 1788 488; baseline -0.006 -11"><span class='ocrx_word' id='word_1_15' title='bbox 403 440 547 483; x_wconf 86' lang='lat' dir='ltr'>videre,</span> <span class='ocrx_word' id='word_1_16' title='bbox 578 438 789 488; x_wconf 77' lang='lat' dir='ltr'>omniaque</span> <span class='ocrx_word' id='word_1_17' title='bbox 810 436 934 488; x_wconf 83' lang='lat' dir='ltr'>spero,</span> <span class='ocrx_word' id='word_1_18' title='bbox 965 448 1058 473; x_wconf 88' lang='lat' dir='ltr'>cum</span> <span class='ocrx_word' id='word_1_19' title='bbox 1088 434 1236 478; x_wconf 77' lang='lat' dir='ltr'>absens,</span> <span class='ocrx_word' id='word_1_20' title='bbox 1275 441 1361 470; x_wconf 86' lang='lat' dir='ltr'>turn</span> <span class='ocrx_word' id='word_1_21' title='bbox 1391 433 1508 470; x_wconf 85' lang='lat' dir='ltr'>etiam</span> <span class='ocrx_word' id='word_1_22' title='bbox 1539 431 1717 484; x_wconf 82' lang='lat' dir='ltr'>praesens,</span> <span class='ocrx_word' id='word_1_23' title='bbox 1750 440 1788 468; x_wconf 89' lang='lat' dir='ltr'>te</span> 
     </span>
     <span class='ocr_line' id='line_1_4' title="bbox 404 503 739 555; baseline -0.015 -11"><span class='ocrx_word' id='word_1_24' title='bbox 404 505 561 544; x_wconf 82' lang='lat' dir='ltr'>consule</span> <span class='ocrx_word' id='word_1_25' title='bbox 582 503 739 555; x_wconf 82' lang='lat' dir='ltr'>affequi.</span> 
     </span>
    </p>
   </div>
   <div class='ocr_carea' id='block_1_3' title="bbox 482 696 1712 744">
    <p class='ocr_par' dir='ltr' id='par_1_3' title="bbox 482 696 1712 744">
     <span class='ocr_line' id='line_1_5' title="bbox 482 696 1712 744; baseline -0.008 -1"><span class='ocrx_word' id='word_1_26' title='bbox 482 706 546 743; x_wconf 92' lang='lat' dir='ltr'>M.</span> <span class='ocrx_word' id='word_1_27' title='bbox 580 705 632 742; x_wconf 93' lang='lat' dir='ltr'>T.</span> <span class='ocrx_word' id='word_1_28' title='bbox 667 704 715 740; x_wconf 93' lang='lat' dir='ltr'>C.</span> <span class='ocrx_word' id='word_1_29' title='bbox 751 703 852 739; x_wconf 84' lang='grc' dir='ltr'><strong>ΙΜΡ.</strong></span> <span class='ocrx_word' id='word_1_30' title='bbox 898 699 947 737; x_wconf 88' lang='lat' dir='ltr'>C.</span> <span class='ocrx_word' id='word_1_31' title='bbox 981 699 1150 736; x_wconf 79' lang='lat' dir='ltr'>CAssm</span> <span class='ocrx_word' id='word_1_32' title='bbox 1183 698 1462 744; x_wconf 78' lang='lat' dir='ltr'>PRoQJAEsT.</span> <span class='ocrx_word' id='word_1_33' title='bbox 1507 697 1545 734; x_wconf 88' lang='lat' dir='ltr'>S.</span> <span class='ocrx_word' id='word_1_34' title='bbox 1579 697 1622 733; x_wconf 93' lang='lat' dir='ltr'>P.</span> <span class='ocrx_word' id='word_1_35' title='bbox 1657 696 1712 734; x_wconf 90' lang='lat' dir='ltr'>D.</span> 
     </span>
    </p>
   </div>
   <div class='ocr_carea' id='block_1_4' title="bbox 406 823 1801 2587">
    <p class='ocr_par' dir='ltr' id='par_1_4' title="bbox 406 823 1789 904">
     <span class='ocr_line' id='line_1_6' title="bbox 406 823 1789 904; baseline -0.007 -33"><span class='ocrx_word' id='word_1_36' title='bbox 406 833 520 871; x_wconf 91' lang='lat' dir='ltr'><strong>XIV.</strong></span> <span class='ocrx_word' id='word_1_37' title='bbox 546 830 637 904; x_wconf 84' lang='lat' dir='ltr'>M</span> <span class='ocrx_word' id='word_1_38' title='bbox 651 831 686 868; x_wconf 90' lang='lat' dir='ltr'>A</span> <span class='ocrx_word' id='word_1_39' title='bbox 703 831 739 868; x_wconf 91' lang='lat' dir='ltr'>R</span> <span class='ocrx_word' id='word_1_40' title='bbox 753 831 785 868; x_wconf 93' lang='lat' dir='ltr'>C</span> <span class='ocrx_word' id='word_1_41' title='bbox 801 831 838 868; x_wconf 95' lang='lat' dir='ltr'>U</span> <span class='ocrx_word' id='word_1_42' title='bbox 854 830 902 867; x_wconf 91' lang='lat' dir='ltr'>M</span> <span class='ocrx_word' id='word_1_43' title='bbox 934 826 1102 867; x_wconf 74' lang='lat' dir='ltr'>Fabium</span> <span class='ocrx_word' id='word_1_44' title='bbox 1129 825 1235 878; x_wconf 91' lang='lat' dir='ltr'>quod</span> <span class='ocrx_word' id='word_1_45' title='bbox 1265 823 1366 863; x_wconf 87' lang='lat' dir='ltr'>mihi</span> <span class='ocrx_word' id='word_1_46' title='bbox 1396 825 1566 862; x_wconf 82' lang='lat' dir='ltr'>amicum</span> <span class='ocrx_word' id='word_1_47' title='bbox 1590 834 1655 862; x_wconf 87' lang='lat' dir='ltr'>tua</span> <span class='ocrx_word' id='word_1_48' title='bbox 1675 838 1789 862; x_wconf 87' lang='lat' dir='ltr'>com-</span> 
     </span>
    </p>

    <p class='ocr_par' dir='ltr' id='par_1_5' title="bbox 408 889 1801 2587">
     <span class='ocr_line' id='line_1_7' title="bbox 670 889 1788 941; baseline -0.004 -8"><span class='ocrx_word' id='word_1_49' title='bbox 670 895 918 933; x_wconf 87' lang='lat' dir='ltr'>mendatione</span> <span class='ocrx_word' id='word_1_50' title='bbox 957 894 1037 937; x_wconf 88' lang='lat' dir='ltr'>das,</span> <span class='ocrx_word' id='word_1_51' title='bbox 1079 892 1235 929; x_wconf 90' lang='lat' dir='ltr'>nullum</span> <span class='ocrx_word' id='word_1_52' title='bbox 1276 891 1315 927; x_wconf 87' lang='lat' dir='ltr'>in</span> <span class='ocrx_word' id='word_1_53' title='bbox 1355 903 1400 926; x_wconf 90' lang='lat' dir='ltr'>eo</span> <span class='ocrx_word' id='word_1_54' title='bbox 1435 889 1537 927; x_wconf 89' lang='lat' dir='ltr'>facio</span> <span class='ocrx_word' id='word_1_55' title='bbox 1571 890 1759 941; x_wconf 83' lang='lat' dir='ltr'>quaestum</span> <span class='ocrx_word' id='word_1_56' title='bbox 1778 906 1788 928; x_wconf 71' lang='grc' dir='ltr'>ι</span> 
     </span>
     <span class='ocr_line' id='line_1_8' title="bbox 408 955 1790 1004; baseline -0.007 -3"><span class='ocrx_word' id='word_1_57' title='bbox 408 964 526 1002; x_wconf 90' lang='lat' dir='ltr'>multi</span> <span class='ocrx_word' id='word_1_58' title='bbox 547 964 653 1000; x_wconf 88' lang='lat' dir='ltr'>enim</span> <span class='ocrx_word' id='word_1_59' title='bbox 674 963 765 999; x_wconf 86' lang='lat' dir='ltr'>anni</span> <span class='ocrx_word' id='word_1_60' title='bbox 787 961 888 1004; x_wconf 88' lang='lat' dir='ltr'>sunt,</span> <span class='ocrx_word' id='word_1_61' title='bbox 921 973 1012 997; x_wconf 88' lang='lat' dir='ltr'>cum</span> <span class='ocrx_word' id='word_1_62' title='bbox 1044 958 1111 995; x_wconf 93' lang='lat' dir='ltr'>ille</span> <span class='ocrx_word' id='word_1_63' title='bbox 1141 957 1180 993; x_wconf 92' lang='lat' dir='ltr'>in</span> <span class='ocrx_word' id='word_1_64' title='bbox 1213 970 1283 994; x_wconf 84' lang='lat' dir='ltr'>aere</span> <span class='ocrx_word' id='word_1_65' title='bbox 1308 969 1395 993; x_wconf 88' lang='lat' dir='ltr'>meo</span> <span class='ocrx_word' id='word_1_66' title='bbox 1416 955 1482 999; x_wconf 88' lang='lat' dir='ltr'>est,</span> <span class='ocrx_word' id='word_1_67' title='bbox 1514 964 1552 992; x_wconf 91' lang='lat' dir='ltr'>et</span> <span class='ocrx_word' id='word_1_68' title='bbox 1573 969 1593 992; x_wconf 89' lang='lat' dir='ltr'>a</span> <span class='ocrx_word' id='word_1_69' title='bbox 1614 970 1676 993; x_wconf 90' lang='lat' dir='ltr'>me</span> <span class='ocrx_word' id='word_1_70' title='bbox 1697 956 1790 993; x_wconf 89' lang='lat' dir='ltr'>dili-</span> 
     </span>
     <span class='ocr_line' id='line_1_9' title="bbox 409 1021 1790 1081; baseline -0.006 -14"><span class='ocrx_word' id='word_1_71' title='bbox 409 1031 516 1081; x_wconf 85' lang='lat' dir='ltr'>gitur</span> <span class='ocrx_word' id='word_1_72' title='bbox 550 1037 707 1081; x_wconf 88' lang='lat' dir='ltr'>propter</span> <span class='ocrx_word' id='word_1_73' title='bbox 739 1027 932 1064; x_wconf 87' lang='lat' dir='ltr'>summam</span> <span class='ocrx_word' id='word_1_74' title='bbox 965 1025 1069 1062; x_wconf 88' lang='lat' dir='ltr'>suam</span> <span class='ocrx_word' id='word_1_75' title='bbox 1103 1022 1389 1060; x_wconf 78' lang='lat' dir='ltr'>humanitatem</span> <span class='ocrx_word' id='word_1_76' title='bbox 1420 1030 1458 1058; x_wconf 91' lang='lat' dir='ltr'>et</span> <span class='ocrx_word' id='word_1_77' title='bbox 1492 1021 1790 1059; x_wconf 76' lang='lat' dir='ltr'>observantiam.</span> 
     </span>
     <span class='ocr_line' id='line_1_10' title="bbox 411 1086 1793 1144; baseline -0.008 -12"><span class='ocrx_word' id='word_1_78' title='bbox 411 1094 481 1131; x_wconf 84' lang='lat' dir='ltr'>Sed</span> <span class='ocrx_word' id='word_1_79' title='bbox 505 1103 648 1138; x_wconf 86' lang='lat' dir='ltr'>tamen,</span> <span class='ocrx_word' id='word_1_80' title='bbox 680 1092 786 1144; x_wconf 92' lang='lat' dir='ltr'>quod</span> <span class='ocrx_word' id='word_1_81' title='bbox 816 1100 853 1129; x_wconf 88' lang='lat' dir='ltr'>te</span> <span class='ocrx_word' id='word_1_82' title='bbox 879 1090 926 1127; x_wconf 88' lang='lat' dir='ltr'>ab</span> <span class='ocrx_word' id='word_1_83' title='bbox 957 1103 1001 1126; x_wconf 83' lang='lat' dir='ltr'>eo</span> <span class='ocrx_word' id='word_1_84' title='bbox 1031 1088 1184 1139; x_wconf 84' lang='lat' dir='ltr'><strong>egregie</strong></span> <span class='ocrx_word' id='word_1_85' title='bbox 1205 1086 1318 1137; x_wconf 86' lang='lat' dir='ltr'>diligi</span> <span class='ocrx_word' id='word_1_86' title='bbox 1341 1086 1448 1130; x_wconf 81' lang='lat' dir='ltr'>senfi,</span> <span class='ocrx_word' id='word_1_87' title='bbox 1481 1086 1608 1122; x_wconf 87' lang='lat' dir='ltr'>multo</span> <span class='ocrx_word' id='word_1_88' title='bbox 1630 1086 1793 1123; x_wconf 78' lang='lat' dir='ltr'>amicior</span> 
     </span>
     <span class='ocr_line' id='line_1_11' title="bbox 410 1150 1792 1207; baseline -0.007 -10"><span class='ocrx_word' id='word_1_89' title='bbox 410 1160 445 1197; x_wconf 93' lang='lat' dir='ltr'>ei</span> <span class='ocrx_word' id='word_1_90' title='bbox 473 1159 557 1196; x_wconf 89' lang='lat' dir='ltr'>sum</span> <span class='ocrx_word' id='word_1_91' title='bbox 585 1157 724 1196; x_wconf 65' lang='lat' dir='ltr'>factus.</span> <span class='ocrx_word' id='word_1_92' title='bbox 770 1158 921 1207; x_wconf 85' lang='lat' dir='ltr'>Itaque,</span> <span class='ocrx_word' id='word_1_93' title='bbox 954 1152 1178 1206; x_wconf 62' lang='lat' dir='ltr'>quanquam</span> <span class='ocrx_word' id='word_1_94' title='bbox 1199 1150 1449 1203; x_wconf 88' lang='lat' dir='ltr'>profecerunt</span> <span class='ocrx_word' id='word_1_95' title='bbox 1470 1151 1589 1188; x_wconf 86' lang='lat' dir='ltr'>literae</span> <span class='ocrx_word' id='word_1_96' title='bbox 1612 1160 1700 1195; x_wconf 83' lang='lat' dir='ltr'>tuae,</span> <span class='ocrx_word' id='word_1_97' title='bbox 1734 1160 1792 1188; x_wconf 88' lang='lat' dir='ltr'>ta-</span> 
     </span>
     <span class='ocr_line' id='line_1_12' title="bbox 408 1215 1794 1276; baseline -0.008 -13"><span class='ocrx_word' id='word_1_98' title='bbox 408 1238 499 1264; x_wconf 88' lang='lat' dir='ltr'>men</span> <span class='ocrx_word' id='word_1_99' title='bbox 530 1224 730 1276; x_wconf 87' lang='lat' dir='ltr'>aliquanto</span> <span class='ocrx_word' id='word_1_100' title='bbox 756 1222 846 1274; x_wconf 87' lang='lat' dir='ltr'>plus</span> <span class='ocrx_word' id='word_1_101' title='bbox 876 1217 1228 1258; x_wconf 83' lang='lat' dir='ltr'>commendationis</span> <span class='ocrx_word' id='word_1_102' title='bbox 1259 1216 1361 1268; x_wconf 85' lang='lat' dir='ltr'>apud</span> <span class='ocrx_word' id='word_1_103' title='bbox 1390 1230 1453 1254; x_wconf 88' lang='lat' dir='ltr'>me</span> <span class='ocrx_word' id='word_1_104' title='bbox 1479 1215 1618 1253; x_wconf 88' lang='lat' dir='ltr'>habuit</span> <span class='ocrx_word' id='word_1_105' title='bbox 1639 1217 1794 1253; x_wconf 86' lang='lat' dir='ltr'>animus</span> 
     </span>
     <span class='ocr_line' id='line_1_13' title="bbox 410 1281 1793 1342; baseline -0.007 -14"><span class='ocrx_word' id='word_1_106' title='bbox 410 1291 527 1342; x_wconf 85' lang='lat' dir='ltr'>ipfius</span> <span class='ocrx_word' id='word_1_107' title='bbox 549 1303 637 1341; x_wconf 85' lang='lat' dir='ltr'>erga</span> <span class='ocrx_word' id='word_1_108' title='bbox 658 1298 709 1332; x_wconf 89' lang='lat' dir='ltr'>te,</span> <span class='ocrx_word' id='word_1_109' title='bbox 740 1286 841 1325; x_wconf 89' lang='lat' dir='ltr'>mihi</span> <span class='ocrx_word' id='word_1_110' title='bbox 862 1285 1081 1338; x_wconf 61' lang='lat' dir='ltr'>perspectus</span> <span class='ocrx_word' id='word_1_111' title='bbox 1102 1292 1140 1320; x_wconf 89' lang='lat' dir='ltr'>et</span> <span class='ocrx_word' id='word_1_112' title='bbox 1160 1283 1359 1334; x_wconf 83' lang='lat' dir='ltr'>cognitus.</span> <span class='ocrx_word' id='word_1_113' title='bbox 1406 1281 1478 1318; x_wconf 90' lang='lat' dir='ltr'>Sed</span> <span class='ocrx_word' id='word_1_114' title='bbox 1505 1281 1551 1318; x_wconf 93' lang='lat' dir='ltr'>de</span> <span class='ocrx_word' id='word_1_115' title='bbox 1582 1282 1705 1319; x_wconf 90' lang='lat' dir='ltr'>Fabio</span> <span class='ocrx_word' id='word_1_116' title='bbox 1732 1281 1793 1318; x_wconf 89' lang='lat' dir='ltr'>fa-</span> 
     </span>
     <span class='ocr_line' id='line_1_14' title="bbox 411 1347 1796 1403; baseline -0.007 -10"><span class='ocrx_word' id='word_1_117' title='bbox 411 1357 561 1393; x_wconf 88' lang='lat' dir='ltr'>ciemus</span> <span class='ocrx_word' id='word_1_118' title='bbox 594 1352 772 1396; x_wconf 85' lang='lat' dir='ltr'>studiose,</span> <span class='ocrx_word' id='word_1_119' title='bbox 804 1365 889 1403; x_wconf 87' lang='lat' dir='ltr'>quae</span> <span class='ocrx_word' id='word_1_120' title='bbox 919 1362 1057 1401; x_wconf 85' lang='lat' dir='ltr'>rogas:</span> <span class='ocrx_word' id='word_1_121' title='bbox 1090 1357 1132 1385; x_wconf 89' lang='lat' dir='ltr'>tu</span> <span class='ocrx_word' id='word_1_122' title='bbox 1163 1348 1302 1385; x_wconf 85' lang='lat' dir='ltr'>multis</span> <span class='ocrx_word' id='word_1_123' title='bbox 1333 1347 1379 1384; x_wconf 90' lang='lat' dir='ltr'>de</span> <span class='ocrx_word' id='word_1_124' title='bbox 1409 1347 1528 1384; x_wconf 88' lang='lat' dir='ltr'>caufis</span> <span class='ocrx_word' id='word_1_125' title='bbox 1560 1347 1702 1384; x_wconf 85' lang='lat' dir='ltr'>vellem</span> <span class='ocrx_word' id='word_1_126' title='bbox 1731 1360 1796 1384; x_wconf 90' lang='lat' dir='ltr'>me</span> 
     </span>
     <span class='ocr_line' id='line_1_15' title="bbox 412 1413 1797 1470; baseline -0.006 -11"><span class='ocrx_word' id='word_1_127' title='bbox 412 1420 620 1459; x_wconf 87' lang='lat' dir='ltr'>convenire</span> <span class='ocrx_word' id='word_1_128' title='bbox 657 1417 868 1470; x_wconf 77' lang='lat' dir='ltr'>potuiffe33</span> <span class='ocrx_word' id='word_1_129' title='bbox 910 1416 1100 1468; x_wconf 86' lang='lat' dir='ltr'>primum,</span> <span class='ocrx_word' id='word_1_130' title='bbox 1133 1422 1176 1451; x_wconf 90' lang='lat' dir='ltr'>ut</span> <span class='ocrx_word' id='word_1_131' title='bbox 1211 1423 1262 1458; x_wconf 89' lang='lat' dir='ltr'>te,</span> <span class='ocrx_word' id='word_1_132' title='bbox 1295 1427 1413 1465; x_wconf 88' lang='lat' dir='ltr'>quem</span> <span class='ocrx_word' id='word_1_133' title='bbox 1442 1413 1595 1465; x_wconf 87' lang='lat' dir='ltr'>jamdiu</span> <span class='ocrx_word' id='word_1_134' title='bbox 1630 1413 1797 1465; x_wconf 85' lang='lat' dir='ltr'>plurimi</span> 
     </span>
     <span class='ocr_line' id='line_1_16' title="bbox 410 1478 1796 1532; baseline -0.008 -6"><span class='ocrx_word' id='word_1_135' title='bbox 410 1487 526 1532; x_wconf 69' lang='lat' dir='ltr'>facio,</span> <span class='ocrx_word' id='word_1_136' title='bbox 559 1494 667 1523; x_wconf 88' lang='lat' dir='ltr'>tanto</span> <span class='ocrx_word' id='word_1_137' title='bbox 688 1482 893 1522; x_wconf 83' lang='lat' dir='ltr'>intervallo</span> <span class='ocrx_word' id='word_1_138' title='bbox 914 1481 1086 1519; x_wconf 87' lang='lat' dir='ltr'>viderem</span> <span class='ocrx_word' id='word_1_139' title='bbox 1102 1499 1115 1525; x_wconf 78' lang='lat'>3</span> <span class='ocrx_word' id='word_1_140' title='bbox 1148 1480 1300 1523; x_wconf 87' lang='lat' dir='ltr'>deinde,</span> <span class='ocrx_word' id='word_1_141' title='bbox 1323 1488 1366 1516; x_wconf 91' lang='lat' dir='ltr'>ut</span> <span class='ocrx_word' id='word_1_142' title='bbox 1388 1479 1477 1524; x_wconf 88' lang='lat' dir='ltr'>tibi,</span> <span class='ocrx_word' id='word_1_143' title='bbox 1504 1479 1610 1531; x_wconf 88' lang='lat' dir='ltr'>quod</span> <span class='ocrx_word' id='word_1_144' title='bbox 1629 1478 1707 1516; x_wconf 85' lang='lat' dir='ltr'>feci</span> <span class='ocrx_word' id='word_1_145' title='bbox 1727 1493 1796 1531; x_wconf 88' lang='lat' dir='ltr'>per</span> 
     </span>
     <span class='ocr_line' id='line_1_17' title="bbox 412 1544 1797 1603; baseline -0.006 -13"><span class='ocrx_word' id='word_1_146' title='bbox 412 1553 558 1596; x_wconf 76' lang='lat' dir='ltr'>literas,</span> <span class='ocrx_word' id='word_1_147' title='bbox 590 1550 735 1603; x_wconf 84' lang='lat' dir='ltr'>poffem</span> <span class='ocrx_word' id='word_1_148' title='bbox 770 1548 932 1601; x_wconf 69' lang='lat' dir='ltr'>praesens</span> <span class='ocrx_word' id='word_1_149' title='bbox 965 1545 1178 1598; x_wconf 81' lang='lat' dir='ltr'>gratulari;</span> <span class='ocrx_word' id='word_1_150' title='bbox 1211 1554 1311 1589; x_wconf 88' lang='lat' dir='ltr'>tum,</span> <span class='ocrx_word' id='word_1_151' title='bbox 1343 1554 1387 1582; x_wconf 90' lang='lat' dir='ltr'>ut</span> <span class='ocrx_word' id='word_1_152' title='bbox 1421 1544 1566 1596; x_wconf 89' lang='lat' dir='ltr'>quibus</span> <span class='ocrx_word' id='word_1_153' title='bbox 1598 1544 1645 1581; x_wconf 90' lang='lat' dir='ltr'>de</span> <span class='ocrx_word' id='word_1_154' title='bbox 1679 1544 1797 1582; x_wconf 82' lang='lat' dir='ltr'>rebus</span> 
     </span>
     <span class='ocr_line' id='line_1_18' title="bbox 413 1609 1795 1665; baseline -0.007 -9"><span class='ocrx_word' id='word_1_155' title='bbox 413 1618 618 1661; x_wconf 83' lang='lat' dir='ltr'>vellemus,</span> <span class='ocrx_word' id='word_1_156' title='bbox 651 1625 693 1652; x_wconf 92' lang='lat' dir='ltr'>tu</span> <span class='ocrx_word' id='word_1_157' title='bbox 716 1615 808 1658; x_wconf 90' lang='lat' dir='ltr'>tuis,</span> <span class='ocrx_word' id='word_1_158' title='bbox 831 1627 903 1665; x_wconf 85' lang='lat' dir='ltr'>ego</span> <span class='ocrx_word' id='word_1_159' title='bbox 923 1612 1035 1656; x_wconf 89' lang='lat' dir='ltr'>meis,</span> <span class='ocrx_word' id='word_1_160' title='bbox 1058 1612 1159 1648; x_wconf 86' lang='lat' dir='ltr'>inter</span> <span class='ocrx_word' id='word_1_161' title='bbox 1180 1624 1249 1648; x_wconf 89' lang='lat' dir='ltr'>nos</span> <span class='ocrx_word' id='word_1_162' title='bbox 1270 1610 1652 1648; x_wconf 85' lang='lat' dir='ltr'>communicaremus</span> <span class='ocrx_word' id='word_1_163' title='bbox 1671 1628 1681 1654; x_wconf 87' lang='lat'>;</span> <span class='ocrx_word' id='word_1_164' title='bbox 1705 1609 1795 1661; x_wconf 91' lang='lat' dir='ltr'>pos-</span> 
     </span>
     <span class='ocr_line' id='line_1_19' title="bbox 412 1676 1800 1730; baseline -0.007 -8"><span class='ocrx_word' id='word_1_165' title='bbox 412 1694 554 1728; x_wconf 85' lang='lat' dir='ltr'>tremo,</span> <span class='ocrx_word' id='word_1_166' title='bbox 573 1692 615 1720; x_wconf 86' lang='lat' dir='ltr'>ut</span> <span class='ocrx_word' id='word_1_167' title='bbox 636 1681 809 1719; x_wconf 87' lang='lat' dir='ltr'>amicitia</span> <span class='ocrx_word' id='word_1_168' title='bbox 830 1679 968 1723; x_wconf 88' lang='lat' dir='ltr'>nostra,</span> <span class='ocrx_word' id='word_1_169' title='bbox 988 1692 1072 1730; x_wconf 84' lang='lat' dir='ltr'>quae</span> <span class='ocrx_word' id='word_1_170' title='bbox 1094 1677 1256 1714; x_wconf 84' lang='lat' dir='ltr'>summis</span> <span class='ocrx_word' id='word_1_171' title='bbox 1278 1676 1418 1713; x_wconf 87' lang='lat' dir='ltr'>officiis</span> <span class='ocrx_word' id='word_1_172' title='bbox 1435 1677 1481 1712; x_wconf 87' lang='lat' dir='ltr'>ab</span> <span class='ocrx_word' id='word_1_173' title='bbox 1504 1685 1670 1727; x_wconf 84' lang='lat' dir='ltr'>utroque</span> <span class='ocrx_word' id='word_1_174' title='bbox 1690 1676 1800 1713; x_wconf 80' lang='lat' dir='ltr'>culta.</span> 
     </span>
     <span class='ocr_line' id='line_1_20' title="bbox 414 1741 1796 1799; baseline -0.007 -11"><span class='ocrx_word' id='word_1_175' title='bbox 414 1750 480 1795; x_wconf 83' lang='lat' dir='ltr'>est,</span> <span class='ocrx_word' id='word_1_176' title='bbox 513 1749 576 1787; x_wconf 88' lang='lat' dir='ltr'>sed</span> <span class='ocrx_word' id='word_1_177' title='bbox 608 1747 735 1799; x_wconf 81' lang='lat' dir='ltr'>longis</span> <span class='ocrx_word' id='word_1_178' title='bbox 767 1744 980 1783; x_wconf 83' lang='lat' dir='ltr'>intervallis</span> <span class='ocrx_word' id='word_1_179' title='bbox 1011 1753 1234 1795; x_wconf 85' lang='lat' dir='ltr'>temporum</span> <span class='ocrx_word' id='word_1_180' title='bbox 1262 1742 1520 1793; x_wconf 86' lang='lat' dir='ltr'>interruptam</span> <span class='ocrx_word' id='word_1_181' title='bbox 1542 1741 1796 1779; x_wconf 85' lang='lat' dir='ltr'>consuetudi-</span> 
     </span>
     <span class='ocr_line' id='line_1_21' title="bbox 414 1807 1796 1859; baseline -0.008 -5"><span class='ocrx_word' id='word_1_182' title='bbox 414 1830 505 1855; x_wconf 85' lang='lat' dir='ltr'>nem</span> <span class='ocrx_word' id='word_1_183' title='bbox 527 1814 680 1857; x_wconf 73' lang='lat' dir='ltr'>habuit,</span> <span class='ocrx_word' id='word_1_184' title='bbox 713 1811 1008 1849; x_wconf 81' lang='lat' dir='ltr'>confirmaretur</span> <span class='ocrx_word' id='word_1_185' title='bbox 1028 1808 1312 1847; x_wconf 80' lang='lat' dir='ltr'>vehementius.</span> <span class='ocrx_word' id='word_1_186' title='bbox 1349 1807 1393 1844; x_wconf 90' lang='lat' dir='ltr'>Id</span> <span class='ocrx_word' id='word_1_187' title='bbox 1415 1807 1571 1859; x_wconf 89' lang='lat' dir='ltr'>quando</span> <span class='ocrx_word' id='word_1_188' title='bbox 1592 1821 1669 1844; x_wconf 89' lang='lat' dir='ltr'>non</span> <span class='ocrx_word' id='word_1_189' title='bbox 1691 1807 1796 1844; x_wconf 80' lang='lat' dir='ltr'>acci-</span> 
     </span>
     <span class='ocr_line' id='line_1_22' title="bbox 415 1871 1796 1924; baseline -0.007 -6"><span class='ocrx_word' id='word_1_190' title='bbox 415 1882 487 1924; x_wconf 90' lang='lat' dir='ltr'>dit,</span> <span class='ocrx_word' id='word_1_191' title='bbox 520 1889 677 1918; x_wconf 85' lang='lat' dir='ltr'>utemur</span> <span class='ocrx_word' id='word_1_192' title='bbox 708 1877 811 1914; x_wconf 87' lang='lat' dir='ltr'>bono</span> <span class='ocrx_word' id='word_1_193' title='bbox 846 1876 1061 1918; x_wconf 83' lang='lat' dir='ltr'>literarum,</span> <span class='ocrx_word' id='word_1_194' title='bbox 1093 1884 1130 1911; x_wconf 90' lang='lat' dir='ltr'>et</span> <span class='ocrx_word' id='word_1_195' title='bbox 1160 1873 1293 1910; x_wconf 82' lang='lat' dir='ltr'>eadem</span> <span class='ocrx_word' id='word_1_196' title='bbox 1324 1871 1402 1909; x_wconf 83' lang='lat' dir='ltr'>fere</span> <span class='ocrx_word' id='word_1_197' title='bbox 1432 1872 1620 1916; x_wconf 84' lang='lat' dir='ltr'>absentes,</span> <span class='ocrx_word' id='word_1_198' title='bbox 1652 1887 1737 1924; x_wconf 83' lang='lat' dir='ltr'>quae</span> <span class='ocrx_word' id='word_1_199' title='bbox 1770 1873 1796 1910; x_wconf 90' lang='lat' dir='ltr'>fi</span> 
     </span>
     <span class='ocr_line' id='line_1_23' title="bbox 415 1937 1798 1992; baseline -0.007 -8"><span class='ocrx_word' id='word_1_200' title='bbox 415 1960 545 1984; x_wconf 83' lang='lat' dir='ltr'>coram</span> <span class='ocrx_word' id='word_1_201' title='bbox 566 1944 742 1988; x_wconf 71' lang='lat' dir='ltr'>essemus,</span> <span class='ocrx_word' id='word_1_202' title='bbox 774 1942 1070 1992; x_wconf 81' lang='lat' dir='ltr'>consequemur.</span> <span class='ocrx_word' id='word_1_203' title='bbox 1109 1941 1222 1976; x_wconf 89' lang='lat' dir='ltr'>Unus</span> <span class='ocrx_word' id='word_1_204' title='bbox 1245 1938 1392 1975; x_wconf 88' lang='lat' dir='ltr'>scilicet</span> <span class='ocrx_word' id='word_1_205' title='bbox 1412 1937 1577 1982; x_wconf 64' lang='lat' dir='ltr'>fruetus,</span> <span class='ocrx_word' id='word_1_206' title='bbox 1609 1939 1676 1989; x_wconf 87' lang='lat' dir='ltr'>qui</span> <span class='ocrx_word' id='word_1_207' title='bbox 1697 1940 1736 1975; x_wconf 87' lang='lat' dir='ltr'>in</span> <span class='ocrx_word' id='word_1_208' title='bbox 1760 1946 1798 1975; x_wconf 90' lang='lat' dir='ltr'>te</span> 
     </span>
     <span class='ocr_line' id='line_1_24' title="bbox 417 2004 1796 2060; baseline -0.007 -10"><span class='ocrx_word' id='word_1_209' title='bbox 417 2011 584 2051; x_wconf 87' lang='lat' dir='ltr'>videndo</span> <span class='ocrx_word' id='word_1_210' title='bbox 605 2010 671 2053; x_wconf 92' lang='lat' dir='ltr'>est,</span> <span class='ocrx_word' id='word_1_211' title='bbox 704 2009 851 2060; x_wconf 86' lang='lat' dir='ltr'>percipi</span> <span class='ocrx_word' id='word_1_212' title='bbox 873 2007 996 2044; x_wconf 84' lang='lat' dir='ltr'>literis</span> <span class='ocrx_word' id='word_1_213' title='bbox 1018 2019 1095 2043; x_wconf 89' lang='lat' dir='ltr'>non</span> <span class='ocrx_word' id='word_1_214' title='bbox 1116 2004 1254 2057; x_wconf 86' lang='lat' dir='ltr'>potest.</span> <span class='ocrx_word' id='word_1_215' title='bbox 1287 2004 1413 2048; x_wconf 86' lang='lat' dir='ltr'>Alter,</span> <span class='ocrx_word' id='word_1_216' title='bbox 1436 2004 1706 2055; x_wconf 81' lang='lat' dir='ltr'>gratulationis</span> <span class='ocrx_word' id='word_1_217' title='bbox 1728 2004 1796 2048; x_wconf 86' lang='lat' dir='ltr'>est,</span> 
     </span>
     <span class='ocr_line' id='line_1_25' title="bbox 417 2069 1797 2129; baseline -0.007 -14"><span class='ocrx_word' id='word_1_218' title='bbox 417 2080 448 2116; x_wconf 87' lang='lat' dir='ltr'>is</span> <span class='ocrx_word' id='word_1_219' title='bbox 466 2077 626 2129; x_wconf 88' lang='lat' dir='ltr'>quidem</span> <span class='ocrx_word' id='word_1_220' title='bbox 647 2075 800 2118; x_wconf 76' lang='lat' dir='ltr'>exilior,</span> <span class='ocrx_word' id='word_1_221' title='bbox 819 2087 935 2125; x_wconf 85' lang='lat' dir='ltr'>quam</span> <span class='ocrx_word' id='word_1_222' title='bbox 953 2072 976 2109; x_wconf 86' lang='lat' dir='ltr'><strong>fi</strong></span> <span class='ocrx_word' id='word_1_223' title='bbox 1000 2071 1072 2109; x_wconf 85' lang='lat' dir='ltr'>tibi</span> <span class='ocrx_word' id='word_1_224' title='bbox 1095 2081 1131 2108; x_wconf 88' lang='lat' dir='ltr'>te</span> <span class='ocrx_word' id='word_1_225' title='bbox 1151 2070 1279 2122; x_wconf 88' lang='lat' dir='ltr'>ipsum</span> <span class='ocrx_word' id='word_1_226' title='bbox 1300 2070 1456 2107; x_wconf 88' lang='lat' dir='ltr'>intuens</span> <span class='ocrx_word' id='word_1_227' title='bbox 1478 2070 1710 2121; x_wconf 82' lang='lat' dir='ltr'>gratularer:</span> <span class='ocrx_word' id='word_1_228' title='bbox 1735 2069 1797 2106; x_wconf 87' lang='lat' dir='ltr'>sed</span> 
     </span>
     <span class='ocr_line' id='line_1_26' title="bbox 418 2135 1796 2186; baseline -0.007 -6"><span class='ocrx_word' id='word_1_229' title='bbox 418 2153 545 2180; x_wconf 79' lang='lat' dir='ltr'>tamen</span> <span class='ocrx_word' id='word_1_230' title='bbox 568 2151 606 2178; x_wconf 89' lang='lat' dir='ltr'>et</span> <span class='ocrx_word' id='word_1_231' title='bbox 628 2139 702 2176; x_wconf 79' lang='lat' dir='ltr'>feci</span> <span class='ocrx_word' id='word_1_232' title='bbox 724 2148 825 2183; x_wconf 88' lang='lat' dir='ltr'>ante,</span> <span class='ocrx_word' id='word_1_233' title='bbox 843 2147 881 2175; x_wconf 89' lang='lat' dir='ltr'>et</span> <span class='ocrx_word' id='word_1_234' title='bbox 902 2137 1003 2175; x_wconf 78' lang='lat' dir='ltr'>facio</span> <span class='ocrx_word' id='word_1_235' title='bbox 1025 2149 1144 2180; x_wconf 88' lang='lat' dir='ltr'>nunc,</span> <span class='ocrx_word' id='word_1_236' title='bbox 1164 2135 1314 2186; x_wconf 89' lang='lat' dir='ltr'>tibique</span> <span class='ocrx_word' id='word_1_237' title='bbox 1331 2149 1422 2172; x_wconf 88' lang='lat' dir='ltr'>cum</span> <span class='ocrx_word' id='word_1_238' title='bbox 1444 2149 1514 2186; x_wconf 88' lang='lat' dir='ltr'>pro</span> <span class='ocrx_word' id='word_1_239' title='bbox 1536 2149 1663 2172; x_wconf 88' lang='lat' dir='ltr'>rerum</span> <span class='ocrx_word' id='word_1_240' title='bbox 1686 2148 1796 2186; x_wconf 82' lang='lat' dir='ltr'>mag-</span> 
     </span>
     <span class='ocr_line' id='line_1_27' title="bbox 418 2200 1795 2257; baseline -0.008 -11"><span class='ocrx_word' id='word_1_241' title='bbox 418 2208 612 2250; x_wconf 83' lang='lat' dir='ltr'>nitudine,</span> <span class='ocrx_word' id='word_1_242' title='bbox 635 2218 728 2257; x_wconf 83' lang='lat' dir='ltr'>quas</span> <span class='ocrx_word' id='word_1_243' title='bbox 749 2204 902 2256; x_wconf 82' lang='lat' dir='ltr'>geffisti,</span> <span class='ocrx_word' id='word_1_244' title='bbox 926 2212 1010 2240; x_wconf 89' lang='lat' dir='ltr'>tum</span> <span class='ocrx_word' id='word_1_245' title='bbox 1032 2215 1101 2254; x_wconf 90' lang='lat' dir='ltr'>pro</span> <span class='ocrx_word' id='word_1_246' title='bbox 1123 2201 1415 2253; x_wconf 86' lang='lat' dir='ltr'>opportunitate</span> <span class='ocrx_word' id='word_1_247' title='bbox 1438 2200 1638 2252; x_wconf 86' lang='lat' dir='ltr'>temporis,</span> <span class='ocrx_word' id='word_1_248' title='bbox 1661 2209 1795 2252; x_wconf 83' lang='lat' dir='ltr'>gratu-</span> 
     </span>
     <span class='ocr_line' id='line_1_28' title="bbox 418 2266 1799 2325; baseline -0.007 -14"><span class='ocrx_word' id='word_1_249' title='bbox 418 2275 492 2319; x_wconf 83' lang='lat' dir='ltr'>lor,</span> <span class='ocrx_word' id='word_1_250' title='bbox 524 2272 629 2325; x_wconf 90' lang='lat' dir='ltr'>quod</span> <span class='ocrx_word' id='word_1_251' title='bbox 658 2280 694 2308; x_wconf 88' lang='lat' dir='ltr'>te</span> <span class='ocrx_word' id='word_1_252' title='bbox 722 2270 767 2307; x_wconf 87' lang='lat' dir='ltr'>de</span> <span class='ocrx_word' id='word_1_253' title='bbox 794 2270 994 2322; x_wconf 85' lang='lat' dir='ltr'>provincia</span> <span class='ocrx_word' id='word_1_254' title='bbox 1021 2267 1272 2305; x_wconf 87' lang='lat' dir='ltr'>decedentem</span> <span class='ocrx_word' id='word_1_255' title='bbox 1303 2266 1453 2303; x_wconf 84' lang='lat' dir='ltr'>summa</span> <span class='ocrx_word' id='word_1_256' title='bbox 1480 2266 1561 2303; x_wconf 88' lang='lat' dir='ltr'>laus</span> <span class='ocrx_word' id='word_1_257' title='bbox 1589 2275 1626 2302; x_wconf 90' lang='lat' dir='ltr'>et</span> <span class='ocrx_word' id='word_1_258' title='bbox 1648 2266 1799 2302; x_wconf 86' lang='lat' dir='ltr'>summa</span> 
     </span>
     <span class='ocr_line' id='line_1_29' title="bbox 418 2329 1796 2391; baseline -0.007 -15"><span class='ocrx_word' id='word_1_259' title='bbox 418 2339 539 2391; x_wconf 78' lang='lat' dir='ltr'>gratia</span> <span class='ocrx_word' id='word_1_260' title='bbox 562 2336 768 2389; x_wconf 72' lang='lat' dir='ltr'>provincirc</span> <span class='ocrx_word' id='word_1_261' title='bbox 790 2335 989 2387; x_wconf 84' lang='lat' dir='ltr'>prosecuta</span> <span class='ocrx_word' id='word_1_262' title='bbox 1009 2334 1077 2371; x_wconf 87' lang='lat' dir='ltr'>cst.</span> <span class='ocrx_word' id='word_1_263' title='bbox 1109 2333 1293 2370; x_wconf 85' lang='lat' dir='ltr'>Tertium</span> <span class='ocrx_word' id='word_1_264' title='bbox 1309 2332 1375 2375; x_wconf 80' lang='lat' dir='ltr'>est,</span> <span class='ocrx_word' id='word_1_265' title='bbox 1395 2340 1437 2369; x_wconf 89' lang='lat' dir='ltr'>ut</span> <span class='ocrx_word' id='word_1_266' title='bbox 1459 2331 1498 2368; x_wconf 91' lang='lat' dir='ltr'>id</span> <span class='ocrx_word' id='word_1_267' title='bbox 1519 2331 1623 2383; x_wconf 91' lang='lat' dir='ltr'>quod</span> <span class='ocrx_word' id='word_1_268' title='bbox 1640 2330 1686 2367; x_wconf 89' lang='lat' dir='ltr'>de</span> <span class='ocrx_word' id='word_1_269' title='bbox 1707 2329 1796 2367; x_wconf 89' lang='lat' dir='ltr'>nos-</span> 
     </span>
     <span class='ocr_line' id='line_1_30' title="bbox 420 2395 1798 2443; baseline -0.008 -1"><span class='ocrx_word' id='word_1_270' title='bbox 420 2405 487 2443; x_wconf 88' lang='lat' dir='ltr'>tris</span> <span class='ocrx_word' id='word_1_271' title='bbox 508 2404 619 2441; x_wconf 86' lang='lat' dir='ltr'>rebus</span> <span class='ocrx_word' id='word_1_272' title='bbox 637 2415 765 2440; x_wconf 82' lang='lat' dir='ltr'>coram</span> <span class='ocrx_word' id='word_1_273' title='bbox 783 2399 1173 2438; x_wconf 81' lang='lat' dir='ltr'>communicaffemus</span> <span class='ocrx_word' id='word_1_274' title='bbox 1198 2399 1297 2436; x_wconf 83' lang='lat' dir='ltr'>inter</span> <span class='ocrx_word' id='word_1_275' title='bbox 1315 2411 1398 2442; x_wconf 88' lang='lat' dir='ltr'>nos,</span> <span class='ocrx_word' id='word_1_276' title='bbox 1417 2397 1669 2434; x_wconf 84' lang='lat' dir='ltr'>conficiamus</span> <span class='ocrx_word' id='word_1_277' title='bbox 1692 2395 1798 2432; x_wconf 84' lang='lat' dir='ltr'>idem</span> 
     </span>
     <span class='ocr_line' id='line_1_31' title="bbox 421 2460 1800 2519; baseline -0.009 -12"><span class='ocrx_word' id='word_1_278' title='bbox 421 2470 558 2508; x_wconf 81' lang='lat' dir='ltr'>literis.</span> <span class='ocrx_word' id='word_1_279' title='bbox 592 2469 679 2519; x_wconf 82' lang='lat' dir='ltr'>Ego</span> <span class='ocrx_word' id='word_1_280' title='bbox 700 2476 922 2504; x_wconf 77' lang='lat' dir='ltr'>caeterarum</span> <span class='ocrx_word' id='word_1_281' title='bbox 945 2478 1073 2503; x_wconf 83' lang='lat' dir='ltr'>rerum</span> <span class='ocrx_word' id='word_1_282' title='bbox 1095 2464 1204 2501; x_wconf 84' lang='lat' dir='ltr'>causa</span> <span class='ocrx_word' id='word_1_283' title='bbox 1225 2463 1298 2500; x_wconf 83' lang='lat' dir='ltr'>tibi</span> <span class='ocrx_word' id='word_1_284' title='bbox 1319 2464 1490 2500; x_wconf 80' lang='lat' dir='ltr'>Romam</span> <span class='ocrx_word' id='word_1_285' title='bbox 1512 2460 1800 2513; x_wconf 71' lang='lat' dir='ltr'>properandum.</span> 
     </span>
     <span class='ocr_line' id='line_1_32' title="bbox 420 2525 1801 2587; baseline -0.008 -15"><span class='ocrx_word' id='word_1_286' title='bbox 420 2547 653 2587; x_wconf 84' lang='lat' dir='ltr'>magnopere</span> <span class='ocrx_word' id='word_1_287' title='bbox 686 2532 834 2570; x_wconf 78' lang='lat' dir='ltr'>censeo.</span> <span class='ocrx_word' id='word_1_288' title='bbox 881 2532 986 2570; x_wconf 87' lang='lat' dir='ltr'>Nam</span> <span class='ocrx_word' id='word_1_289' title='bbox 1017 2539 1053 2569; x_wconf 79' lang='lat' dir='ltr'>ct</span> <span class='ocrx_word' id='word_1_290' title='bbox 1084 2543 1139 2574; x_wconf 83' lang='lat' dir='ltr'>ea,</span> <span class='ocrx_word' id='word_1_291' title='bbox 1171 2542 1255 2580; x_wconf 78' lang='lat' dir='ltr'>quae</span> <span class='ocrx_word' id='word_1_292' title='bbox 1277 2528 1432 2579; x_wconf 81' lang='lat' dir='ltr'>reliqui,</span> <span class='ocrx_word' id='word_1_293' title='bbox 1465 2525 1673 2578; x_wconf 81' lang='lat' dir='ltr'>tranquilla</span> <span class='ocrx_word' id='word_1_294' title='bbox 1693 2525 1801 2562; x_wconf 81' lang='lat' dir='ltr'>dete</span> 
     </span>
    </p>
   </div>
  </div>
 </body>
</html>
