2351 2997
588 254 636 294 52
932 240 1615 283 EPISTOLARUM

589 340 852 379 Brundufium
879 350 1089 378 venturum
1117 340 1296 377 arbitror.
1344 340 1426 391 Qi
1459 355 1550 378 cum
1577 340 1740 386 venerit,
1772 354 1856 393 quae
1884 341 1966 393 pri-

590 419 701 445 mum
722 406 930 458 navigandi
950 405 1063 443 nobis
1084 403 1248 442 facultas
1270 403 1356 441 data
1375 405 1462 450 erit,
1494 419 1536 443 ea
1556 414 1725 444 utemur.
1760 406 1868 444 Vale.

808 605 871 643 M.
905 606 957 643 T.
991 605 1039 642 C.
1073 605 1258 642 APPIO
1297 605 1580 642 PULCHRO
1623 603 1659 642 S.
1693 605 1752 642 D,

590 734 663 772 IV.
684 732 737 805 P
754 734 789 770 R
807 734 823 770 I
840 734 876 770 D
894 734 910 770 Ι
927 734 958 770 Ε
992 746 1108 771 nonas
1135 732 1286 783 Junias,
1318 745 1411 770 cum
1441 731 1555 769 effem
1587 731 1809 776 Brundusii,
1840 731 1967 770 literas

772 808 855 836 tuas
877 799 1023 850 accepi,
1054 799 1198 850 quibus
1220 807 1298 835 erat
1319 797 1523 849 scriptum,
1555 805 1592 835 te
1613 798 1661 835 L.
1688 797 1831 835 Clodio
1855 811 1968 835 man-

590 865 703 910 daffe,
735 879 820 917 quae
841 864 956 901 illum
979 877 1136 902 mecum
1157 864 1268 915 loqui
1290 863 1422 901 velles.
1470 864 1576 901 Eum
1596 862 1682 900 sane
1702 863 1971 915 expectabam,

591 940 636 970 ut
655 944 711 976 ea,
743 944 828 982 quae
849 943 869 967 a
890 939 927 968 te
947 929 1113 974 afferret,
1145 943 1263 982 quam
1292 929 1467 981 primum
1492 928 1780 980 cognoscerem.
1827 929 1970 966 Meum

590 996 764 1035 studium
779 1009 868 1048 erga
885 1005 921 1034 te
937 1005 974 1033 et
991 996 1182 1040 officium,
1201 995 1351 1033 tametfi
1372 995 1510 1032 multis
1525 996 1610 1046 jam
1631 995 1744 1032 rebus
1767 994 1875 1046 spero
1897 995 1971 1031 tibi

591 1062 663 1099 effe
683 1061 904 1113 cognitum,
938 1069 1066 1097 tamen
1096 1060 1137 1096 in
1168 1059 1214 1096 iis
1236 1060 1406 1096 maxime
1428 1059 1645 1103 declarabo,
1677 1058 1821 1110 quibus
1842 1058 1970 1110 pluri-

591 1140 704 1165 mum
724 1125 937 1177 fignificare
959 1133 1122 1176 potuero
1144 1133 1251 1161 tuam
1272 1122 1373 1161 mihi
1394 1123 1720 1161 existimationem
1741 1132 1779 1161 et
1799 1123 1973 1175 dignita-

591 1202 673 1230 tem
703 1190 932 1228 cariffimam
962 1190 1046 1227 effe.
1092 1188 1201 1226 Mihi
1234 1199 1271 1227 et
1304 1189 1526 1240 QFabius
1559 1189 1818 1240 Virgilianus‚
1849 1198 1887 1225 et
1921 1189 1970 1226 C.

594 1257 758 1295 Flaccus
780 1257 828 1293 L.
853 1255 972 1299 filius,
995 1264 1034 1292 et
1055 1254 1345 1306 diligentiffime
1368 1255 1430 1291 M.
1452 1254 1636 1291 octavius
1659 1254 1735 1291 Cn.
1760 1253 1879 1298 filius,
1903 1253 1970 1290 de-

593 1321 819 1360 monstravit
847 1334 908 1358 me
936 1334 956 1357 a
984 1330 1020 1357 te
1051 1320 1213 1371 plurimi
1244 1319 1353 1357 fieri:
1386 1319 1492 1371 quod
1519 1328 1675 1371 egomet
1697 1319 1833 1356 multis
1855 1332 1970 1370 argu-

593 1388 736 1427 mentis
758 1388 842 1439 jam
872 1396 980 1424 antea
1004 1386 1237 1437 judicaram,
1270 1386 1518 1436 maximeque
1548 1385 1618 1425 isso
1649 1385 1751 1422 libro
1781 1385 1970 1436 augurali,

594 1468 727 1506 quem,
750 1453 796 1489 ad
817 1466 879 1489 me
900 1451 1155 1488 amantiffime
1177 1451 1381 1502 scriptum,
1414 1450 1675 1488 suaviflimum
1696 1450 1843 1488 mifisti.
1881 1450 1977 1487 Mea

594 1519 636 1557 in
658 1528 694 1557 te
715 1517 846 1556 omnia
867 1517 1017 1554 summa
1038 1516 1324 1554 neceflitudinis
1342 1516 1469 1553 officia
1484 1515 1730 1553 constabunt.
1758 1516 1864 1553 Nam
1881 1529 1975 1552 cum

596 1594 632 1622 te
654 1583 747 1636 ipse,
769 1596 816 1620 ex
838 1595 917 1634 quo
939 1591 1112 1633 tempore
1134 1590 1175 1618 tu
1198 1595 1260 1618 me
1281 1581 1443 1631 diligere
1464 1580 1629 1632 coepisti,
1653 1580 1830 1631 quotidie
1850 1581 1974 1633 pluris

595 1649 687 1694 feci,
720 1657 805 1686 tum
826 1646 1061 1684 accesserunt
1087 1647 1203 1682 etiam
1232 1645 1526 1696 conjunctiones
1558 1645 1852 1682 necessariorum
1883 1654 1973 1682 tuo-

596 1727 698 1753 rum.
746 1714 856 1750 Duos
887 1712 994 1749 enim
1024 1711 1190 1748 duarum
1219 1720 1377 1748 aetatum
1407 1710 1570 1762 plurimi
1600 1709 1716 1754 facio,
1750 1711 1826 1748 Cn.
1851 1711 1975 1747 Pom-

597 1780 743 1832 peium,
776 1778 864 1815 filiae
900 1786 974 1814 tuve
1009 1777 1199 1821 socerum,
1235 1785 1273 1813 et
1307 1776 1370 1813 M.
1406 1777 1589 1820 Brutum,
1619 1789 1807 1826 generum
1843 1784 1972 1813 tuum.

597 1843 769 1895 Collegii
789 1855 946 1894 quoque
967 1842 1207 1893 conjunctio,
1239 1840 1450 1892 praesertim
1471 1849 1549 1878 tam
1572 1839 1787 1878 honorifice
1806 1853 1827 1876 a
1847 1849 1884 1877 te
1905 1854 1975 1892 ap-

596 1910 770 1961 probata,
794 1921 872 1944 non
892 1906 1088 1945 mediocre
1108 1906 1312 1944 vinculum
1334 1904 1435 1943 mihi
1456 1905 1616 1956 quidem
1637 1905 1803 1943 attuliffe
1823 1905 1977 1943 videtur

597 1976 643 2013 ad
664 1974 882 2012 voluntates
904 1971 1047 2009 nostras
1072 1971 1322 2023 copulandas.
1370 1972 1442 2008 Sed
1472 1979 1524 2015 et,
1556 1971 1581 2008 fi
1613 1970 1801 2009 Clodium
1832 1984 1974 2008 conve-

600 2054 705 2084 nero,
736 2052 783 2076 ex
814 2037 920 2075 illius
952 2036 1125 2075 sermone
1154 2037 1200 2073 ad
1232 2045 1267 2074 te
1297 2036 1462 2073 scribam
1493 2036 1630 2087 plura3
1663 2045 1700 2073 et
1721 2036 1800 2087 ipse
1820 2049 1979 2087 operam

598 2106 712 2149 dabo,
731 2113 767 2141 te
788 2112 831 2141 ut
851 2115 968 2154 quam
990 2103 1164 2154 primum
1185 2101 1349 2139 videam.
1384 2100 1503 2152 Qod
1525 2100 1675 2144 scribis,
1699 2101 1772 2138 tibi
1793 2100 1976 2138 manendi

599 2171 749 2211 causam
780 2183 863 2207 eam
894 2167 1019 2214 fuisse,
1054 2177 1095 2206 ut
1127 2181 1189 2206 me
1219 2167 1460 2211 convenires,
1492 2166 1532 2204 id
1567 2165 1682 2211 mihi,
1715 2180 1761 2204 ne
1797 2166 1981 2211 mentiar,

599 2246 754 2291 gratum
774 2235 839 2273 est.
875 2235 981 2273 Vale.
