<?xml version="1.0" encoding="UTF-8"?>
<!DOCTYPE html PUBLIC "-//W3C//DTD XHTML 1.0 Transitional//EN"
    "http://www.w3.org/TR/xhtml1/DTD/xhtml1-transitional.dtd">
<html xmlns="http://www.w3.org/1999/xhtml" xml:lang="en" lang="en">
 <head>
  <title>
</title>
<meta http-equiv="Content-Type" content="text/html;charset=utf-8" />
  <meta name='ocr-system' content='tesseract 3.04.00' />
  <meta name='ocr-capabilities' content='ocr_page ocr_carea ocr_par ocr_line ocrx_word'/>
</head>
<body>
  <div class='ocr_page' id='page_1' title='image "./operacumindicibu07ciceuoft_0424.png"; bbox 0 0 2351 2997; ppageno 0'>
   <div class='ocr_carea' id='block_1_1' title="bbox 502 269 1537 327">
    <p class='ocr_par' dir='ltr' id='par_1_1' title="bbox 502 269 1537 327">
     <span class='ocr_line' id='line_1_1' title="bbox 502 269 1537 327; baseline -0.005 -13"><span class='ocrx_word' id='word_1_1' title='bbox 502 290 583 327; x_wconf 79' lang='lat'>404</span> <span class='ocrx_word' id='word_1_2' title='bbox 852 269 1537 312; x_wconf 84' lang='lat' dir='ltr'><strong>EPISTOLARUM</strong></span> 
     </span>
    </p>
   </div>
   <div class='ocr_carea' id='block_1_2' title="bbox 505 363 1889 2561">
    <p class='ocr_par' dir='ltr' id='par_1_2' title="bbox 505 363 1889 2561">
     <span class='ocr_line' id='line_1_2' title="bbox 505 363 1886 425; baseline -0.008 -14"><span class='ocrx_word' id='word_1_3' title='bbox 505 373 681 425; x_wconf 87' lang='lat' dir='ltr'>equitatu</span> <span class='ocrx_word' id='word_1_4' title='bbox 704 369 886 408; x_wconf 86' lang='lat' dir='ltr'>Parthico</span> <span class='ocrx_word' id='word_1_5' title='bbox 907 368 1073 406; x_wconf 78' lang='lat' dir='ltr'>tranfiffe</span> <span class='ocrx_word' id='word_1_6' title='bbox 1094 366 1352 419; x_wconf 84' lang='lat' dir='ltr'><strong>Euphratem,</strong></span> <span class='ocrx_word' id='word_1_7' title='bbox 1370 375 1408 403; x_wconf 90' lang='lat' dir='ltr'>et</span> <span class='ocrx_word' id='word_1_8' title='bbox 1424 365 1540 403; x_wconf 76' lang='lat' dir='ltr'>castra</span> <span class='ocrx_word' id='word_1_9' title='bbox 1555 363 1717 417; x_wconf 80' lang='lat' dir='ltr'>posuiffe</span> <span class='ocrx_word' id='word_1_10' title='bbox 1733 363 1856 416; x_wconf 80' lang='lat' dir='ltr'>Tybae</span> <span class='ocrx_word' id='word_1_11' title='bbox 1868 381 1886 408; x_wconf 71' lang='lat'>3</span> 
     </span>
     <span class='ocr_line' id='line_1_3' title="bbox 506 429 1884 488; baseline -0.007 -13"><span class='ocrx_word' id='word_1_12' title='bbox 506 449 775 488; x_wconf 84' lang='lat' dir='ltr'>magnumque</span> <span class='ocrx_word' id='word_1_13' title='bbox 796 434 1016 471; x_wconf 89' lang='lat' dir='ltr'>tumultum</span> <span class='ocrx_word' id='word_1_14' title='bbox 1035 432 1107 469; x_wconf 84' lang='lat' dir='ltr'>effe</span> <span class='ocrx_word' id='word_1_15' title='bbox 1127 432 1166 468; x_wconf 89' lang='lat' dir='ltr'>in</span> <span class='ocrx_word' id='word_1_16' title='bbox 1188 431 1390 482; x_wconf 86' lang='lat' dir='ltr'>provincia</span> <span class='ocrx_word' id='word_1_17' title='bbox 1410 431 1516 480; x_wconf 85' lang='lat' dir='ltr'>Syria</span> <span class='ocrx_word' id='word_1_18' title='bbox 1534 429 1763 467; x_wconf 83' lang='lat' dir='ltr'>excitatum.</span> <span class='ocrx_word' id='word_1_19' title='bbox 1799 429 1884 466; x_wconf 89' lang='lat' dir='ltr'>Eo-</span> 
     </span>
     <span class='ocr_line' id='line_1_4' title="bbox 507 492 1882 545; baseline -0.008 -6"><span class='ocrx_word' id='word_1_20' title='bbox 507 501 596 538; x_wconf 90' lang='lat' dir='ltr'>dem</span> <span class='ocrx_word' id='word_1_21' title='bbox 632 501 692 537; x_wconf 88' lang='lat' dir='ltr'>die</span> <span class='ocrx_word' id='word_1_22' title='bbox 726 500 772 536; x_wconf 88' lang='lat' dir='ltr'>ab</span> <span class='ocrx_word' id='word_1_23' title='bbox 808 495 1044 539; x_wconf 80' lang='lat' dir='ltr'>Iamblicho,</span> <span class='ocrx_word' id='word_1_24' title='bbox 1076 493 1293 545; x_wconf 86' lang='lat' dir='ltr'>phylarcho</span> <span class='ocrx_word' id='word_1_25' title='bbox 1326 493 1518 537; x_wconf 82' lang='lat' dir='ltr'>Arabum,</span> <span class='ocrx_word' id='word_1_26' title='bbox 1550 507 1668 544; x_wconf 88' lang='lat' dir='ltr'>quem</span> <span class='ocrx_word' id='word_1_27' title='bbox 1702 492 1882 530; x_wconf 84' lang='lat' dir='ltr'>homines</span> 
     </span>
     <span class='ocr_line' id='line_1_5' title="bbox 505 558 1884 618; baseline -0.007 -15"><span class='ocrx_word' id='word_1_28' title='bbox 505 567 716 618; x_wconf 82' lang='lat' dir='ltr'>opinantur</span> <span class='ocrx_word' id='word_1_29' title='bbox 737 564 834 600; x_wconf 91' lang='lat' dir='ltr'>bene</span> <span class='ocrx_word' id='word_1_30' title='bbox 855 561 1007 605; x_wconf 86' lang='lat' dir='ltr'>sentire,</span> <span class='ocrx_word' id='word_1_31' title='bbox 1038 560 1288 610; x_wconf 87' lang='lat' dir='ltr'>amicumque</span> <span class='ocrx_word' id='word_1_32' title='bbox 1308 558 1380 596; x_wconf 69' lang='lat' dir='ltr'>efl&#39;e</span> <span class='ocrx_word' id='word_1_33' title='bbox 1400 558 1624 610; x_wconf 63' lang='lat' dir='ltr'>reipublicae</span> <span class='ocrx_word' id='word_1_34' title='bbox 1651 559 1800 602; x_wconf 78' lang='lat' dir='ltr'>nostrae,</span> <span class='ocrx_word' id='word_1_35' title='bbox 1831 558 1884 595; x_wconf 88' lang='lat' dir='ltr'>li·-</span> 
     </span>
     <span class='ocr_line' id='line_1_6' title="bbox 507 623 1883 669; baseline -0.006 -1"><span class='ocrx_word' id='word_1_36' title='bbox 507 641 594 669; x_wconf 84' lang='lat' dir='ltr'>terae</span> <span class='ocrx_word' id='word_1_37' title='bbox 616 631 661 667; x_wconf 90' lang='lat' dir='ltr'>de</span> <span class='ocrx_word' id='word_1_38' title='bbox 682 629 824 666; x_wconf 86' lang='lat' dir='ltr'>eisdem</span> <span class='ocrx_word' id='word_1_39' title='bbox 846 628 959 665; x_wconf 84' lang='lat' dir='ltr'>rebus</span> <span class='ocrx_word' id='word_1_40' title='bbox 981 625 1082 664; x_wconf 89' lang='lat' dir='ltr'>mihi</span> <span class='ocrx_word' id='word_1_41' title='bbox 1103 625 1260 663; x_wconf 83' lang='lat' dir='ltr'>redditae</span> <span class='ocrx_word' id='word_1_42' title='bbox 1281 625 1383 663; x_wconf 86' lang='lat' dir='ltr'>sunt.</span> <span class='ocrx_word' id='word_1_43' title='bbox 1415 625 1491 662; x_wconf 83' lang='lat' dir='ltr'>His</span> <span class='ocrx_word' id='word_1_44' title='bbox 1514 625 1627 662; x_wconf 89' lang='lat' dir='ltr'>rebus</span> <span class='ocrx_word' id='word_1_45' title='bbox 1648 625 1788 668; x_wconf 83' lang='lat' dir='ltr'>allatis,</span> <span class='ocrx_word' id='word_1_46' title='bbox 1816 623 1883 660; x_wconf 81' lang='lat' dir='ltr'>etsi</span> 
     </span>
     <span class='ocr_line' id='line_1_7' title="bbox 507 689 1887 746; baseline -0.006 -13"><span class='ocrx_word' id='word_1_47' title='bbox 507 694 778 746; x_wconf 79' lang='lat' dir='ltr'><strong>intelligebam</strong></span> <span class='ocrx_word' id='word_1_48' title='bbox 800 693 921 730; x_wconf 86' lang='lat' dir='ltr'>socios</span> <span class='ocrx_word' id='word_1_49' title='bbox 952 691 1106 729; x_wconf 88' lang='lat' dir='ltr'>infirme</span> <span class='ocrx_word' id='word_1_50' title='bbox 1133 690 1322 727; x_wconf 79' lang='lat' dir='ltr'>animatos</span> <span class='ocrx_word' id='word_1_51' title='bbox 1353 689 1439 734; x_wconf 81' lang='lat' dir='ltr'>effe,</span> <span class='ocrx_word' id='word_1_52' title='bbox 1470 698 1508 727; x_wconf 90' lang='lat' dir='ltr'>et</span> <span class='ocrx_word' id='word_1_53' title='bbox 1539 703 1726 726; x_wconf 86' lang='lat' dir='ltr'>novarum</span> <span class='ocrx_word' id='word_1_54' title='bbox 1755 701 1887 725; x_wconf 87' lang='lat' dir='ltr'>rerum</span> 
     </span>
     <span class='ocr_line' id='line_1_8' title="bbox 506 755 1885 812; baseline -0.006 -14"><span class='ocrx_word' id='word_1_55' title='bbox 506 760 772 812; x_wconf 70' lang='lat' dir='ltr'>expectatione</span> <span class='ocrx_word' id='word_1_56' title='bbox 793 757 1004 810; x_wconf 77' lang='lat' dir='ltr'>suspensos,</span> <span class='ocrx_word' id='word_1_57' title='bbox 1037 756 1232 808; x_wconf 81' lang='lat' dir='ltr'>sperabam</span> <span class='ocrx_word' id='word_1_58' title='bbox 1265 764 1394 792; x_wconf 89' lang='lat' dir='ltr'>tamen</span> <span class='ocrx_word' id='word_1_59' title='bbox 1424 767 1502 799; x_wconf 85' lang='lat' dir='ltr'>eos,</span> <span class='ocrx_word' id='word_1_60' title='bbox 1534 755 1580 791; x_wconf 89' lang='lat' dir='ltr'>ad</span> <span class='ocrx_word' id='word_1_61' title='bbox 1601 767 1698 806; x_wconf 84' lang='lat' dir='ltr'>quos</span> <span class='ocrx_word' id='word_1_62' title='bbox 1714 755 1798 805; x_wconf 84' lang='lat' dir='ltr'>jam</span> <span class='ocrx_word' id='word_1_63' title='bbox 1818 766 1885 790; x_wconf 90' lang='lat' dir='ltr'>ac-</span> 
     </span>
     <span class='ocr_line' id='line_1_9' title="bbox 508 820 1884 876; baseline -0.006 -13"><span class='ocrx_word' id='word_1_64' title='bbox 508 826 701 869; x_wconf 81' lang='lat' dir='ltr'>cefferam,</span> <span class='ocrx_word' id='word_1_65' title='bbox 734 825 880 876; x_wconf 86' lang='lat' dir='ltr'>quique</span> <span class='ocrx_word' id='word_1_66' title='bbox 902 823 1067 860; x_wconf 85' lang='lat' dir='ltr'>nostram</span> <span class='ocrx_word' id='word_1_67' title='bbox 1089 820 1411 858; x_wconf 81' lang='lat' dir='ltr'>consuetudinem</span> <span class='ocrx_word' id='word_1_68' title='bbox 1432 821 1774 871; x_wconf 81' lang='lat' dir='ltr'>integritatemque</span> <span class='ocrx_word' id='word_1_69' title='bbox 1795 832 1884 870; x_wconf 89' lang='lat' dir='ltr'>per-</span> 
     </span>
     <span class='ocr_line' id='line_1_10' title="bbox 508 883 1883 942; baseline -0.006 -15"><span class='ocrx_word' id='word_1_70' title='bbox 508 890 722 942; x_wconf 78' lang='lat' dir='ltr'>spexerant,</span> <span class='ocrx_word' id='word_1_71' title='bbox 745 888 946 925; x_wconf 83' lang='lat' dir='ltr'>amiciores</span> <span class='ocrx_word' id='word_1_72' title='bbox 968 885 1115 938; x_wconf 86' lang='lat' dir='ltr'>populo</span> <span class='ocrx_word' id='word_1_73' title='bbox 1137 886 1317 922; x_wconf 80' lang='lat' dir='ltr'>Romano</span> <span class='ocrx_word' id='word_1_74' title='bbox 1338 884 1409 921; x_wconf 82' lang='lat' dir='ltr'>effe</span> <span class='ocrx_word' id='word_1_75' title='bbox 1429 883 1575 929; x_wconf 39' lang='lat' dir='ltr'>saccom</span> <span class='ocrx_word' id='word_1_76' title='bbox 1609 883 1794 921; x_wconf 78' lang='lat' dir='ltr'>Ciliciam</span> <span class='ocrx_word' id='word_1_77' title='bbox 1814 896 1883 919; x_wconf 87' lang='lat' dir='ltr'>au-</span> 
     </span>
     <span class='ocr_line' id='line_1_11' title="bbox 509 947 1887 1001; baseline -0.006 -9"><span class='ocrx_word' id='word_1_78' title='bbox 509 964 589 992; x_wconf 83' lang='lat' dir='ltr'>tem</span> <span class='ocrx_word' id='word_1_79' title='bbox 610 954 823 991; x_wconf 74' lang='lat' dir='ltr'>firmiorem</span> <span class='ocrx_word' id='word_1_80' title='bbox 844 951 940 995; x_wconf 90' lang='lat' dir='ltr'>fore,</span> <span class='ocrx_word' id='word_1_81' title='bbox 960 951 984 987; x_wconf 90' lang='lat' dir='ltr'>s1</span> <span class='ocrx_word' id='word_1_82' title='bbox 1002 950 1193 1001; x_wconf 82' lang='lat' dir='ltr'>aequitatis</span> <span class='ocrx_word' id='word_1_83' title='bbox 1216 948 1350 986; x_wconf 85' lang='lat' dir='ltr'>nostrae</span> <span class='ocrx_word' id='word_1_84' title='bbox 1366 949 1556 1000; x_wconf 80' lang='lat' dir='ltr'>particeps</span> <span class='ocrx_word' id='word_1_85' title='bbox 1579 947 1676 985; x_wconf 59' lang='lat' dir='ltr'>facta</span> <span class='ocrx_word' id='word_1_86' title='bbox 1695 947 1798 984; x_wconf 85' lang='lat' dir='ltr'>effet.</span> <span class='ocrx_word' id='word_1_87' title='bbox 1831 947 1887 984; x_wconf 80' lang='lat' dir='ltr'>Et</span> 
     </span>
     <span class='ocr_line' id='line_1_12' title="bbox 509 1012 1886 1067; baseline -0.006 -11"><span class='ocrx_word' id='word_1_88' title='bbox 509 1020 559 1056; x_wconf 92' lang='lat' dir='ltr'>ob</span> <span class='ocrx_word' id='word_1_89' title='bbox 581 1033 663 1056; x_wconf 87' lang='lat' dir='ltr'>eam</span> <span class='ocrx_word' id='word_1_90' title='bbox 685 1019 850 1062; x_wconf 75' lang='lat' dir='ltr'>causam,</span> <span class='ocrx_word' id='word_1_91' title='bbox 881 1026 919 1054; x_wconf 88' lang='lat' dir='ltr'>et</span> <span class='ocrx_word' id='word_1_92' title='bbox 942 1025 983 1053; x_wconf 90' lang='lat' dir='ltr'>ut</span> <span class='ocrx_word' id='word_1_93' title='bbox 1004 1016 1318 1067; x_wconf 82' lang='lat' dir='ltr'>opprimerentur</span> <span class='ocrx_word' id='word_1_94' title='bbox 1338 1014 1380 1058; x_wconf 87' lang='lat' dir='ltr'>ii,</span> <span class='ocrx_word' id='word_1_95' title='bbox 1412 1013 1480 1064; x_wconf 86' lang='lat' dir='ltr'>qui</span> <span class='ocrx_word' id='word_1_96' title='bbox 1505 1026 1552 1050; x_wconf 81' lang='lat' dir='ltr'>ex</span> <span class='ocrx_word' id='word_1_97' title='bbox 1575 1012 1750 1050; x_wconf 90' lang='lat' dir='ltr'>Cilicum</span> <span class='ocrx_word' id='word_1_98' title='bbox 1769 1021 1886 1063; x_wconf 83' lang='lat' dir='ltr'>gente</span> 
     </span>
     <span class='ocr_line' id='line_1_13' title="bbox 508 1077 1886 1131; baseline -0.007 -9"><span class='ocrx_word' id='word_1_99' title='bbox 508 1086 548 1122; x_wconf 88' lang='lat' dir='ltr'>in</span> <span class='ocrx_word' id='word_1_100' title='bbox 571 1085 686 1122; x_wconf 88' lang='lat' dir='ltr'>armis</span> <span class='ocrx_word' id='word_1_101' title='bbox 708 1084 838 1127; x_wconf 69' lang='lat' dir='ltr'>essent,</span> <span class='ocrx_word' id='word_1_102' title='bbox 870 1092 907 1120; x_wconf 89' lang='lat' dir='ltr'>et</span> <span class='ocrx_word' id='word_1_103' title='bbox 929 1091 971 1118; x_wconf 91' lang='lat' dir='ltr'>ut</span> <span class='ocrx_word' id='word_1_104' title='bbox 993 1080 1111 1118; x_wconf 79' lang='lat' dir='ltr'>hostis</span> <span class='ocrx_word' id='word_1_105' title='bbox 1134 1081 1181 1124; x_wconf 83' lang='lat' dir='ltr'>is,</span> <span class='ocrx_word' id='word_1_106' title='bbox 1213 1080 1282 1131; x_wconf 90' lang='lat' dir='ltr'>qui</span> <span class='ocrx_word' id='word_1_107' title='bbox 1303 1079 1391 1116; x_wconf 71' lang='lat' dir='ltr'>efl&#39;et</span> <span class='ocrx_word' id='word_1_108' title='bbox 1413 1079 1452 1116; x_wconf 89' lang='lat' dir='ltr'>in</span> <span class='ocrx_word' id='word_1_109' title='bbox 1475 1079 1594 1129; x_wconf 82' lang='lat' dir='ltr'>Syria,</span> <span class='ocrx_word' id='word_1_110' title='bbox 1617 1077 1743 1121; x_wconf 88' lang='lat' dir='ltr'>sciret,</span> <span class='ocrx_word' id='word_1_111' title='bbox 1772 1090 1886 1114; x_wconf 85' lang='lat' dir='ltr'>exer-</span> 
     </span>
     <span class='ocr_line' id='line_1_14' title="bbox 507 1141 1889 1201; baseline -0.007 -14"><span class='ocrx_word' id='word_1_112' title='bbox 507 1150 634 1187; x_wconf 85' lang='lat' dir='ltr'>citum</span> <span class='ocrx_word' id='word_1_113' title='bbox 655 1148 791 1201; x_wconf 89' lang='lat' dir='ltr'>populi</span> <span class='ocrx_word' id='word_1_114' title='bbox 813 1146 985 1184; x_wconf 84' lang='lat' dir='ltr'>Romani</span> <span class='ocrx_word' id='word_1_115' title='bbox 1007 1159 1083 1183; x_wconf 85' lang='lat' dir='ltr'>non</span> <span class='ocrx_word' id='word_1_116' title='bbox 1104 1144 1223 1182; x_wconf 88' lang='lat' dir='ltr'>modo</span> <span class='ocrx_word' id='word_1_117' title='bbox 1243 1157 1321 1182; x_wconf 88' lang='lat' dir='ltr'>non</span> <span class='ocrx_word' id='word_1_118' title='bbox 1342 1143 1475 1181; x_wconf 86' lang='lat' dir='ltr'>cedere</span> <span class='ocrx_word' id='word_1_119' title='bbox 1490 1142 1552 1180; x_wconf 86' lang='lat' dir='ltr'>his</span> <span class='ocrx_word' id='word_1_120' title='bbox 1574 1143 1723 1180; x_wconf 87' lang='lat' dir='ltr'>nuntiis</span> <span class='ocrx_word' id='word_1_121' title='bbox 1744 1141 1889 1186; x_wconf 77' lang='lat' dir='ltr'>allatis,</span> 
     </span>
     <span class='ocr_line' id='line_1_15' title="bbox 506 1206 1883 1265; baseline -0.007 -12"><span class='ocrx_word' id='word_1_122' title='bbox 506 1214 569 1252; x_wconf 91' lang='lat' dir='ltr'>sed</span> <span class='ocrx_word' id='word_1_123' title='bbox 590 1215 706 1252; x_wconf 84' lang='lat' dir='ltr'>etiam</span> <span class='ocrx_word' id='word_1_124' title='bbox 728 1214 888 1265; x_wconf 87' lang='lat' dir='ltr'>propius</span> <span class='ocrx_word' id='word_1_125' title='bbox 908 1210 1111 1255; x_wconf 84' lang='lat' dir='ltr'>accedere;</span> <span class='ocrx_word' id='word_1_126' title='bbox 1135 1209 1350 1247; x_wconf 83' lang='lat' dir='ltr'>exercitum</span> <span class='ocrx_word' id='word_1_127' title='bbox 1371 1208 1421 1246; x_wconf 86' lang='lat' dir='ltr'>ad</span> <span class='ocrx_word' id='word_1_128' title='bbox 1438 1210 1617 1246; x_wconf 84' lang='lat' dir='ltr'>Taurum</span> <span class='ocrx_word' id='word_1_129' title='bbox 1637 1207 1787 1244; x_wconf 85' lang='lat' dir='ltr'>institui</span> <span class='ocrx_word' id='word_1_130' title='bbox 1808 1206 1883 1243; x_wconf 88' lang='lat' dir='ltr'>du-</span> 
     </span>
     <span class='ocr_line' id='line_1_16' title="bbox 509 1271 1889 1329; baseline -0.007 -12"><span class='ocrx_word' id='word_1_131' title='bbox 509 1293 608 1317; x_wconf 90' lang='lat' dir='ltr'>cere.</span> <span class='ocrx_word' id='word_1_132' title='bbox 655 1279 741 1323; x_wconf 86' lang='lat' dir='ltr'>Sed,</span> <span class='ocrx_word' id='word_1_133' title='bbox 773 1278 798 1315; x_wconf 87' lang='lat' dir='ltr'>fi</span> <span class='ocrx_word' id='word_1_134' title='bbox 820 1277 915 1329; x_wconf 89' lang='lat' dir='ltr'>quid</span> <span class='ocrx_word' id='word_1_135' title='bbox 936 1276 1037 1328; x_wconf 88' lang='lat' dir='ltr'>apud</span> <span class='ocrx_word' id='word_1_136' title='bbox 1058 1288 1124 1314; x_wconf 88' lang='lat' dir='ltr'>vos</span> <span class='ocrx_word' id='word_1_137' title='bbox 1145 1274 1349 1313; x_wconf 64' lang='lat' dir='ltr'>auctoritas</span> <span class='ocrx_word' id='word_1_138' title='bbox 1371 1287 1456 1311; x_wconf 86' lang='lat' dir='ltr'>mea</span> <span class='ocrx_word' id='word_1_139' title='bbox 1474 1272 1655 1326; x_wconf 82' lang='lat' dir='ltr'>ponderis</span> <span class='ocrx_word' id='word_1_140' title='bbox 1681 1271 1812 1315; x_wconf 87' lang='lat' dir='ltr'>habet,</span> <span class='ocrx_word' id='word_1_141' title='bbox 1844 1272 1889 1308; x_wconf 87' lang='lat' dir='ltr'>in</span> 
     </span>
     <span class='ocr_line' id='line_1_17' title="bbox 509 1339 1886 1397; baseline -0.007 -15"><span class='ocrx_word' id='word_1_142' title='bbox 509 1345 557 1382; x_wconf 86' lang='lat' dir='ltr'>iis</span> <span class='ocrx_word' id='word_1_143' title='bbox 578 1344 787 1397; x_wconf 82' lang='lat' dir='ltr'>praesertim</span> <span class='ocrx_word' id='word_1_144' title='bbox 809 1343 937 1386; x_wconf 86' lang='lat' dir='ltr'>rebus,</span> <span class='ocrx_word' id='word_1_145' title='bbox 960 1354 1054 1393; x_wconf 81' lang='lat' dir='ltr'>quas</span> <span class='ocrx_word' id='word_1_146' title='bbox 1076 1353 1142 1378; x_wconf 83' lang='lat' dir='ltr'>vos</span> <span class='ocrx_word' id='word_1_147' title='bbox 1163 1339 1334 1385; x_wconf 82' lang='lat' dir='ltr'>audistis,</span> <span class='ocrx_word' id='word_1_148' title='bbox 1356 1353 1428 1391; x_wconf 86' lang='lat' dir='ltr'>ego</span> <span class='ocrx_word' id='word_1_149' title='bbox 1448 1352 1545 1391; x_wconf 89' lang='lat' dir='ltr'>pene</span> <span class='ocrx_word' id='word_1_150' title='bbox 1566 1351 1709 1382; x_wconf 80' lang='lat' dir='ltr'>cern03</span> <span class='ocrx_word' id='word_1_151' title='bbox 1742 1349 1886 1388; x_wconf 82' lang='lat' dir='ltr'>magno</span> 
     </span>
     <span class='ocr_line' id='line_1_18' title="bbox 506 1401 1881 1463; baseline -0.007 -15"><span class='ocrx_word' id='word_1_152' title='bbox 506 1424 621 1463; x_wconf 90' lang='lat' dir='ltr'>opere</span> <span class='ocrx_word' id='word_1_153' title='bbox 642 1423 707 1447; x_wconf 82' lang='lat' dir='ltr'>vos</span> <span class='ocrx_word' id='word_1_154' title='bbox 729 1418 766 1446; x_wconf 93' lang='lat' dir='ltr'>et</span> <span class='ocrx_word' id='word_1_155' title='bbox 786 1408 921 1445; x_wconf 87' lang='lat' dir='ltr'>hortor</span> <span class='ocrx_word' id='word_1_156' title='bbox 941 1416 980 1445; x_wconf 89' lang='lat' dir='ltr'>et</span> <span class='ocrx_word' id='word_1_157' title='bbox 1000 1419 1155 1450; x_wconf 88' lang='lat' dir='ltr'>moneo,</span> <span class='ocrx_word' id='word_1_158' title='bbox 1173 1414 1217 1443; x_wconf 94' lang='lat' dir='ltr'>ut</span> <span class='ocrx_word' id='word_1_159' title='bbox 1237 1404 1298 1442; x_wconf 86' lang='lat' dir='ltr'>his</span> <span class='ocrx_word' id='word_1_160' title='bbox 1321 1403 1547 1456; x_wconf 88' lang='lat' dir='ltr'>provinciis,</span> <span class='ocrx_word' id='word_1_161' title='bbox 1569 1403 1685 1440; x_wconf 88' lang='lat' dir='ltr'>serius</span> <span class='ocrx_word' id='word_1_162' title='bbox 1702 1415 1768 1440; x_wconf 85' lang='lat' dir='ltr'>vos</span> <span class='ocrx_word' id='word_1_163' title='bbox 1790 1401 1881 1453; x_wconf 88' lang='lat' dir='ltr'>qui-</span> 
     </span>
     <span class='ocr_line' id='line_1_19' title="bbox 511 1469 1883 1528; baseline -0.008 -13"><span class='ocrx_word' id='word_1_164' title='bbox 511 1478 599 1514; x_wconf 89' lang='lat' dir='ltr'>dem</span> <span class='ocrx_word' id='word_1_165' title='bbox 616 1490 734 1528; x_wconf 83' lang='lat' dir='ltr'>quam</span> <span class='ocrx_word' id='word_1_166' title='bbox 755 1475 899 1518; x_wconf 88' lang='lat' dir='ltr'>decuit,</span> <span class='ocrx_word' id='word_1_167' title='bbox 918 1472 980 1511; x_wconf 88' lang='lat' dir='ltr'>sed</span> <span class='ocrx_word' id='word_1_168' title='bbox 996 1471 1204 1523; x_wconf 85' lang='lat' dir='ltr'>aliquando</span> <span class='ocrx_word' id='word_1_169' title='bbox 1221 1479 1364 1514; x_wconf 84' lang='lat' dir='ltr'>tamen,</span> <span class='ocrx_word' id='word_1_170' title='bbox 1383 1469 1606 1507; x_wconf 83' lang='lat' dir='ltr'>consulatis.</span> <span class='ocrx_word' id='word_1_171' title='bbox 1639 1469 1724 1506; x_wconf 86' lang='lat' dir='ltr'>Nos</span> <span class='ocrx_word' id='word_1_172' title='bbox 1742 1481 1883 1519; x_wconf 89' lang='lat' dir='ltr'>quem-</span> 
     </span>
     <span class='ocr_line' id='line_1_20' title="bbox 510 1532 1888 1587; baseline -0.008 -8"><span class='ocrx_word' id='word_1_173' title='bbox 510 1541 722 1579; x_wconf 85' lang='lat' dir='ltr'>admodum</span> <span class='ocrx_word' id='word_1_174' title='bbox 744 1539 961 1581; x_wconf 55' lang='lat' dir='ltr'>instructos,</span> <span class='ocrx_word' id='word_1_175' title='bbox 978 1546 1017 1574; x_wconf 91' lang='lat' dir='ltr'>et</span> <span class='ocrx_word' id='word_1_176' title='bbox 1036 1536 1179 1587; x_wconf 88' lang='lat' dir='ltr'>quibus</span> <span class='ocrx_word' id='word_1_177' title='bbox 1196 1534 1378 1586; x_wconf 81' lang='lat' dir='ltr'>praefidiis</span> <span class='ocrx_word' id='word_1_178' title='bbox 1399 1534 1587 1577; x_wconf 88' lang='lat' dir='ltr'>munitos,</span> <span class='ocrx_word' id='word_1_179' title='bbox 1605 1532 1651 1569; x_wconf 85' lang='lat' dir='ltr'>ad</span> <span class='ocrx_word' id='word_1_180' title='bbox 1673 1533 1769 1569; x_wconf 87' lang='lat' dir='ltr'>tanti</span> <span class='ocrx_word' id='word_1_181' title='bbox 1791 1532 1888 1569; x_wconf 84' lang='lat' dir='ltr'>belli</span> 
     </span>
     <span class='ocr_line' id='line_1_21' title="bbox 509 1597 1886 1658; baseline -0.009 -14"><span class='ocrx_word' id='word_1_182' title='bbox 509 1607 738 1658; x_wconf 86' lang='lat' dir='ltr'>opinionem</span> <span class='ocrx_word' id='word_1_183' title='bbox 759 1603 954 1646; x_wconf 80' lang='lat' dir='ltr'>miseritis,</span> <span class='ocrx_word' id='word_1_184' title='bbox 977 1615 1055 1638; x_wconf 90' lang='lat' dir='ltr'>non</span> <span class='ocrx_word' id='word_1_185' title='bbox 1076 1600 1161 1638; x_wconf 82' lang='lat' dir='ltr'>estis</span> <span class='ocrx_word' id='word_1_186' title='bbox 1183 1599 1332 1651; x_wconf 85' lang='lat' dir='ltr'>ignari:</span> <span class='ocrx_word' id='word_1_187' title='bbox 1365 1598 1470 1650; x_wconf 90' lang='lat' dir='ltr'>quod</span> <span class='ocrx_word' id='word_1_188' title='bbox 1490 1611 1562 1649; x_wconf 90' lang='lat' dir='ltr'>ego</span> <span class='ocrx_word' id='word_1_189' title='bbox 1583 1597 1786 1648; x_wconf 87' lang='lat' dir='ltr'>negotium</span> <span class='ocrx_word' id='word_1_190' title='bbox 1807 1610 1886 1634; x_wconf 89' lang='lat' dir='ltr'>non</span> 
     </span>
     <span class='ocr_line' id='line_1_22' title="bbox 508 1661 1883 1710; baseline -0.008 -2"><span class='ocrx_word' id='word_1_191' title='bbox 508 1671 673 1709; x_wconf 75' lang='lat' dir='ltr'>stultitia</span> <span class='ocrx_word' id='word_1_192' title='bbox 706 1669 937 1710; x_wconf 65' lang='lat' dir='ltr'>obcaecatus,</span> <span class='ocrx_word' id='word_1_193' title='bbox 970 1666 1032 1703; x_wconf 84' lang='lat' dir='ltr'>sed</span> <span class='ocrx_word' id='word_1_194' title='bbox 1063 1664 1295 1702; x_wconf 85' lang='lat' dir='ltr'>verecundia</span> <span class='ocrx_word' id='word_1_195' title='bbox 1325 1663 1545 1707; x_wconf 81' lang='lat' dir='ltr'>deterritus,</span> <span class='ocrx_word' id='word_1_196' title='bbox 1577 1675 1654 1699; x_wconf 87' lang='lat' dir='ltr'>non</span> <span class='ocrx_word' id='word_1_197' title='bbox 1687 1661 1883 1705; x_wconf 78' lang='lat' dir='ltr'>recusavi3</span> 
     </span>
     <span class='ocr_line' id='line_1_23' title="bbox 510 1725 1886 1788; baseline -0.008 -15"><span class='ocrx_word' id='word_1_198' title='bbox 510 1749 637 1788; x_wconf 81' lang='lat' dir='ltr'>neque</span> <span class='ocrx_word' id='word_1_199' title='bbox 666 1734 771 1771; x_wconf 88' lang='lat' dir='ltr'>euim</span> <span class='ocrx_word' id='word_1_200' title='bbox 802 1744 976 1783; x_wconf 83' lang='lat' dir='ltr'>unquam</span> <span class='ocrx_word' id='word_1_201' title='bbox 1005 1730 1133 1768; x_wconf 87' lang='lat' dir='ltr'>ullum</span> <span class='ocrx_word' id='word_1_202' title='bbox 1163 1728 1385 1781; x_wconf 89' lang='lat' dir='ltr'>periculum</span> <span class='ocrx_word' id='word_1_203' title='bbox 1416 1737 1571 1765; x_wconf 79' lang='lat' dir='ltr'>tantum</span> <span class='ocrx_word' id='word_1_204' title='bbox 1600 1727 1747 1779; x_wconf 83' lang='lat' dir='ltr'>putavi,</span> <span class='ocrx_word' id='word_1_205' title='bbox 1780 1725 1886 1778; x_wconf 85' lang='lat' dir='ltr'>quod</span> 
     </span>
     <span class='ocr_line' id='line_1_24' title="bbox 511 1793 1883 1850; baseline -0.008 -11"><span class='ocrx_word' id='word_1_206' title='bbox 511 1799 776 1850; x_wconf 84' lang='lat' dir='ltr'>subterfugere</span> <span class='ocrx_word' id='word_1_207' title='bbox 816 1797 990 1841; x_wconf 84' lang='lat' dir='ltr'>mallem,</span> <span class='ocrx_word' id='word_1_208' title='bbox 1031 1809 1150 1847; x_wconf 88' lang='lat' dir='ltr'>quam</span> <span class='ocrx_word' id='word_1_209' title='bbox 1183 1794 1312 1832; x_wconf 86' lang='lat' dir='ltr'>vestrae</span> <span class='ocrx_word' id='word_1_210' title='bbox 1346 1793 1565 1831; x_wconf 66' lang='lat' dir='ltr'>auctoritati</span> <span class='ocrx_word' id='word_1_211' title='bbox 1603 1793 1883 1843; x_wconf 86' lang='lat' dir='ltr'>obtemperare.</span> 
     </span>
     <span class='ocr_line' id='line_1_25' title="bbox 512 1858 1885 1914; baseline -0.009 -9"><span class='ocrx_word' id='word_1_212' title='bbox 512 1868 604 1905; x_wconf 89' lang='lat' dir='ltr'>Hoc</span> <span class='ocrx_word' id='word_1_213' title='bbox 625 1876 754 1903; x_wconf 81' lang='lat' dir='ltr'>autem</span> <span class='ocrx_word' id='word_1_214' title='bbox 776 1874 949 1914; x_wconf 89' lang='lat' dir='ltr'>tempore</span> <span class='ocrx_word' id='word_1_215' title='bbox 978 1875 1035 1898; x_wconf 85' lang='lat' dir='ltr'>res</span> <span class='ocrx_word' id='word_1_216' title='bbox 1066 1860 1139 1898; x_wconf 87' lang='lat' dir='ltr'>sese</span> <span class='ocrx_word' id='word_1_217' title='bbox 1169 1860 1219 1898; x_wconf 86' lang='lat' dir='ltr'>fic</span> <span class='ocrx_word' id='word_1_218' title='bbox 1244 1859 1376 1904; x_wconf 85' lang='lat' dir='ltr'>habet,</span> <span class='ocrx_word' id='word_1_219' title='bbox 1407 1868 1450 1896; x_wconf 90' lang='lat' dir='ltr'>ut</span> <span class='ocrx_word' id='word_1_220' title='bbox 1472 1859 1540 1896; x_wconf 76' lang='lat' dir='ltr'>nisi</span> <span class='ocrx_word' id='word_1_221' title='bbox 1560 1858 1776 1895; x_wconf 81' lang='lat' dir='ltr'>exercitum</span> <span class='ocrx_word' id='word_1_222' title='bbox 1799 1867 1885 1894; x_wconf 88' lang='lat' dir='ltr'>tan-</span> 
     </span>
     <span class='ocr_line' id='line_1_26' title="bbox 511 1923 1884 1981; baseline -0.008 -12"><span class='ocrx_word' id='word_1_223' title='bbox 511 1943 613 1976; x_wconf 86' lang='lat' dir='ltr'>tum,</span> <span class='ocrx_word' id='word_1_224' title='bbox 636 1940 825 1981; x_wconf 89' lang='lat' dir='ltr'>quantum</span> <span class='ocrx_word' id='word_1_225' title='bbox 847 1928 892 1965; x_wconf 89' lang='lat' dir='ltr'>ad</span> <span class='ocrx_word' id='word_1_226' title='bbox 913 1927 1132 1965; x_wconf 85' lang='lat' dir='ltr'>maximum</span> <span class='ocrx_word' id='word_1_227' title='bbox 1153 1925 1303 1963; x_wconf 87' lang='lat' dir='ltr'>bellum</span> <span class='ocrx_word' id='word_1_228' title='bbox 1324 1925 1479 1961; x_wconf 89' lang='lat' dir='ltr'>mittere</span> <span class='ocrx_word' id='word_1_229' title='bbox 1500 1923 1643 1967; x_wconf 88' lang='lat' dir='ltr'>soletis,</span> <span class='ocrx_word' id='word_1_230' title='bbox 1674 1932 1822 1959; x_wconf 87' lang='lat' dir='ltr'>mature</span> <span class='ocrx_word' id='word_1_231' title='bbox 1843 1923 1884 1959; x_wconf 90' lang='lat' dir='ltr'>in</span> 
     </span>
     <span class='ocr_line' id='line_1_27' title="bbox 511 1986 1885 2048; baseline -0.009 -14"><span class='ocrx_word' id='word_1_232' title='bbox 511 1997 579 2035; x_wconf 81' lang='lat' dir='ltr'>has</span> <span class='ocrx_word' id='word_1_233' title='bbox 601 1994 817 2048; x_wconf 83' lang='lat' dir='ltr'>provincias</span> <span class='ocrx_word' id='word_1_234' title='bbox 839 1991 1035 2035; x_wconf 89' lang='lat' dir='ltr'>miseritis,</span> <span class='ocrx_word' id='word_1_235' title='bbox 1053 1990 1251 2028; x_wconf 86' lang='lat' dir='ltr'>summum</span> <span class='ocrx_word' id='word_1_236' title='bbox 1271 1988 1491 2041; x_wconf 87' lang='lat' dir='ltr'>periculum</span> <span class='ocrx_word' id='word_1_237' title='bbox 1514 1987 1572 2031; x_wconf 89' lang='lat' dir='ltr'>fit,</span> <span class='ocrx_word' id='word_1_238' title='bbox 1597 2001 1643 2024; x_wconf 87' lang='lat' dir='ltr'>ne</span> <span class='ocrx_word' id='word_1_239' title='bbox 1663 1986 1885 2024; x_wconf 76' lang='lat' dir='ltr'>amittendae</span> 
     </span>
     <span class='ocr_line' id='line_1_28' title="bbox 514 2051 1889 2108; baseline -0.009 -9"><span class='ocrx_word' id='word_1_240' title='bbox 514 2063 587 2100; x_wconf 75' lang='lat' dir='ltr'>sint</span> <span class='ocrx_word' id='word_1_241' title='bbox 617 2072 750 2097; x_wconf 83' lang='lat' dir='ltr'>omnes</span> <span class='ocrx_word' id='word_1_242' title='bbox 785 2056 844 2096; x_wconf 79' lang='lat' dir='ltr'>hae</span> <span class='ocrx_word' id='word_1_243' title='bbox 878 2055 1101 2108; x_wconf 87' lang='lat' dir='ltr'>provinciae,</span> <span class='ocrx_word' id='word_1_244' title='bbox 1133 2055 1277 2106; x_wconf 88' lang='lat' dir='ltr'>quibus</span> <span class='ocrx_word' id='word_1_245' title='bbox 1311 2053 1513 2104; x_wconf 65' lang='lat' dir='ltr'>vectigalia</span> <span class='ocrx_word' id='word_1_246' title='bbox 1544 2051 1682 2104; x_wconf 84' lang='lat' dir='ltr'>populi</span> <span class='ocrx_word' id='word_1_247' title='bbox 1717 2051 1889 2089; x_wconf 87' lang='lat' dir='ltr'>Romani</span> 
     </span>
     <span class='ocr_line' id='line_1_29' title="bbox 513 2116 1887 2172; baseline -0.009 -8"><span class='ocrx_word' id='word_1_248' title='bbox 513 2127 778 2165; x_wconf 86' lang='lat' dir='ltr'>continentur.</span> <span class='ocrx_word' id='word_1_249' title='bbox 825 2120 1093 2172; x_wconf 84' lang='lat' dir='ltr'>Qamobrem</span> <span class='ocrx_word' id='word_1_250' title='bbox 1127 2128 1256 2157; x_wconf 83' lang='lat' dir='ltr'>autem</span> <span class='ocrx_word' id='word_1_251' title='bbox 1289 2118 1330 2156; x_wconf 85' lang='lat' dir='ltr'>in</span> <span class='ocrx_word' id='word_1_252' title='bbox 1364 2117 1440 2155; x_wconf 93' lang='lat' dir='ltr'>hoc</span> <span class='ocrx_word' id='word_1_253' title='bbox 1474 2117 1703 2168; x_wconf 84' lang='lat' dir='ltr'>provinciali</span> <span class='ocrx_word' id='word_1_254' title='bbox 1738 2116 1887 2154; x_wconf 68' lang='lat' dir='ltr'>delectu</span> 
     </span>
     <span class='ocr_line' id='line_1_30' title="bbox 515 2181 1887 2244; baseline -0.008 -16"><span class='ocrx_word' id='word_1_255' title='bbox 515 2192 620 2244; x_wconf 85' lang='lat' dir='ltr'>spem</span> <span class='ocrx_word' id='word_1_256' title='bbox 640 2188 811 2227; x_wconf 79' lang='lat' dir='ltr'>habeatis</span> <span class='ocrx_word' id='word_1_257' title='bbox 832 2187 1018 2238; x_wconf 82' lang='lat' dir='ltr'>aliquam,</span> <span class='ocrx_word' id='word_1_258' title='bbox 1049 2184 1158 2223; x_wconf 83' lang='lat' dir='ltr'>causa</span> <span class='ocrx_word' id='word_1_259' title='bbox 1178 2183 1286 2221; x_wconf 89' lang='lat' dir='ltr'>nulla</span> <span class='ocrx_word' id='word_1_260' title='bbox 1306 2183 1358 2221; x_wconf 89' lang='lat' dir='ltr'>est</span> <span class='ocrx_word' id='word_1_261' title='bbox 1376 2198 1386 2221; x_wconf 77' lang='lat' dir='ltr'>z</span> <span class='ocrx_word' id='word_1_262' title='bbox 1417 2196 1543 2234; x_wconf 87' lang='lat' dir='ltr'>neque</span> <span class='ocrx_word' id='word_1_263' title='bbox 1567 2181 1685 2219; x_wconf 87' lang='lat' dir='ltr'>multi</span> <span class='ocrx_word' id='word_1_264' title='bbox 1716 2182 1816 2225; x_wconf 84' lang='lat' dir='ltr'>sunt,</span> <span class='ocrx_word' id='word_1_265' title='bbox 1848 2190 1887 2218; x_wconf 86' lang='lat' dir='ltr'>et</span> 
     </span>
     <span class='ocr_line' id='line_1_31' title="bbox 515 2246 1885 2306; baseline -0.009 -12"><span class='ocrx_word' id='word_1_266' title='bbox 515 2256 745 2306; x_wconf 82' lang='lat' dir='ltr'>diffugiunt,</span> <span class='ocrx_word' id='word_1_267' title='bbox 778 2253 846 2304; x_wconf 86' lang='lat' dir='ltr'>qui</span> <span class='ocrx_word' id='word_1_268' title='bbox 874 2252 974 2296; x_wconf 88' lang='lat' dir='ltr'>sunt,</span> <span class='ocrx_word' id='word_1_269' title='bbox 1008 2260 1115 2288; x_wconf 88' lang='lat' dir='ltr'>metu</span> <span class='ocrx_word' id='word_1_270' title='bbox 1135 2249 1294 2287; x_wconf 80' lang='lat' dir='ltr'>oblato:</span> <span class='ocrx_word' id='word_1_271' title='bbox 1327 2257 1379 2293; x_wconf 91' lang='lat' dir='ltr'>et,</span> <span class='ocrx_word' id='word_1_272' title='bbox 1409 2247 1515 2299; x_wconf 90' lang='lat' dir='ltr'>quod</span> <span class='ocrx_word' id='word_1_273' title='bbox 1535 2260 1656 2299; x_wconf 81' lang='lat' dir='ltr'>genus</span> <span class='ocrx_word' id='word_1_274' title='bbox 1678 2246 1753 2284; x_wconf 90' lang='lat' dir='ltr'>hoc</span> <span class='ocrx_word' id='word_1_275' title='bbox 1775 2246 1885 2283; x_wconf 87' lang='lat' dir='ltr'>mili-</span> 
     </span>
     <span class='ocr_line' id='line_1_32' title="bbox 515 2312 1887 2370; baseline -0.009 -11"><span class='ocrx_word' id='word_1_276' title='bbox 515 2333 601 2360; x_wconf 86' lang='lat' dir='ltr'>tum</span> <span class='ocrx_word' id='word_1_277' title='bbox 623 2321 681 2364; x_wconf 84' lang='lat' dir='ltr'>fit,</span> <span class='ocrx_word' id='word_1_278' title='bbox 695 2318 885 2370; x_wconf 73' lang='lat' dir='ltr'>judicavit</span> <span class='ocrx_word' id='word_1_279' title='bbox 906 2318 963 2354; x_wconf 90' lang='lat' dir='ltr'>vir</span> <span class='ocrx_word' id='word_1_280' title='bbox 983 2315 1210 2353; x_wconf 86' lang='lat' dir='ltr'>fortiffimus</span> <span class='ocrx_word' id='word_1_281' title='bbox 1232 2314 1295 2352; x_wconf 86' lang='lat' dir='ltr'>M.</span> <span class='ocrx_word' id='word_1_282' title='bbox 1312 2313 1477 2351; x_wconf 84' lang='lat' dir='ltr'>Bibulus</span> <span class='ocrx_word' id='word_1_283' title='bbox 1498 2313 1537 2349; x_wconf 84' lang='lat' dir='ltr'>in</span> <span class='ocrx_word' id='word_1_284' title='bbox 1562 2312 1669 2356; x_wconf 68' lang='lat' dir='ltr'>A1&#39;1a3</span> <span class='ocrx_word' id='word_1_285' title='bbox 1693 2312 1775 2363; x_wconf 85' lang='lat' dir='ltr'>qui,</span> <span class='ocrx_word' id='word_1_286' title='bbox 1794 2324 1887 2348; x_wconf 92' lang='lat' dir='ltr'>cum</span> 
     </span>
     <span class='ocr_line' id='line_1_33' title="bbox 516 2378 1888 2436; baseline -0.009 -11"><span class='ocrx_word' id='word_1_287' title='bbox 516 2402 582 2426; x_wconf 73' lang='lat' dir='ltr'>vos</span> <span class='ocrx_word' id='word_1_288' title='bbox 604 2387 637 2424; x_wconf 89' lang='lat' dir='ltr'>ei</span> <span class='ocrx_word' id='word_1_289' title='bbox 669 2382 903 2436; x_wconf 76' lang='lat' dir='ltr'>permisistis,</span> <span class='ocrx_word' id='word_1_290' title='bbox 935 2381 1128 2418; x_wconf 64' lang='lat' dir='ltr'>delectum</span> <span class='ocrx_word' id='word_1_291' title='bbox 1157 2379 1297 2417; x_wconf 88' lang='lat' dir='ltr'>habere</span> <span class='ocrx_word' id='word_1_292' title='bbox 1326 2378 1511 2416; x_wconf 86' lang='lat' dir='ltr'>noluerit.</span> <span class='ocrx_word' id='word_1_293' title='bbox 1557 2378 1663 2415; x_wconf 81' lang='lat' dir='ltr'>Nam</span> <span class='ocrx_word' id='word_1_294' title='bbox 1694 2378 1888 2414; x_wconf 86' lang='lat' dir='ltr'>sociorum</span> 
     </span>
     <span class='ocr_line' id='line_1_34' title="bbox 515 2442 1887 2501; baseline -0.009 -11"><span class='ocrx_word' id='word_1_295' title='bbox 515 2452 659 2491; x_wconf 78' lang='lat' dir='ltr'>auxilia</span> <span class='ocrx_word' id='word_1_296' title='bbox 679 2458 835 2501; x_wconf 83' lang='lat' dir='ltr'>propter</span> <span class='ocrx_word' id='word_1_297' title='bbox 862 2447 1111 2485; x_wconf 82' lang='lat' dir='ltr'>acerbitatem</span> <span class='ocrx_word' id='word_1_298' title='bbox 1140 2455 1256 2496; x_wconf 88' lang='lat' dir='ltr'>atque</span> <span class='ocrx_word' id='word_1_299' title='bbox 1285 2444 1444 2496; x_wconf 86' lang='lat' dir='ltr'>injurias</span> <span class='ocrx_word' id='word_1_300' title='bbox 1475 2443 1628 2495; x_wconf 89' lang='lat' dir='ltr'>imperii</span> <span class='ocrx_word' id='word_1_301' title='bbox 1660 2442 1790 2486; x_wconf 82' lang='lat' dir='ltr'>nostri,</span> <span class='ocrx_word' id='word_1_302' title='bbox 1821 2450 1887 2478; x_wconf 87' lang='lat' dir='ltr'>aut</span> 
     </span>
     <span class='ocr_line' id='line_1_35' title="bbox 516 2506 1888 2561; baseline -0.009 -6"><span class='ocrx_word' id='word_1_303' title='bbox 516 2520 570 2557; x_wconf 86' lang='lat' dir='ltr'>ita</span> <span class='ocrx_word' id='word_1_304' title='bbox 589 2514 787 2554; x_wconf 78' lang='lat' dir='ltr'>imbecilla</span> <span class='ocrx_word' id='word_1_305' title='bbox 807 2513 909 2558; x_wconf 78' lang='lat' dir='ltr'>sunt,</span> <span class='ocrx_word' id='word_1_306' title='bbox 942 2522 983 2550; x_wconf 86' lang='lat' dir='ltr'>ut</span> <span class='ocrx_word' id='word_1_307' title='bbox 1013 2524 1092 2549; x_wconf 89' lang='lat' dir='ltr'>non</span> <span class='ocrx_word' id='word_1_308' title='bbox 1122 2510 1296 2548; x_wconf 86' lang='lat' dir='ltr'>multum</span> <span class='ocrx_word' id='word_1_309' title='bbox 1326 2509 1543 2561; x_wconf 80' lang='lat' dir='ltr'>nosjuvare</span> <span class='ocrx_word' id='word_1_310' title='bbox 1564 2507 1719 2560; x_wconf 79' lang='lat' dir='ltr'>possint,</span> <span class='ocrx_word' id='word_1_311' title='bbox 1750 2515 1814 2544; x_wconf 81' lang='lat' dir='ltr'>aut</span> <span class='ocrx_word' id='word_1_312' title='bbox 1835 2506 1888 2543; x_wconf 81' lang='lat' dir='ltr'>ita</span> 
     </span>
    </p>
   </div>
  </div>
 </body>
</html>
