2351 2997
635 244 726 282 AD
786 243 1252 283 FAMILIARES
1313 247 1443 286 LIB.
1496 249 1546 287 X.
1710 254 1787 305 267

390 340 706 393 praetorianarum
724 340 922 394 nostrarum
942 352 977 381 et
1003 343 1144 396 legionis
1173 345 1330 384 Mczrtiae
1344 346 1439 397 steri
1457 347 1593 398 potuit.
1638 349 1784 401 Aquilae

398 404 491 450 duae,
506 406 619 458 signa
622 407 819 460 stxaginta
823 410 919 461 sunt
936 409 1054 448 relata
1073 409 1240 448 Antonii.
1271 411 1343 450 Res
1361 411 1443 450 bene
1455 411 1551 464 gesta
1571 412 1627 464 (ss.
1669 415 1720 452 A.
1743 414 1777 452 d„

397 485 452 507 XII
466 472 555 510 Kal.
577 472 690 518 Maii,
720 488 762 512 ex
779 474 915 528 castris.

507 668 861 707 C.As1N1us
903 668 1142 706 POLL10
1185 670 1506 710 CICERONI
1551 674 1587 711 S.
1622 675 1673 712 D.

395 795 552 833 XXXI.
573 795 720 869 Ml
727 796 804 834 NI
808 796 858 834 Μ
868 796 903 833 E
930 795 1060 834 mirum
1083 794 1154 834 tibi
1167 796 1265 835 debet
1283 797 1413 842 videri,
1444 799 1538 837 nibil
1551 814 1602 838 me
1635 801 1777 855 crpspffe

694 860 735 898 de
749 860 941 913 republica,
952 860 1174 914 posteaquam
1189 862 1279 900 itum
1295 862 1340 914 cst
1353 862 1406 901 ad
1415 878 1532 903 arma.
1556 867 1656 904 Nam
1656 868 1778 919 saltus

394 925 657 978 Ccssulonensis,
679 926 744 979 qui
743 927 886 979 semper
905 927 1020 964 tenuit
1039 926 1168 977 nostros
1187 927 1401 974 tabellarios,
1417 930 1482 980 etst
1496 921 1776 984 nuncfiequen-

384 991 543 1033 ,tioribus
569 992 765 1030 latrociniis
794 991 949 1043 ffifistior
963 992 1097 1043 fabius
1125 993 1183 1044 est,
1215 1002 1331 1032 tamen
1362 1009 1580 1048 nequaquam
1605 1006 1713 1036 tanta
1740 999 1777 1036 in

392 1070 492 1094 mora
511 1057 568 1109 ‘st’
588 1067 725 1110 quanta
739 1058 803 1111 qui
817 1057 897 1096 locis
916 1057 1071 1096 omnibus
1085 1058 1236 1111 dsswstti
1250 1059 1296 1097 ab
1316 1058 1469 1113 utraque
1480 1064 1775 1115 sartefirutan-

392 1130 458 1159 tur
476 1122 681 1160 tabellarios
706 1131 742 1161 et
771 1123 941 1161 retinent.
987 1124 1130 1176 Itaque,
1162 1124 1224 1162 nit
1243 1139 1337 1163 nave
1348 1127 1504 1178 perlatae
1523 1128 1640 1166 literae
1660 1128 1775 1181 essent,

391 1187 525 1225 omnino
543 1188 719 1240 ncstirenz,
741 1187 828 1241 quid
841 1188 1044 1240 ssicfieret.
1075 1190 1188 1228 Nunc
1206 1205 1292 1228 vero
1310 1193 1437 1230 mattas
1455 1206 1535 1230 occa
1547 1194 1668 1238 ionem,
1679 1195 1776 1246 post-

389 1266 536 1304 eaquam
554 1253 732 1305 navigari
746 1261 896 1305 caeptum
915 1253 972 1305 cst,
993 1253 1212 1306 cupidffme,
1233 1266 1269 1293 et
1287 1270 1392 1310 quam
1414 1257 1624 1296 creberrime
1634 1268 1774 1311 potero,

372 1317 537 1369 stribam
566 1318 618 1356 ad
638 1328 686 1357 te.
732 1320 793 1357 Ne
821 1333 967 1357 movear
993 1319 1064 1370 ejus
1068 1321 1305 1371 sermonibus,
1337 1337 1436 1376 quem
1453 1325 1595 1375 tamezfi
1609 1339 1703 1364 nemo
1731 1328 1775 1379 cst

388 1383 453 1434 qui
477 1382 599 1422 videre
627 1384 730 1429 velit,
761 1393 879 1422 tamen
907 1399 1127 1438 nequaquam
1148 1387 1299 1438 proinde
1327 1403 1371 1427 ac
1390 1388 1518 1441 dignus
1537 1389 1595 1443 est,
1625 1390 1775 1432 oderunt

385 1448 549 1494 homines,
572 1449 772 1502 periculum
791 1463 859 1488 non
878 1449 923 1503 est
936 1466 949 1489 :
978 1450 1061 1490 adeo
1080 1450 1125 1503 est
1145 1452 1235 1490 enim
1253 1453 1390 1505 invisus
1407 1454 1508 1499 mihi,
1539 1464 1582 1493 ut
1600 1456 1694 1495 nihil
1705 1472 1775 1498 non

384 1513 549 1552 acerbum
575 1522 715 1566 putem,
746 1515 840 1568 quod
867 1530 1043 1555 commune
1072 1530 1151 1555 cum
1180 1518 1236 1556 illo
1245 1518 1318 1570 sit.
1363 1520 1519 1558 Natura
1551 1530 1670 1560 autem
1698 1537 1776 1562 mea

385 1587 422 1617 et
426 1579 550 1631 studia
569 1580 727 1619 trabunt
746 1595 798 1635 me
815 1581 867 1620 ad
872 1581 976 1634 pacis
993 1591 1029 1620 et
1047 1582 1226 1622 libertatis
1244 1584 1490 1637 cupiditatem.
1533 1588 1664 1641 Itaque
1688 1589 1779 1628 illud

384 1644 526 1684 initium
545 1645 660 1684 civilis
679 1645 761 1684 belli
763 1646 866 1699 scepe
883 1646 1020 1700 deflevi.
1066 1649 1158 1687 Cum
1185 1663 1272 1688 vero
1299 1664 1367 1688 non
1396 1651 1517 1691 liceret
1539 1653 1630 1691 mihi
1643 1655 1774 1694 nullius

377 1710 504 1762 partis
521 1710 592 1764 effe,
615 1712 699 1764 quia
719 1712 904 1766 utrobique
921 1727 1065 1766 magnos
1083 1714 1237 1753 inimicos
1254 1715 1424 1756 habebam
1439 1735 1452 1762 5
1483 1732 1524 1756 ea
1543 1719 1779 1774 cqstrafugi,

383 1776 422 1814 in
455 1776 578 1829 quibus
605 1778 714 1830 plane
747 1786 867 1816 tutum
899 1793 952 1817 me
983 1779 1030 1818 ab
1062 1779 1192 1831 tffdn's
1224 1781 1360 1820 initm'ci
1371 1782 1531 1833 silebam
1565 1798 1634 1823 non
1647 1786 1770 1838 sutu-

382 1855 478 1880 rum.
526 1843 727 1896 Compuffies
759 1858 807 1888 eo,
839 1858 904 1897 quo
937 1845 1076 1884 minime
1107 1846 1291 1892 voleba7n5
1322 1861 1366 1885 ne
1395 1848 1433 1886 in
1463 1850 1628 1889 extremis
1660 1852 1768 1904 estem,

374 1907 484 1958 plane
495 1908 661 1959 pericula
679 1923 747 1947 non
767 1909 976 1948 dubitanter
994 1910 1079 1949 adii.
1112 1912 1288 1964 Castzrem
1307 1927 1407 1958 vero,
1428 1914 1522 1966 quod
1534 1929 1587 1953 me
1604 1917 1641 1954 in
1661 1927 1771 1957 tanta

367 1971 543 2022 fortuna,
574 1972 668 2011 modo
701 1974 893 2025 cognitum,
926 1974 1228 2027 vetzfiff'morum
1245 1977 1492 2029 finniltarzum
1526 1980 1595 2019 loco
1626 1982 1767 2028 habuit,

379 2035 488 2074 dilexi
497 2038 640 2088 summa
668 2052 745 2077 cum
762 2039 902 2091 pietate
931 2051 967 2078 et
974 2040 1064 2092 fide.
1111 2043 1202 2092 Qcae
1230 2057 1307 2081 mea
1319 2044 1508 2093 sententia
1529 2061 1655 2098 gerere
1683 2049 1774 2087 mibi

379 2101 494 2145 licuit,
516 2102 570 2140 ita
575 2103 670 2152 jeci,
689 2113 731 2142 ut
750 2105 899 2156 optimus
918 2106 1057 2159 qufflque
1077 2107 1226 2145 maxime
1237 2109 1408 2161 probarit
1423 2126 1437 2149 .·
1468 2112 1769 2167 quodjuffitssttm

379 2181 415 2204 eo
435 2176 600 2218 tempore,
630 2168 670 2206 id
686 2169 740 2207 ita
744 2170 838 2221 jeci,
868 2180 911 2209 ut
935 2180 1128 2224 appareret
1155 2174 1272 2213 invito
1295 2175 1508 2227 insperatum
1537 2178 1610 2231 effe.
1657 2180 1768 2231 Cujus

364 2232 474 2284 Jabti
489 2232 699 2286 injzstffma
727 2235 866 2274 invidia
893 2237 1033 2276 erudire
1061 2253 1113 2276 me
1130 2241 1267 2290 potuit,
1299 2255 1404 2294 quam
1419 2242 1583 2294 jucunda
1603 2245 1764 2290 libertas,

379 2307 414 2335 et
446 2312 550 2350 quam
581 2300 705 2351 mistra
720 2301 794 2353 stcb
824 2300 1054 2342 dominatione
1083 2304 1165 2342 vita
1191 2305 1281 2357 cffit.
1327 2309 1403 2352 Ita,
1418 2309 1463 2357 st
1489 2308 1529 2346 id
1554 2311 1692 2362 agitur,
1724 2320 1766 2349 ut

379 2377 445 2400 rur
463 2378 503 2400 us
521 2363 557 2401 in
571 2365 742 2417 potestate
760 2367 875 2406 omnia
893 2369 997 2407 unius
1000 2370 1097 2420 sint,
1129 2371 1325 2425 quicunque
1343 2373 1373 2410 is
1394 2373 1451 2426 cst,
1482 2374 1514 2412 ei
1531 2389 1582 2412 me
1592 2377 1764 2427 profiteor

381 2428 558 2466 inimicum
573 2444 586 2467 :
616 2443 678 2468 nec
689 2431 888 2483 periculum
907 2434 951 2487 est
969 2435 1092 2479 ullum,
1114 2436 1208 2489 quod
1214 2445 1285 2489 pro
1303 2437 1471 2476 libertate
1489 2449 1555 2477 aut
1573 2440 1762 2491 my‘ngzlzm,

381 2503 449 2531 aut
482 2492 657 2546 deprecer.
707 2496 778 2535 Sed
807 2499 956 2550 consules
988 2514 1096 2553 neque
1114 2503 1456 2554 senatus-conjicito,
1497 2518 1603 2557 neque
1636 2505 1763 2549 literis,

1338 2569 1370 2605 L
1403 2568 1415 2604 1
1448 2582 1468 2606 2
