2351 2997
508 299 531 325 2
856 286 1540 325 EPISTOLARUM

510 386 560 423 sic
581 385 661 438 egit
681 386 832 424 causam
857 396 979 432 tuam,
1013 396 1054 424 ut
1084 400 1210 438 neque
1239 387 1463 438 eloquentia
1491 389 1635 439 majore
1665 387 1886 441 quisquam,

508 465 636 503 neque
655 452 855 503 gravitate,
888 465 958 489 nec
986 451 1127 496 studio,
1159 465 1229 490 nec
1260 453 1527 497 contentione,
1559 467 1669 504 agere
1699 455 1886 506 potuerit,

508 530 602 554 cum
629 517 779 554 summa
807 517 1074 555 testificatione
1102 526 1261 555 tuorum
1286 517 1328 555 in
1356 517 1391 555 se
1418 518 1656 564 officiorum,
1687 528 1725 557 et
1745 520 1887 558 amoris

509 596 599 634 erga
626 591 665 619 te
695 582 765 620 sui.
812 583 1096 620 Marcellinum
1127 583 1201 620 tibi
1231 583 1302 620 ess'e
1332 583 1475 621 iratum
1505 583 1592 622 scis.
1640 585 1692 629 Is,
1723 584 1795 623 hac
1826 599 1887 622 re-

508 647 573 699 gia
592 647 703 685 causa
722 657 896 701 excepta,
928 649 1075 686 caeteris
1105 649 1147 686 in
1177 649 1291 687 rebus
1319 649 1355 686 se
1375 650 1608 688 acerrimum
1629 651 1688 688 tui
1708 650 1887 688 defenso—

508 725 591 749 rem
620 711 704 750 fore
734 712 915 751 ostendit.
960 713 1080 764 Qod
1109 713 1187 757 dat,
1218 714 1461 765 accipimus:
1494 715 1601 767 quod
1629 715 1800 753 instituit
1827 729 1886 753 re-

507 776 608 815 ferre
629 778 675 815 de
704 779 907 830 religione,
939 788 977 816 et
1007 779 1101 830 saepe
1126 780 1210 830 jam
1240 779 1389 825 retulit,
1421 781 1467 817 ab
1488 794 1533 818 eo
1553 780 1694 818 deduci
1714 795 1793 819 non
1814 795 1886 834 po-

508 842 594 880 test.
638 843 716 880 Res
743 852 830 881 ante
851 843 936 881 idus
959 845 1038 881 aaa
1058 844 1107 881 fic
1128 844 1209 888 est3
1241 857 1332 882 nam
1352 843 1434 882 haec
1455 845 1586 883 idibus
1607 859 1720 884 mane
1741 846 1886 898 scripsi.

509 907 727 953 Hortenfii,
761 917 800 946 et
835 922 933 953 mea,
969 918 1008 946 et
1042 909 1220 953 Luculli,
1262 909 1449 948 sententia
1486 911 1592 948 cedit
1625 911 1808 963 religioni
1842 912 1888 949 de

507 973 710 1018 exercitu3
743 974 865 1011 teneri
901 973 1008 1011 enim
1038 987 1095 1012 res
1126 974 1237 1012 aliter
1266 988 1345 1012 non
1375 976 1526 1027 potest:
1559 976 1623 1014 sed
1651 990 1698 1014 ex
1727 976 1799 1014 illo
1829 977 1887 1014 se-

508 1038 841 1084 natus-consulto,
873 1039 994 1091 quod,
1027 1049 1064 1077 te
1085 1038 1288 1084 referente,
1320 1040 1468 1079 factum
1497 1041 1563 1085 est,
1596 1042 1671 1078 tibi
1697 1042 1886 1087 decernit,

508 1112 553 1141 ut
573 1117 704 1156 regem
724 1103 882 1141 reducas
899 1123 910 1148 ς
944 1104 1050 1156 quod
1071 1104 1282 1142 commodo
1302 1119 1384 1142 rem
1404 1105 1528 1144 facere
1549 1106 1689 1158 pofli83
1713 1116 1757 1145 ut
1776 1120 1887 1145 exer-

507 1169 634 1206 citum
672 1168 810 1220 religio
851 1169 977 1214 tollat,
1014 1178 1051 1206 te
1090 1171 1287 1207 auctorem
1321 1170 1470 1209 senatus
1511 1171 1687 1209 retineat.
1735 1172 1889 1210 Crassus

507 1242 584 1270 tres
619 1233 765 1285 legatos
796 1234 983 1278 decernit,
1016 1247 1086 1272 nec
1115 1234 1291 1273 excludit
1321 1235 1583 1288 Pompeium;
1620 1236 1749 1275 censet
1781 1237 1889 1275 enim

507 1299 626 1336 etiam
646 1300 776 1343 exiis,
808 1300 876 1351 qui
898 1314 989 1337 cum
1010 1300 1176 1351 imperio
1204 1300 1306 1338 sunt.
1353 1302 1416 1339 M.
1441 1302 1606 1339 Bibulus
1636 1311 1710 1340 tres
1741 1303 1887 1354 legatos

508 1378 555 1402 ex
576 1364 638 1409 iis,
671 1365 740 1416 qui
760 1365 899 1416 privati
928 1365 1030 1403 sunt.
1077 1366 1187 1403 Huic
1217 1365 1472 1404 assentiuntur
1491 1367 1633 1418 reliqui
1653 1368 1886 1413 consulares,

506 1439 644 1482 praeter
671 1430 893 1475 Servilium,
924 1431 992 1482 qui
1013 1431 1176 1468 omnino
1198 1431 1330 1468 reduci
1351 1441 1465 1484 negat
1492 1441 1693 1484 oportere3
1727 1442 1764 1471 et
1786 1434 1885 1471 Vol-

507 1495 670 1539 catium,
710 1495 794 1546 qui,
836 1496 951 1547 Lupo
985 1494 1188 1540 referente,
1230 1496 1419 1548 Pompeio
1453 1497 1654 1542 decernit3
1696 1507 1734 1536 et
1767 1498 1886 1536 Afra-

507 1561 635 1606 nium,
675 1561 744 1612 qui
778 1560 977 1598 assentitur
1010 1561 1220 1598 Volcatio:
1262 1575 1347 1613 quae
1387 1575 1444 1599 res
1479 1572 1593 1614 auget
1627 1563 1887 1616 suspicionem

508 1627 688 1680 Pompeii
722 1626 963 1671 voluntatis;
1006 1640 1095 1664 nam
1130 1626 1428 1665 advertebantur
1463 1629 1643 1681 Pompeii
1677 1629 1887 1668 familiares

506 1693 681 1731 assentire
710 1692 907 1730 Volcatio.
954 1692 1171 1730 Laboratur
1199 1692 1463 1732 vehementer.
1509 1694 1701 1732 Inclinata
1731 1708 1788 1732 res
1818 1696 1885 1735 est.

508 1759 673 1797 Libonis
695 1766 733 1795 et
754 1757 915 1809 Hypsaei
936 1771 1014 1795 non
1035 1758 1196 1796 obscura
1216 1759 1459 1798 concursatio
1485 1768 1523 1797 et
1548 1761 1766 1806 contentio,
1797 1775 1886 1800 om-

507 1825 697 1874 niumque
733 1822 912 1875 Pompeii
951 1822 1207 1861 familiarium
1241 1823 1427 1869 studium,
1464 1825 1505 1862 in
1539 1839 1624 1863 eam
1656 1827 1886 1878 opinionem

507 1903 588 1927 rem
609 1888 869 1932 adduxerunt,
906 1896 949 1925 ut
979 1888 1190 1940 Pompeius
1218 1902 1359 1941 cupere
1386 1889 1587 1928 videatur:
1619 1891 1684 1928 cui
1714 1892 1783 1943 qui
1812 1906 1886 1930 no-

508 1955 612 2004 lunt,
642 1953 763 1991 iidem
785 1953 873 1997 tibi,
905 1953 1012 2005 quod
1031 1967 1122 1991 eum
1142 1954 1298 1999 ornasti,
1330 1968 1409 1992 non
1431 1955 1520 1993 sunt
1550 1956 1682 1994 amici.
1729 1957 1815 1995 Nos
1845 1958 1887 1995 in

507 2019 616 2057 causa
636 2019 904 2056 auetoritatem
925 2032 970 2056 eo
990 2019 1185 2057 minorem
1205 2019 1409 2065 habemus,
1441 2021 1548 2072 quod
1578 2021 1652 2059 tibi
1681 2021 1883 2062 debemus.

508 2085 687 2123 Gratiam
721 2093 851 2121 autern
886 2084 1053 2122 nostram
1086 2086 1284 2137 extinguit
1317 2085 1530 2124 hominum
1563 2087 1744 2140 suspicio,
1780 2090 1886 2141 quod

508 2150 698 2203 Pompeio
718 2149 754 2187 se
772 2149 980 2202 gratificari
1002 2159 1155 2202 putant.
1202 2153 1259 2189 Ut
1288 2152 1328 2189 in
1350 2153 1479 2197 rebus,
1510 2153 1639 2191 multo
1658 2163 1746 2191 ante
1767 2168 1886 2206 quam

507 2215 703 2267 profectus
724 2228 778 2259 es,
810 2215 856 2252 ab
877 2215 960 2267 ipso
981 2229 1082 2268 rege,
1113 2226 1152 2254 et
1178 2217 1225 2254 ab
1251 2217 1420 2262 intimis,
1450 2231 1493 2255 ac
1520 2218 1741 2257 domesticis
1762 2219 1885 2258 Pom-

507 2281 600 2333 peii,
632 2281 732 2318 clam
763 2281 1007 2326 exulceratis,
1040 2282 1179 2319 deinde
1208 2282 1337 2334 palam
1365 2297 1386 2320 a
1414 2284 1681 2322 consularibus
1710 2285 1885 2337 exagita-

507 2347 572 2391 tis,
603 2355 641 2384 et
663 2346 702 2383 in
723 2345 914 2383 summam
936 2346 1125 2385 invidiam
1144 2347 1334 2393 addmstis,
1367 2348 1420 2386 ita
1447 2349 1654 2388 versamur.
1701 2350 1886 2389 Nostram

507 2412 625 2449 fidem
646 2425 798 2456 omnes,
828 2425 1000 2450 amorem
1028 2413 1086 2450 tui
1113 2413 1279 2451 absentis
1306 2414 1506 2466 praesentes
1527 2415 1601 2460 tui,
1632 2416 1882 2467 cognoscent.

508 2478 544 2514 Si
566 2477 655 2515 esset
676 2478 714 2514 in
737 2477 783 2514 iis
807 2477 915 2524 fides,
949 2478 987 2515 in
1010 2479 1153 2531 quibus
1183 2480 1333 2519 summa
1359 2480 1431 2519 effe
1457 2480 1637 2527 debebat,
1666 2495 1745 2520 non
1772 2481 1882 2520 labo-

507 2556 689 2584 raremus.
725 2543 834 2581 Vale.
