2351 2997
566 327 642 354 220
910 315 1594 354 EPISTOLARUM

565 412 895 451 animadvertendi
915 413 1095 449 omnium
1116 412 1292 449 conceffu
1315 412 1433 450 daret.
1464 412 1651 450 Liberasti
1673 411 1794 464 igitur
1814 419 1851 449 et
1873 425 1938 449 ur—

568 478 655 515 bem
691 477 881 529 periculo,
913 486 951 514 et
982 477 1181 513 civitatem
1217 485 1352 520 metu;
1386 490 1511 528 neque
1545 477 1670 514 solum
1704 477 1750 513 ad
1785 485 1939 527 tempus

566 544 779 580 maximam
809 541 1022 578 utilitatem
1051 540 1227 585 attulisti,
1259 541 1322 578 sed
1352 541 1469 578 etiam
1496 541 1543 578 ad
1574 542 1800 593 exemplum
1832 541 1937 579 facti„

567 608 790 659 Intelligere
811 606 927 644 debes
948 607 988 643 in
1011 615 1047 644 te
1066 607 1228 658 positam
1255 606 1326 643 effe
1358 606 1656 658 rempublicam,
1689 606 1840 657 tibique
1862 619 1939 643 non

564 672 683 710 modo
705 672 883 716 tuendos,
915 671 978 709 sed
1005 672 1122 709 etiam
1149 672 1356 716 ornandos,
1387 672 1459 709 effe
1485 671 1574 709 illos
1604 672 1721 715 viros,
1751 685 1771 708 a
1795 671 1938 723 quibus

566 738 726 776 initium
747 737 938 775 libertatis
960 736 1179 788 profectum
1200 737 1266 775 est.
1305 736 1376 774 Sed
1397 736 1458 774 his
1481 737 1526 774 de
1548 737 1659 774 rebus
1681 750 1811 774 coram
1830 736 1942 787 plura

565 804 805 856 propediem,
837 811 880 840 ut
902 802 1023 853 spero.
1056 804 1137 847 Tu,
1164 803 1351 854 quoniam
1374 802 1657 854 rempublicam
1680 801 1823 853 nosque
1844 814 1940 838 con-2

567 863 700 909 servas,
732 863 793 901 fac
815 872 857 900 ut
878 862 1168 914 diligentiffime
1190 872 1226 900 te
1247 862 1389 915 ipsum,
1413 863 1468 899 mi
1489 862 1709 907 Dolabella,
1732 861 1939 899 custodia&

942 1066 1219 1103 CICERO
1269 1065 1457 1102 PAETo
1508 1065 1545 1102 S.

566 1191 659 1230 XV.
682 1191 975 1262 DUABUS
997 1193 1075 1230 tuis
1091 1191 1262 1245 epistolis
1284 1190 1542 1244 respondebo:
1566 1191 1649 1237 uni,
1672 1204 1790 1243 quam
1811 1191 1942 1229 triduo

780 1266 868 1294 ante
888 1271 1111 1309 acceperam
1129 1271 1151 1295 a
1171 1255 1326 1306 Zetho,
1356 1256 1481 1300 alteri,
1503 1268 1622 1308 quam
1642 1257 1823 1294 attulerat
1843 1255 1941 1294 Phi-

567 1323 665 1360 leros
688 1323 925 1361 tabellarius.
958 1324 1020 1360 Ex
1041 1323 1238 1375 prioribus
1260 1322 1336 1359 tuis
1358 1321 1480 1358 literis
1502 1321 1696 1366 intellexi,
1727 1330 1943 1373 pergratam

566 1389 639 1425 tibi
666 1389 737 1426 effe
764 1402 896 1426 curam
925 1401 1051 1426 meam
1078 1387 1310 1425 valetudinis
1339 1396 1437 1430 tuae;
1470 1400 1588 1438 quam
1611 1387 1682 1424 tibi
1705 1387 1941 1438 perspectam

565 1449 636 1486 effe
657 1450 819 1501 gaudeo,
866 1449 953 1494 Sed,
985 1448 1085 1485 mihi
1119 1448 1244 1492 crede,
1277 1461 1354 1484 non
1383 1446 1557 1498 perinde,
1589 1456 1632 1484 ut
1651 1446 1703 1484 est
1725 1447 1864 1499 reapse,
1895 1459 1942 1484 ex

567 1515 688 1552 literis
710 1515 923 1566 perspicere
943 1514 1118 1566 potuisti.
1165 1515 1271 1552 Nam
1297 1526 1388 1550 cum
1409 1526 1429 1549 a
1449 1512 1536 1550 satis
1558 1512 1695 1549 multis
1719 1513 1815 1564 (non
1837 1513 1941 1550 enim

567 1579 717 1631 poffum
739 1580 849 1616 aliter
868 1579 1013 1628 dicere)
1045 1588 1083 1616 et
1113 1578 1191 1616 coli
1220 1591 1283 1615 me
1309 1576 1475 1621 videam,
1507 1586 1545 1614 et
1576 1577 1716 1628 diligi,
1750 1590 1866 1614 nemo
1891 1576 1945 1614 est

566 1645 726 1682 illorum
747 1645 929 1682 omnium
945 1643 1044 1681 mihi
1067 1654 1102 1681 te
1118 1643 1346 1695 jucundior.
1379 1643 1485 1680 Nam
1502 1642 1607 1693 quod
1624 1656 1685 1679 me
1701 1655 1819 1686 amaS,
1838 1642 1945 1693 quod

566 1710 605 1747 id
625 1719 663 1747 et
677 1710 914 1762 jampridem
942 1720 979 1746 et
1007 1709 1225 1746 constanter
1256 1707 1368 1752 facis,
1399 1707 1452 1744 est
1481 1707 1520 1744 id
1550 1707 1711 1759 quidem
1738 1721 1941 1759 magnum,

565 1785 680 1827 atque
701 1775 804 1812 haud
826 1775 903 1812 scio
924 1788 969 1812 an
992 1775 1234 1818 maximunu
1259 1774 1320 1811 sed
1344 1773 1417 1810 tibi
1438 1787 1649 1810 commune
1669 1787 1760 1811 cum
1781 1773 1941 1811 multis:

566 1841 671 1892 quod
694 1850 736 1877 tu
757 1840 835 1892 ipse
857 1849 935 1877 tam
956 1839 1143 1876 amandus
1165 1852 1219 1883 es,
1242 1848 1399 1890 tamque
1420 1838 1562 1882 dulcis,
1594 1847 1752 1890 tamque
1772 1839 1811 1875 in
1833 1837 1943 1875 omni

564 1919 703 1956 genere
719 1905 935 1956 jucundus,
968 1904 1006 1940 id
1027 1903 1080 1940 est
1100 1904 1255 1955 proprie
1276 1912 1404 1940 tuum.
1451 1902 1659 1939 Accedunt
1689 1916 1766 1939 non
1799 1902 1941 1946 Attici,

567 1970 629 2007 sed
652 1970 816 2008 salfiores
839 1983 955 2021 quam
975 1969 1034 2005 illi
1056 1969 1298 2012 Atticorum,
1317 1968 1487 2004 Romani
1509 1976 1652 2004 veteres
1669 1975 1784 2018 atque
1805 1967 1942 2004 urbani

567 2036 673 2072 sales.
720 2036 808 2085 Ego
837 2044 965 2071 autem
997 2033 1208 2084 (existimes
1236 2033 1329 2069 licet
1350 2032 1455 2084 quod
1476 2031 1603 2082 lubet)
1627 2031 1792 2069 mirifice
1813 2032 1944 2083 capior

567 2100 732 2152 facetiis,
765 2100 935 2136 maxime
969 2098 1217 2142 nostratibus,
1249 2097 1458 2149 praesertim
1488 2110 1580 2134 cum
1607 2110 1666 2134 eas
1688 2096 1838 2134 videam
1859 2097 1941 2148 pri-

566 2179 677 2204 mum
698 2165 839 2203 oblitas
861 2165 975 2202 Latio
997 2173 1097 2207 tum,
1129 2177 1222 2200 cum
1246 2164 1285 2200 in
1308 2164 1445 2200 urbem
1467 2162 1633 2200 nostram
1654 2162 1707 2199 est
1728 2161 1854 2200 infusa
1873 2175 1943 2214 pe-

566 2232 784 2283 regrinitas,
803 2243 906 2267 nunc
924 2243 1012 2267 vero
1032 2230 1149 2266 etiam
1172 2229 1357 2266 braccatis
1375 2237 1412 2266 et
1438 2228 1681 2280 transalpinis
1704 2228 1943 2272 nationibus,

567 2306 609 2334 ut
632 2296 787 2333 nullum
807 2295 945 2332 veteris
975 2295 1116 2345 leporis
1144 2294 1350 2345 vestigium
1378 2301 1569 2345 appareat.
1615 2293 1752 2344 Itaque
1784 2302 1821 2330 te
1852 2306 1945 2330 cum

566 2362 693 2406 video,
724 2374 859 2398 omnes
881 2360 981 2397 mihi
1008 2360 1191 2404 Granios,
1223 2372 1357 2396 omnes
1380 2359 1572 2402 Lucilios,
1607 2359 1712 2409 (vere
1732 2367 1776 2395 ut
1796 2357 1943 2408 dicam)

567 2427 715 2465 Craffos
737 2439 908 2478 quoque,
931 2434 969 2461 et
990 2425 1147 2468 Laelios,
1170 2424 1299 2462 videre
1319 2423 1464 2461 videor.
1507 2424 1672 2468 Moriar,
1704 2423 1730 2460 fi
1751 2432 1887 2475 praeter
1907 2431 1945 2460 te

565 2505 802 2544 quemquam
828 2491 1024 2541 reliquum
1052 2489 1191 2534 habeo,
1222 2490 1263 2526 in
1284 2502 1363 2541 quo
1384 2489 1521 2541 poffim
1543 2488 1756 2540 imaginem
1776 2488 1944 2539 antiquae

563 2567 601 2595 et
623 2556 833 2595 vernaculae
853 2554 1072 2593 festivitatis
1094 2554 1311 2605 agnoscere.
1358 2553 1422 2591 Ad
1452 2553 1523 2592 hos
1553 2554 1702 2606 lepores
1724 2566 1817 2591 cum
1835 2564 1943 2590 amor
