2351 2997
561 301 636 327 212
904 292 1587 334 EPISTOLARUM

953 531 1194 568 CICERO
1235 531 1546 570 VARRONx.

562 653 657 692 VII.
683 653 748 726 C
769 655 842 693 OE
861 656 903 694 N
920 658 957 694 A
974 658 1003 694 B
1021 659 1057 695 A
1074 658 1123 696 M
1157 657 1259 711 apud
1290 658 1436 703 Seium,
1468 673 1560 696 cum
1588 660 1745 712 utrique
1767 660 1939 700 nostrum

771 720 928 759 redditae
949 721 1037 760 sunt
1058 736 1078 760 a
1099 733 1135 761 te
1156 724 1290 761 literae.
1321 722 1430 760 Mihi
1452 737 1540 761 vero
1555 725 1638 775 jam
1660 736 1858 763 maturum
1878 727 1938 764 vi-

561 782 687 823 detur.
723 787 843 830 Nam,
875 787 981 838 quod
1002 798 1111 825 antea
1131 788 1390 826 calumniatus
1413 788 1511 833 sum,
1543 790 1726 828 indicabo
1747 791 1940 829 malitiam

561 863 703 888 meam.
737 851 928 888 Volebam
949 866 1070 905 prope
1090 854 1236 891 alicubi
1256 853 1342 898 effe,
1360 854 1385 891 fi
1406 855 1502 906 quid
1525 855 1634 893 bonae
1656 856 1802 901 salutis,
1825 853 1890 891 σιώ
1907 870 1940 892 τε

559 906 606 947 ‘3³15'
624 911 788 963 ἑρχομὸρω.
835 917 970 962 Nunc,
1002 918 1158 970 quando
1185 918 1361 956 confecta
1388 919 1476 956 sunt
1500 921 1646 965 omnia,
1677 921 1940 959 dubitandum

561 990 640 1014 non
661 978 727 1022 est,
759 982 854 1031 quin
883 983 992 1033 equis
1014 985 1119 1021 viris.
1166 985 1288 1029 Nam,
1322 993 1365 1021 ut
1385 983 1514 1022 audivi
1535 984 1581 1022 de
1601 986 1650 1023 L.
1675 987 1819 1024 Caesare
1840 986 1938 1030 filio,

559 1055 716 1080 mecum
737 1044 830 1096 ipse,
852 1046 953 1096 Qg‘id
965 1047 1022 1085 hic
1041 1048 1254 1098 7nihijizciet
1266 1048 1405 1102 fatri?
1430 1050 1566 1101 Itaque
1587 1063 1665 1087 non
1687 1050 1816 1089 defino
1836 1050 1939 1103 apud

559 1107 664 1152 istos,
688 1110 756 1160 qui
778 1124 883 1149 nunc
904 1112 1171 1160 dominantur,
1202 1115 1401 1153 coenitare.
1435 1115 1545 1166 Qid
1565 1114 1706 1154 faciam
1725 1118 1738 1154 ?
1770 1116 1939 1169 tempori

559 1172 802 1213 serviendum
834 1177 901 1216 est.
948 1179 1020 1217 Sed
1049 1179 1215 1219 ridicula
1245 1179 1380 1225 miffa3
1412 1180 1624 1233 praesertim
1651 1195 1744 1220 cum
1770 1182 1816 1220 fit
1836 1180 1939 1220 nihil

559 1239 665 1290 quod
685 1240 893 1281 rideamus.

748 1307 886 1359 Africa
905 1308 1066 1347 terribili
1080 1311 1204 1349 tremit
1223 1309 1370 1349 horrida
1390 1319 1493 1349 terra
1513 1311 1683 1350 tumultu.

560 1369 696 1421 Itaque
728 1373 884 1410 nullum
917 1375 969 1412 est
999 1370 1263 1424 ἀποπροηγμὲὦσν,
1292 1376 1399 1428 quod
1429 1390 1507 1414 non
1539 1391 1680 1416 verear.
1727 1377 1799 1415 Sed
1830 1376 1937 1429 quod

558 1437 713 1486 quaeris‚
745 1439 915 1489 quando,
948 1453 1037 1491 qua,
1070 1454 1163 1492 quo,
1195 1440 1297 1478 nihil
1319 1441 1446 1480 adhuc
1474 1442 1632 1481 scimus.
1678 1442 1780 1481 Istuc
1807 1443 1937 1495 ipsum

557 1499 603 1537 de
636 1501 754 1546 Baiis,
785 1505 967 1542 nonnulli
997 1505 1194 1550 dubitant,
1225 1520 1271 1543 an
1302 1520 1369 1558 per
1398 1507 1612 1546 Sardiniam
1642 1509 1783 1546 veniat.
1830 1507 1937 1546 Illud

557 1564 665 1602 enim
697 1565 824 1605 adhuc
855 1569 1046 1621 praedium
1078 1570 1190 1608 suum
1222 1584 1299 1608 non
1331 1571 1528 1623 inspexit;
1561 1586 1631 1610 nec
1662 1573 1789 1610 ullum
1818 1571 1937 1610 habet

557 1628 740 1676 deterius,
771 1632 833 1670 sed
857 1643 984 1672 tamen
1006 1648 1084 1672 non
1106 1636 1339 1674 contemnit.
1386 1638 1473 1688 Ego
1502 1637 1665 1675 omnino
1686 1638 1808 1689 magis
1830 1637 1935 1674 arbi-

558 1704 639 1731 tror
658 1709 726 1747 per
747 1698 920 1736 Siciliam
940 1714 948 1737 z
982 1701 1041 1737 vel
1056 1701 1140 1752 jam
1162 1701 1326 1739 sciemus
1345 1717 1354 1739 ;
1386 1701 1565 1739 adventat
1585 1703 1692 1740 enim
1713 1702 1934 1742 Dolabella.

538 1759 662 1798 >Eum
681 1771 779 1813 puto
799 1764 1027 1816 magistrum
1048 1765 1144 1803 fore.

732 1826 840 1862 Πολλοὶ
858 1824 1003 1876 μαθητιι)
1021 1825 1171 1883 κξεοῖ-ἦονες
1189 1824 1414 1865 διδασκάλων.

558 1884 629 1921 Sed
664 1894 808 1932 tamen,
840 1889 865 1926 fi
901 1889 1033 1934 sciam,
1065 1890 1162 1942 quid
1194 1899 1236 1927 tu
1269 1890 1528 1934 constitueris,
1559 1904 1693 1928 meum
1728 1891 1933 1929 confilium

555 1952 860 1991 accommodabo
882 1954 1121 2005 potiffimum
1143 1954 1187 1991 ad
1210 1964 1338 1994 tuum.
1385 1957 1515 2006 Qare
1541 1957 1701 2008 expedio
1731 1964 1814 1993 tuas
1841 1956 1932 1994 lite-

559 2028 630 2052 ras.
664 2016 774 2053 Vale.

946 2223 1187 2261 CicERO
1230 2225 1540 2262 VARRONI.

559 2348 674 2386 VIII.
699 2348 764 2419 E
783 2350 819 2387 T
838 2350 895 2387 SI
927 2363 1070 2388 munus
1101 2350 1285 2403 flagitare,
1317 2352 1494 2402 quamvis
1515 2352 1602 2404 quis
1633 2351 1856 2397 ostenderit,
1887 2365 1934 2390 ne

794 2414 963 2466 populus
991 2415 1152 2467 quidem
1183 2416 1293 2460 solet,
1325 2416 1395 2453 nisi
1423 2417 1670 2462 concitatus3
1704 2426 1831 2454 tamen
1860 2430 1933 2469 ego

556 2480 823 2532 expectatione
854 2480 1025 2531 promiffi
1058 2481 1116 2518 tui
1148 2494 1320 2525 moveor,
1352 2490 1395 2519 ut
1429 2481 1658 2520 admoneam
1693 2491 1744 2527 te,
1777 2495 1854 2520 non
1889 2490 1932 2520 ut

557 2546 743 2598 flagitem.
789 2545 883 2584 Mifi
915 2555 1044 2584 autem
1072 2546 1117 2584 ad
1146 2555 1182 2585 te
1214 2555 1381 2599 quatuor
1412 2546 1673 2586 admonitores
1706 2560 1785 2586 non
1813 2546 1933 2585 nimis
