2351 2997
622 244 713 281 AD
773 239 1237 278 FAMILIARES
1298 240 1430 278 LIB.
1481 242 1532 280 V.
1708 259 1780 298 103

401 350 530 394 aperte
559 338 755 378 vindicem
785 336 1065 389 conjurationis
1096 336 1291 382 oderunt;
1323 338 1466 390 partim
1498 352 1576 376 non
1604 341 1782 385 credunt,

402 415 441 445 et
461 419 481 443 a
500 418 562 442 me
583 404 735 441 infidias
756 411 939 441 metuunt
958 418 966 440 :
1000 416 1070 439 nec
1092 412 1231 454 putant
1252 404 1287 440 ei
1308 417 1492 442 nummos
1521 404 1641 442 deeffe
1665 406 1782 457 poffe,

402 470 472 521 qui
506 483 553 507 ex
587 468 786 506 obsidione
821 467 1070 506 foeneratores
1105 469 1306 506 exemerit.
1355 470 1534 506 Omnino
1571 469 1784 507 semissibus

402 548 543 586 magna
574 535 687 586 copia
717 534 783 572 est.
832 536 919 585 Ego
947 543 1077 572 autem
1100 535 1195 571 meis
1218 535 1331 572 rebus
1353 534 1466 586 gestis
1489 534 1564 573 hoc
1586 535 1670 573 sum
1691 536 1785 573 affe-

401 609 533 644 cutus,
567 610 609 637 ut
631 601 779 637 bonum
802 613 945 636 nomen
968 599 1180 637 existimer.
1226 600 1404 637 Domum
1426 609 1533 638 tuam
1555 609 1670 653 atque
1691 602 1785 639 aedi-

402 665 626 703 ficationem
659 679 817 702 omnem
850 664 1040 716 perspexi,
1080 673 1118 701 et
1150 663 1400 703 vehementer
1431 666 1607 717 probavi.
1653 669 1784 704 Anto-

402 730 531 774 nium,
563 730 628 767 etsi
659 732 740 781 ejus
773 730 813 766 in
844 742 906 766 me
935 728 1064 766 officia
1089 742 1224 766 omnes
1253 729 1481 774 desiderant,
1514 732 1704 769 tamenin
1727 732 1783 769 se-

401 804 495 833 natu
524 795 740 846 graviflime
769 807 812 831 ac
841 794 1134 846 diligentissime
1164 793 1347 838 defendi;
1382 794 1635 847 senatumque
1665 796 1782 834 vehe—

400 869 553 900 menter
582 860 755 896 oratione
785 872 870 896 mea
898 868 1013 910 atque
1043 858 1268 896 auctoritate
1298 860 1512 898 commovi.
1556 861 1622 897 Tu
1650 860 1696 898 ad
1721 875 1784 900 me
1834 852 1835 856 Ἰ

401 925 521 964 velim
543 924 670 962 literas
693 924 864 964 crebrius
887 924 1033 965 mittas.
1068 923 1177 963 Vale.

401 1124 466 1162 M.
486 1125 540 1161 Τ.
558 1121 622 1161 Μ.
643 1123 688 1161 F.
709 1124 757 1161 C.
778 1124 859 1161 CN.
880 1123 1106 1168 POMPEIO,
1137 1124 1218 1161 CN.
1238 1124 1285 1161 F.
1305 1124 1503 1170 MAGNO,
1533 1126 1635 1164 ΙΜΡ.
1667 1127 1703 1164 S.
1724 1127 1778 1165 D,

402 1251 503 1290 VII.
518 1251 564 1321 S
579 1252 597 1288 I
619 1260 661 1288 tu
681 1250 950 1303 exercitusque
965 1252 1115 1296 valetis,
1134 1253 1232 1289 bene
1251 1252 1322 1290 est:
1346 1266 1418 1304 ego
1435 1253 1555 1291 valeo.
1581 1254 1641 1291 Ex
1659 1254 1781 1291 literis

587 1316 679 1360 tuis,
697 1329 790 1367 quas
807 1316 967 1368 publice
982 1316 1130 1361 misisti,
1149 1317 1235 1369 cepi
1253 1331 1327 1354 una
1343 1332 1434 1355 cuin
1451 1318 1635 1356 omnibus
1653 1320 1781 1356 incre-

400 1382 568 1421 dibilem
588 1381 845 1433 voluptatem.
879 1382 1050 1419 Tantam
1072 1382 1178 1419 enim
1200 1382 1305 1433 spem
1326 1383 1399 1420 otii
1419 1383 1628 1429 ostendisti,
1656 1399 1781 1436 quan-

402 1457 483 1486 tam
504 1461 576 1500 ego
598 1447 747 1498 semper
766 1447 967 1491 omnibus,
1001 1455 1037 1484 te
1062 1461 1140 1485 uno
1161 1447 1299 1492 fretus,
1331 1449 1558 1500 pollicebar.
1604 1451 1674 1487 Sed
1707 1450 1783 1488 hoc

403 1512 514 1557 scito,
537 1522 625 1550 tuos
641 1521 786 1550 veteres
807 1512 948 1557 hostes,
967 1526 1086 1551 novos
1103 1513 1264 1558 amicos,
1282 1512 1533 1551 vehementer
1553 1514 1675 1552 literis
1692 1529 1781 1566 per-

401 1578 543 1622 culsos,
575 1587 691 1630 atque
711 1591 757 1615 ex
779 1591 917 1629 magna
938 1578 1000 1630 spe
1022 1578 1261 1623 deturbatos,
1287 1580 1429 1629 jacere.
1474 1580 1536 1616 Ad
1564 1594 1626 1617 me
1653 1590 1784 1618 autem

402 1643 530 1681 literas
552 1629 645 1694 quas
663 1642 809 1687 misisti,
828 1656 1050 1695 quanquam
1067 1644 1251 1695 exiguam
1266 1644 1589 1695 significationem
1607 1655 1680 1683 tuae
1696 1659 1785 1697 erga

403 1721 465 1745 me
482 1708 692 1745 voluntatis
710 1706 921 1752 habebant,
939 1716 1066 1747 tamen
1084 1708 1184 1746 mihi
1201 1708 1502 1761 scitojiicundas
1519 1709 1650 1748 fuisse:
1676 1711 1789 1748 nulla¹

401 1774 508 1810 enim
529 1786 567 1810 re
589 1782 668 1809 tam
690 1772 807 1810 laetari
830 1773 946 1817 soleo,
977 1787 1096 1824 quam
1118 1787 1297 1812 meorum
1326 1775 1548 1813 officiorum
1578 1775 1781 1813 conscien-

402 1838 482 1881 tia;
515 1838 659 1889 quibus
681 1837 707 1875 fi
736 1837 890 1889 quando
913 1851 990 1874 non
1012 1847 1149 1876 mutue
1171 1839 1436 1890 respondetur,
1468 1840 1569 1892 apud
1600 1854 1662 1878 me
1692 1841 1781 1891 plus

401 1902 523 1940 officii
544 1902 702 1940 relidere
722 1901 912 1941 facillime
932 1902 1072 1955 patior.
1119 1903 1224 1941 Illud
1255 1918 1333 1941 non
1365 1904 1520 1950 dubito,
1552 1907 1664 1957 quin,
1697 1906 1722 1943 s1
1745 1916 1790 1944 te·

402 1980 487 2004 mea
508 1967 658 2005 summa
677 1980 766 2018 erga
786 1976 822 2005 te
843 1967 966 2007 studia
987 1981 1124 2019 parum
1145 1967 1245 2006 mihi
1270 1969 1533 2020 adjunxerint,
1565 1970 1784 2022 respublica

401 2045 471 2068 nos
493 2032 593 2069 inter
614 2045 682 2072 nos
705 2032 960 2071 conciliatura
980 2034 1313 2085 conjunctumque
1334 2034 1393 2072 fit.
1441 2036 1500 2072 Ac
1533 2049 1580 2072 ne
1610 2037 1779 2088 ignores,

402 2097 498 2148 quid
528 2110 600 2149 ego
629 2098 670 2134 in
702 2098 777 2134 tuis
808 2098 930 2137 literis
961 2097 1220 2144 defiderarim,
1252 2099 1417 2140 scribam
1446 2110 1589 2152 aperte,
1621 2102 1717 2140 ficut
1743 2111 1782 2140 et

402 2175 487 2199 mea
507 2172 640 2199 natura
660 2170 697 2199 et
719 2162 844 2199 nostra
863 2163 1035 2203 amicitia
1055 2164 1245 2215 postulat..
1283 2166 1361 2204 Res
1390 2179 1449 2203 eas
1477 2166 1582 2218 geffi,
1614 2180 1781 2219 quarum

403 2227 574 2278 aliquam
595 2228 635 2267 in
658 2227 734 2267 tuis
762 2228 899 2273 literis,
931 2238 968 2267 et
1000 2229 1134 2269 nostrae
1166 2231 1454 2269 neceffitudinis
1486 2240 1524 2269 et
1556 2233 1780 2285 reipublicae

402 2292 524 2337 causa,
555 2293 856 2344 gratulationem
876 2296 1101 2346 expectavi:
1135 2310 1252 2347 quam
1281 2310 1353 2348 ego
1383 2298 1448 2334 abs
1480 2306 1517 2335 te
1544 2299 1777 2349 praetermis-

401 2358 479 2397 sam
507 2358 578 2396 effe
606 2359 784 2404 arbitror,
817 2360 922 2412 quod
952 2374 1134 2406 vererere,
1167 2376 1214 2399 ne
1246 2349 1358 2414 cujus
1391 2363 1569 2400 animum
1601 2363 1776 2401 offende-

402 2437 475 2462 res.
522 2424 594 2461 Sed
626 2424 721 2462 scito
752 2438 807 2470 ea,
838 2439 923 2477 quae
952 2440 1022 2464 nos
1052 2441 1122 2479 pro
1153 2428 1272 2466 salute
1292 2429 1424 2480 patriae
1444 2430 1640 2480 geffimus,
1672 2430 1776 2466 orbis

400 2498 509 2529 terrae
534 2490 686 2542 judicio
715 2503 758 2529 ac
788 2491 1010 2531 testimonio
1039 2494 1301 2546 comprobari.
1347 2497 1460 2547 Qae,
1492 2508 1583 2533 cum
1613 2494 1775 2540 veneris,
