2351 2997
638 224 732 281 AD
787 221 1254 262 FAMILIARES
1313 222 1446 262 LIB.
1496 224 1552 262 X,
1708 226 1784 278 269

583 456 939 496 C.As1qus
980 457 1220 496 1³02on
1262 459 1604 497 C1cER0N1‚

404 582 583 623 XXXII.
605 585 815 659 BALB
830 585 872 624 U
874 584 905 621 S
932 584 1089 637 quaestor,
1113 598 1244 636 magna
1263 593 1447 623 numerata
1462 586 1627 639 pecunia,
1658 600 1786 638 magno

699 649 853 703 pondere
873 648 969 694 auri,
991 649 1123 700 majore
1143 649 1297 699 argenti,
1319 654 1439 686 conato
1461 650 1502 687 de
1515 650 1664 703 publicis
1679 666 1779 689 exac-

406 712 568 760 tionibus,
587 729 629 753 ne
632 713 807 768 stzpc’ndio
828 711 965 766 quidem
983 711 1151 750 militibus
1170 712 1320 760 reddito,
1340 713 1440 751 duxit
1448 714 1493 767 se
1508 729 1531 752 a
1550 715 1707 753 Gadibus
1718 733 1729 760 3
1751 726 1783 754 ct

408 778 565 816 triduum
585 779 780 833 tempestate
799 786 951 816 retentus
972 777 1024 814 ad
1039 778 1186 832 Calpen,
1217 778 1305 816 Kal.
1328 778 1457 831 Juniis
1488 779 1628 832 trajecit
1644 780 1721 832 sese
1748 781 1784 819 in

405 846 552 894 regnum
573 843 746 896 Bogudis,
763 843 871 895 plane
890 842 969 880 bene
981 842 1191 896 peculiatus.
1223 842 1297 881 Isis
1319 843 1513 881 rumoribus
1528 852 1646 881 utrum
1668 845 1787 883 Gades

405 906 599 960 referatur,
631 922 677 946 an
697 908 864 955 Romam,
896 908 922 957 (
922 906 973 944 ad
973 906 1130 959 singulos
1157 907 1247 945 enim
1272 907 1408 945 nuntios
1435 907 1619 962 turpifflme
1650 909 1786 960 corfilia

406 973 547 1021 mutat)
566 972 811 1025 nondumscio.
858 970 931 1009 Sed
944 979 1080 1025 praeter
1086 970 1214 1025 furta,
1248 980 1280 1010 et
1300 971 1462 1025 rapinas,
1493 981 1525 1010 et
1546 973 1663 1025 virgis
1685 974 1786 1027 caesos

394 1036 522 1089 socios,
556 1037 630 1077 haec
651 1051 783 1091 quoque
788 1035 897 1090 ficit,
930 1045 969 1074 ut
989 1036 1057 1089 ipse
1070 1036 1227 1088 gloriari
1232 1036 1339 1090 solet,
1373 1034 1507 1084 eadem,
1530 1051 1609 1091 quae
1632 1040 1675 1076 C.
1700 1040 1782 1078 Cae-

395 1101 493 1153 fhr:
537 1101 644 1150 ludis,
682 1116 766 1156 quos
799 1100 958 1140 Gadibus
979 1101 1089 1155 ficit,
1121 1101 1341 1140 Herennium
1380 1102 1538 1149 Gallum,
1573 1102 1783 1154 hssrhnem,

393 1165 533 1218 stimmo
553 1166 712 1205 ludorum
733 1167 788 1205 die
813 1166 940 1204 annulo
970 1180 1077 1204 aureo
1103 1165 1282 1213 donatum,
1313 1165 1349 1204 in
1380 1181 1446 1204 XIV
1456 1166 1581 1218 seſjum
1611 1167 1780 1214 deduxit3

408 1239 459 1268 tot
479 1231 568 1269 enim
573 1231 720 1285 fecerat
750 1231 887 1269 ordines
915 1231 1075 1284 equestris
1107 1231 1197 1269 loci:
1228 1232 1541 1284 quatuorviratum
1557 1232 1632 1285 fibi
1653 1241 1781 1286 proro-

400 1296 537 1347 gavit:
566 1296 706 1334 comitia
725 1295 852 1334 biennii
866 1295 965 1334 biduo
987 1295 1123 1342 habuit,
1157 1295 1220 1334 hoc
1239 1297 1295 1349 est,
1328 1296 1548 1335 renuntiavit
1567 1311 1650 1351 quos
1670 1298 1703 1336 ei
1719 1299 1782 1336 vi-

399 1360 478 1411 sum
498 1361 540 1413 est
554 1375 566 1398 .·
595 1361 705 1400 exules
725 1360 877 1408 reduxit,
909 1374 974 1398 non
1001 1360 1126 1398 horum
1155 1369 1360 1415 temporum,
1381 1361 1453 1415 sed
1474 1362 1628 1410 illorum,
1661 1363 1784 1417 quibus

404 1439 430 1463 a
449 1425 617 1478 seditiosis
634 1426 782 1479 senatus
811 1424 1009 1464 trucidatus
1038 1434 1103 1464 aut
1134 1425 1290 1479 expulsus
1319 1428 1377 1478 est,
1410 1427 1489 1464 Sex.
1513 1429 1607 1465 Varo
1632 1437 1782 1482 procon-

391 1491 486 1544 fitle.
517 1492 587 1530 Illa
608 1504 693 1530 vero
703 1491 787 1544 jam
808 1505 849 1529 ne
872 1491 1025 1544 Caesaris
1045 1491 1180 1544 quidem
1202 1492 1379 1546 exemplo:
1412 1491 1506 1545 quod
1519 1492 1609 1530 ludis
1622 1502 1782 1547 prcetex-

405 1564 479 1594 tam
506 1555 547 1594 de
565 1556 634 1609 suo
667 1556 792 1594 itinere
818 1555 870 1593 ad
894 1556 945 1594 L.
968 1556 1161 1594 Lentulum
1186 1556 1422 1610 proconsulem
1443 1556 1707 1609 sollicitandum
1718 1567 1785 1612 po-

391 1620 497 1673 suit:
530 1630 563 1659 et
597 1620 747 1674 quidem,
781 1634 856 1659 cum
892 1630 1074 1672 ageretur,
1095 1620 1221 1670 flevit,
1255 1621 1422 1660 memoria
1456 1635 1576 1660 rerum
1607 1637 1655 1674 ge
1683 1638 1790 1662 arunt

407 1694 605 1723 commotus.
647 1683 913 1723 Gladiatoribus
943 1693 1060 1723 autem
1091 1684 1245 1723 Fadium
1278 1684 1462 1738 quendam,
1493 1686 1638 1724 militem
1668 1689 1783 1726 Pom—

399 1749 580 1803 peianum,
625 1750 721 1803 quia,
762 1764 840 1788 cum
880 1749 1048 1804 deprcffics
1080 1749 1118 1788 in
1153 1749 1272 1788 ludum
1310 1750 1360 1788 bis
1389 1750 1511 1802 gratis
1549 1750 1783 1805 depugnaffl’t,

405 1819 548 1853 auotore
569 1815 644 1868 fise
677 1815 825 1862 nolebat,
856 1825 890 1854 et
920 1815 972 1853 ad
995 1815 1162 1870 populum
1195 1814 1428 1868 corffugerctt3
1467 1816 1625 1869 primum
1662 1817 1785 1856 Gallos

404 1879 533 1933 equites
563 1879 697 1932 immisit
732 1878 769 1918 in
798 1880 980 1934 populum,
1017 1880 1185 1932 (conjec‘ti
1217 1880 1306 1918 enim
1342 1879 1473 1935 lapides
1496 1881 1585 1933 stant
1619 1881 1656 1919 in
1690 1895 1782 1929 eum,

404 1959 482 1984 cum
501 1945 722 1999 abripc’rctur
741 1945 905 1995 Fadius)
922 1944 1043 1983 deinde
1063 1945 1281 1997 abstrab't'um
1312 1945 1443 2000 defodit
1471 1946 1508 1983 in
1536 1946 1629 1993 ludo,
1661 1955 1694 1985 et
1721 1948 1781 1986 vi-

405 2024 492 2048 vum
525 2010 720 2061 combifft3
757 2024 834 2048 cum
866 2009 1002 2063 quidem
1025 2011 1194 2063 pransus,
1228 2009 1328 2048 nudis
1351 2009 1512 2063 pedibus,
1544 2011 1664 2049 tunica
1683 2011 1784 2065 solu-

404 2085 458 2121 ta,
491 2075 648 2113 manibus
668 2074 718 2112 ad
733 2084 872 2127 tergum
899 2075 1058 2127 reflatis,
1088 2075 1339 2123 inambularet,
1373 2085 1406 2114 et
1438 2075 1494 2114 illi
1518 2077 1637 2129 mistro
1668 2078 1781 2131 quiri-

405 2140 511 2187 tanti,
546 2138 651 2177 Civis
672 2140 872 2178 Romanus
897 2149 1009 2178 natus
1039 2140 1138 2187 sum,
1172 2139 1418 2193 responderet:
1451 2140 1529 2179 Abi
1562 2156 1681 2189 nunc,
1712 2157 1780 2195 po-

406 2203 486 2257 puli
516 2203 631 2242 fidem
664 2203 837 2256 implora.
882 2203 1010 2256 Bestiis
1044 2218 1128 2243 vero
1164 2204 1259 2242 cives
1295 2206 1485 2253 Romanos,
1519 2206 1625 2244 etiam
1659 2207 1695 2246 in
1730 2208 1789 2246 his*

406 2270 650 2308 circulatorem
671 2269 841 2323 quendam
860 2269 1075 2315 motionum,
1107 2269 1309 2320 notfflmum
1330 2270 1498 2309 hominem
1518 2270 1677 2325 Hispali,
1699 2273 1784 2326 quia

403 2334 566 2388 deformis
587 2343 679 2381 erat,
713 2334 841 2388 objecit.
875 2335 966 2374 Cum
988 2334 1219 2389 hujuscemodi
1229 2343 1390 2389 portento
1411 2351 1466 2375 res
1488 2337 1678 2391 mihificit.
1711 2337 1787 2376 Sed

405 2398 448 2437 de
467 2399 524 2437 illo
536 2400 648 2454 plura
668 2413 802 2438 coram.
848 2400 973 2450 Nunc,
1008 2400 1103 2454 quod
1116 2401 1283 2454 p2”cestat,
1315 2401 1405 2455 quid
1429 2415 1482 2442 me
1508 2403 1629 2441 velitis
1633 2402 1783 2455 facere,
