2351 2997
503 268 586 309 424
856 240 1537 292 EPISTOLARUM

786 487 848 523 M.
882 486 933 522 T.
969 486 1016 523 C.
1051 486 1099 523 C.
1135 486 1361 522 CASSIO
1405 485 1442 521 S.
1476 486 1520 522 P.
1554 486 1607 522 D.

508 617 621 656 XVI.
647 612 844 685 PUTO
876 621 913 649 te
928 613 1010 663 jam
1032 612 1260 664 suppudere,
1279 626 1370 657 cum
1392 610 1473 649 haec
1495 620 1532 648 te
1553 612 1664 649 tertia
1678 613 1760 663 jam
1781 610 1882 662 epis-

725 678 804 715 tola
824 686 911 714 ante
931 676 1127 728 oppreffit,
1156 690 1273 728 quam
1296 686 1337 714 tu
1360 675 1598 720 schedulam,
1630 685 1695 713 aut
1715 675 1882 712 literam.

507 746 582 783 Sed
603 758 680 783 non
703 756 821 794 urgeo
840 757 848 780 :
882 742 1075 793 longiores
1099 742 1206 779 enim
1227 742 1451 794 expectabo,
1483 740 1541 778 vel
1563 741 1694 793 potius
1715 740 1883 791 exigam.

509 812 612 862 Ego,
645 810 669 847 fi
691 809 838 859 semper
858 807 1039 844 haberem
1061 807 1125 844 cui
1146 807 1290 850 darem,
1322 807 1381 844 vel
1404 815 1527 843 ternas
1558 806 1599 842 in
1623 805 1717 843 hora
1737 805 1882 842 darem.

509 876 577 913 Fit
596 874 703 912 enim
724 871 852 910 nescio
873 870 982 923 quid,
1002 879 1043 908 ut
1064 872 1167 922 quafi
1189 884 1318 907 coram
1335 871 1454 908 adesse
1470 870 1633 914 videare,
1651 883 1743 907 cum
1759 869 1885 907 scribo

508 940 658 992 aliquid
678 938 724 976 ad
746 946 807 974 te:
831 949 956 987 neque
978 936 1016 972 id
1035 931 1102 972 ›too'l'
1117 929 1250 970 εἰδώλων
1269 927 1464 979 amasiam,
1485 943 1527 971 ut
1548 935 1686 972 dicunt
1707 935 1764 972 tui
1784 935 1884 971 ami-

509 1006 546 1042 ci
575 1004 680 1048 novi,
703 1003 772 1054 qui
799 1009 939 1053 putant
963 1001 1080 1037 etiam
1107 991 1296 1039 διανοηῖικιὶς
1318 992 1493 1045 φοινῖᾆσίοις
1524 999 1679 1050 spectris
1714 999 1886 1037 Catianis

506 1070 683 1107 excitari.
732 1067 853 1110 Nam,
886 1079 932 1103 ne
958 1075 994 1102 te
1015 1064 1155 1115 fngiat,
1188 1064 1323 1100 Catius
1347 1062 1521 1108 Insuber,
1553 1065 1785 1116 Epicureus,
1817 1064 1887 1116 qui

509 1148 634 1186 nuper
654 1133 707 1171 est
727 1141 920 1175 mortuus,
952 1144 1037 1181 quse
1057 1129 1124 1166 ille
1146 1129 1389 1179 Gargettius,
1420 1129 1537 1166 etiam
1557 1138 1645 1167 ante
1676 1131 1886 1167 Democri-

509 1209 588 1244 tus,
620 1192 749 1237 ἅὸωλοι,
780 1197 846 1235 hic
867 1196 1011 1248 spectra
1031 1195 1222 1232 nominat.
1269 1194 1346 1231 His
1376 1203 1505 1232 autem
1532 1195 1687 1247 speetris
1714 1196 1830 1233 etiam
1859 1195 1887 1232 fi

508 1264 615 1302 oculi
638 1262 785 1315 poffent
807 1261 927 1304 feriri,
959 1259 1066 1311 quod
1094 1258 1155 1296 vel
1185 1258 1231 1296 iis
1259 1258 1339 1310 ipsa
1367 1269 1606 1305 occurrunt3
1638 1261 1790 1297 animus
1819 1259 1889 1312 qui

510 1329 637 1381 possit,
669 1341 741 1378 ego
773 1339 850 1363 non
883 1325 1008 1363 video.
1056 1325 1206 1362 Doceas
1240 1332 1281 1361 tu
1312 1337 1375 1361 me
1402 1326 1614 1376 oportebit,
1645 1339 1737 1363 cum
1764 1325 1887 1362 salvus

511 1395 675 1438 veneris,
694 1394 733 1430 in
755 1405 889 1430 meane
910 1390 1093 1443 potestate
1109 1390 1154 1428 fit
1175 1389 1366 1442 spectrum
1387 1400 1516 1434 tuum,
1535 1400 1592 1435 ut,
1611 1391 1723 1428 fimul
1745 1404 1787 1429 ac
1808 1390 1887 1428 mi-

511 1459 554 1497 hi
581 1459 807 1497 collibitum
840 1458 884 1495 s1t
916 1456 962 1493 de
989 1465 1026 1494 te
1046 1456 1230 1507 cogitare,
1261 1454 1361 1492 illud
1381 1464 1584 1493 occurrat:
1618 1469 1742 1507 neque
1763 1455 1890 1493 solum

509 1525 558 1563 de
580 1534 631 1568 te,
663 1525 731 1576 qui
753 1522 853 1560 mihi
874 1521 992 1559 haeres
1014 1522 1054 1558 in
1077 1520 1287 1564 medullis3
1321 1520 1381 1557 sed
1404 1521 1428 1557 fi
1450 1520 1615 1558 insulam
1646 1521 1888 1559 Britanniam

504 1602 667 1640 ‚coepero
687 1588 871 1639 cogitare,
889 1587 970 1637 ejus
991 1578 1113 1620 &almon
1132 1583 1233 1622 mihi
1253 1583 1448 1621 advolabit
1468 1585 1512 1621 ad
1534 1586 1681 1637 peetus,
1715 1585 1787 1622 Sed
1806 1585 1889 1622 haec

505 1654 724 1707 posterius:
759 1661 866 1689 tento
886 1651 992 1688 enim
1013 1659 1064 1693 te,
1096 1663 1175 1701 quo
1195 1650 1326 1686 animo
1346 1649 1527 1702 accipias.
1560 1650 1598 1687 Si
1619 1650 1725 1687 enim
1746 1649 1888 1687 stoma-

513 1719 678 1757 chabere
698 1727 736 1756 et
757 1716 915 1755 moleste
935 1715 1048 1759 feres,
1074 1716 1185 1767 plura
1205 1714 1379 1753 dicemus
1397 1734 1408 1760 3
1441 1715 1812 1768 postulabimusque,
1843 1730 1891 1754 ex

513 1798 590 1836 qua
610 1783 755 1827 haeresl,
783 1781 837 1825 vi,
868 1780 1059 1818 hominibus
1079 1780 1243 1824 armatis,
1275 1780 1443 1832 deJectus
1465 1781 1524 1825 fis,
1547 1782 1587 1818 in
1609 1795 1692 1818 eam
1714 1781 1889 1818 restitua-

515 1864 567 1887 re.
602 1851 647 1887 In
669 1848 745 1885 hoc
766 1846 972 1884 interdicto
995 1858 1071 1882 non
1094 1845 1188 1883 solet
1208 1844 1311 1890 addi,
1334 1846 1378 1883 In
1399 1845 1462 1882 hoc
1480 1860 1583 1883 amm.
1617 1848 1746 1897 Qare
1767 1847 1791 1883 fi
1807 1847 1890 1898 jam

515 1914 736 1956 biennium,
767 1921 832 1948 aut
854 1912 1066 1949 triennium
1094 1911 1161 1954 est,
1193 1924 1283 1948 cum
1317 1911 1453 1947 virtuti
1486 1911 1670 1948 nuntium
1702 1911 1889 1955 remifisti‚

511 1978 702 2017 delinitus
723 1976 916 2013 illecebris
938 1976 1164 2026 voluptatis,
1183 1976 1221 2012 in
1245 1976 1395 2025 integro
1417 1988 1473 2012 res
1496 1976 1607 2012 nobis
1630 1976 1715 2013 erit.
1750 1978 1888 2027 Qan-

511 2055 634 2095 quam
656 2042 843 2093 qui-curn
864 2041 1034 2093 loquor?
1067 2053 1158 2077 cum
1189 2053 1267 2077 uno
1294 2039 1500 2077 fortifiimo
1525 2041 1635 2084 viro;
1668 2041 1735 2091 qui
1766 2041 1892 2093 postea

511 2121 636 2160 quam
657 2106 786 2144 forum
808 2105 982 2156 attigisti,
1013 2103 1111 2142 nihil
1134 2104 1257 2142 fecisti
1278 2105 1346 2142 nisi
1368 2105 1631 2156 pleniffimum
1653 2106 1892 2157 amplifiiinoe

518 2172 735 2225 dignitatis.
783 2172 829 2209 In
861 2171 928 2208 ista
961 2169 1039 2222 ipsa
1073 2166 1188 2217 caessspe'cm
1221 2179 1354 2208 metuo
1384 2184 1430 2208 ne
1466 2171 1552 2223 plus
1590 2184 1795 2209 nervorum
1830 2173 1889 2215 sit,

512 2251 636 2290 ,quam
658 2250 729 2288 ego
751 2236 935 2288 putarim,
954 2236 979 2273 fi
1001 2234 1119 2272 modo
1140 2248 1223 2272 eam
1245 2244 1285 2273 tu
1308 2236 1460 2287 probas.
1494 2236 1601 2286 Qid
1624 2237 1697 2274 tibi
1718 2237 1757 2274 in
1779 2251 1891 2274 men-

520 2312 600 2341 tem
622 2302 726 2340 venit
745 2302 757 2339 ?
790 2301 957 2353 inquies.
1004 2300 1108 2350 Qia
1136 2300 1236 2338 nihil
1258 2300 1449 2338 habebam
1469 2301 1589 2345 aliud,
1621 2301 1725 2352 quod
1748 2301 1890 2339 scribe-

520 2381 616 2406 rem.
663 2368 724 2405 De
752 2366 950 2418 republica
976 2366 1081 2403 enim
1103 2364 1203 2402 nihil
1234 2366 1397 2404 scribere
1417 2366 1594 2418 poffum:
1628 2380 1751 2419 neque
1772 2368 1891 2412 enim,

521 2431 627 2486 quod
648 2431 784 2476 sentio,
817 2431 913 2469 libet
934 2430 1110 2468 scribere.
1143 2430 1253 2468 Vale.
