2351 2997
593 283 665 320 142
961 271 1644 311 EPISTOLARUM

591 368 692 407 nihil
713 383 733 407 a
754 379 790 408 te
810 379 953 422 petam,
987 371 1055 408 nis1
1078 379 1121 408 ut
1141 370 1187 407 ad
1208 384 1292 408 eam
1311 371 1568 417 voluntatem,
1602 387 1719 425 quam
1748 383 1812 412 tua
1830 374 1966 427 sponte

589 448 677 486 erga
706 436 901 473 Caecinam
931 434 1135 472 habiturus
1164 435 1268 479 effes,
1301 445 1430 474 tantus
1458 439 1640 477 cumulus
1667 440 1822 478 accedat
1853 454 1965 478 com-

590 500 837 537 mendatione
860 513 955 543 mea,
980 501 1114 551 quanti
1137 513 1199 536 me
1217 514 1240 537 a
1261 510 1296 538 te
1318 501 1400 539 fieri
1422 502 1616 555 intelligo.
1649 506 1740 543 Hoc
1762 506 1862 544 mihi
1877 520 1965 558 gra-

590 566 664 601 tius
687 564 811 602 facere
833 564 932 602 nihil
954 574 1077 617 potes.
1112 565 1221 603 Vale,

900 763 962 799 M.
997 764 1049 800 Τ.
1084 764 1131 800 C.
1166 765 1491 801 TREB1ANO
1534 766 1569 802 S.
1604 766 1657 803 D.

590 892 641 928 X.
664 891 725 962 E
744 892 781 928 G
799 892 834 928 O
867 892 1001 942 quanti
1025 900 1060 928 te
1080 891 1235 936 faciam,
1260 892 1484 944 semperque
1506 892 1680 937 fecerim,
1707 895 1843 945 quanti
1864 908 1927 932 me
1946 908 1967 933 a

751 965 786 993 te
808 956 889 993 fieri
912 956 1187 1001 intellexerim,
1207 957 1291 994 sum
1313 956 1412 994 mihi
1434 958 1512 1009 ipse
1535 958 1651 995 testis.
1686 960 1792 996 Nam
1808 969 1846 997 et
1866 974 1963 997 con-

588 1022 717 1059 silium
739 1031 867 1065 tuum,
900 1022 958 1058 vel
981 1021 1085 1058 casus
1108 1023 1253 1073 potius,
1278 1022 1425 1059 diutius
1450 1024 1487 1059 in
1510 1023 1625 1060 armis
1647 1023 1831 1064 civilibus
1852 1038 1964 1062 com-

588 1088 780 1131 morandi,
800 1087 947 1138 semper
967 1087 1068 1124 mihi
1089 1101 1232 1138 magno
1253 1087 1378 1124 dolori
1398 1087 1495 1132 fuit;
1519 1098 1556 1125 et
1578 1087 1643 1125 hic
1664 1098 1838 1133 eventus,
1861 1090 1968 1140 quod

588 1152 748 1196 tardius,
781 1165 898 1203 quam
920 1152 972 1188 est
994 1166 1163 1203 aequum‚
1193 1162 1231 1189 et
1251 1165 1369 1203 quam
1391 1166 1462 1204 ego
1482 1153 1638 1197 vellem,
1662 1167 1861 1205 recuperas
1882 1154 1966 1192 for-

588 1228 722 1255 tunam
750 1228 787 1255 et
814 1217 1048 1268 dignitatem
1076 1227 1198 1262 tuam,
1229 1217 1330 1255 mihi
1358 1232 1435 1255 non
1464 1220 1609 1256 minori
1630 1233 1730 1257 curae
1750 1219 1817 1263 est,
1849 1233 1967 1271 quam

587 1284 661 1321 tibi
683 1284 831 1335 semper
851 1282 1011 1320 fuerunt
1030 1283 1136 1320 casus
1159 1284 1250 1321 mei.
1283 1285 1420 1335 Itaque
1441 1294 1478 1322 et
1500 1285 1793 1330 Postumuleno,
1822 1295 1860 1322 et
1882 1286 1967 1324 Ses-

587 1348 657 1392 tio,
689 1357 726 1385 et
754 1348 952 1399 saepiffime
979 1348 1116 1385 Attico
1143 1347 1286 1392 nostro,
1317 1349 1574 1401 proximeque
1599 1349 1791 1394 Theudae,
1823 1350 1967 1388 liberto

588 1422 671 1458 tuo,
704 1422 832 1450 totum
865 1427 928 1450 me
958 1412 1152 1465 patefeci‚·
1185 1422 1223 1450 et
1250 1412 1332 1450 haec
1359 1412 1420 1450 his
1443 1414 1602 1465 fingulis
1625 1415 1718 1466 saepe
1739 1415 1836 1459 dixi,
1868 1429 1966 1467 qua-

587 1492 743 1530 cunque
765 1492 802 1515 re
823 1478 983 1530 possem,
1014 1491 1077 1514 me
1109 1478 1182 1515 tibi
1214 1486 1251 1514 et
1283 1478 1415 1515 liberis
1445 1480 1521 1516 tuis
1550 1479 1766 1517 satisfacere
1795 1494 1963 1532 cupere;

587 1544 705 1595 idque
727 1553 768 1580 tu
791 1543 836 1580 ad
859 1552 944 1580 tuos
967 1543 1085 1580 velim
1106 1543 1247 1580 scribas
1267 1558 1275 1580 :
1300 1542 1381 1580 haec
1403 1544 1562 1595 quidem
1584 1554 1701 1589 certe,
1724 1560 1809 1597 quae
1830 1546 1871 1583 in
1891 1560 1965 1598 po-

587 1609 719 1646 testate
752 1623 835 1646 mea
869 1609 972 1653 sunt,
1005 1618 1047 1645 ut
1081 1622 1251 1660 operam,
1284 1609 1506 1654 consilium,
1539 1623 1634 1655 rem,
1668 1610 1786 1648 fidem
1820 1625 1963 1657 meam,

587 1674 657 1712 fibi
679 1675 724 1711 ad
745 1687 879 1711 omnes
902 1687 958 1711 res
980 1682 1109 1725 parata
1128 1682 1282 1725 putent.
1316 1675 1354 1710 Si
1375 1676 1600 1712 auctoritate
1617 1684 1655 1712 et
1674 1676 1796 1727 gratia
1813 1686 1967 1715 tantum

587 1739 747 1791 poffem,
780 1749 972 1791 quantum
1005 1740 1045 1776 in
1078 1752 1120 1776 ea
1151 1739 1366 1791 republica,
1398 1739 1444 1776 de
1476 1754 1551 1792 qua
1582 1741 1636 1778 ita
1669 1742 1831 1780 meritus
1865 1743 1964 1788 sum,

586 1805 689 1856 posse
710 1805 915 1849 deberem;
946 1813 989 1842 tu
1010 1818 1167 1856 quoque
1188 1805 1220 1842 is
1241 1805 1346 1849 effes,
1369 1805 1435 1856 qui
1457 1804 1578 1850 fuisti,
1601 1820 1693 1843 cum
1715 1808 1824 1844 omni
1845 1808 1967 1859 gradu

587 1871 821 1922 ampliflimo
841 1870 1102 1921 digniffimus,
1135 1879 1220 1907 tum
1241 1879 1344 1907 certe
1364 1870 1511 1908 ordinis
1537 1872 1595 1908 tui
1623 1870 1739 1909 facile
1767 1873 1965 1926 princeps.

586 1937 660 1974 Sed
690 1951 782 1974 cum
812 1936 948 1973 eodem
979 1944 1169 1987 tempore,
1200 1935 1411 1988 eademque
1440 1936 1486 1973 de
1507 1937 1630 1982 causa,
1663 1937 1836 1975 nostrum
1858 1948 1964 1977 uter-

586 2016 664 2054 que
684 2001 840 2045 cecidit,
874 2001 947 2038 tibi
967 2011 1005 2038 et
1032 2001 1100 2038 illa
1120 2001 1322 2052 polliceor,
1355 2015 1439 2053 quae
1460 2001 1571 2054 supra
1595 2003 1738 2055 scripfi,
1770 2018 1855 2055 quae
1877 2005 1966 2042 sunt

587 2066 714 2104 adhuc
736 2080 847 2111 mea,
880 2075 918 2103 et
938 2079 994 2111 ea,
1026 2080 1111 2118 quae
1132 2076 1311 2118 praeterea
1337 2067 1470 2104 videor
1498 2067 1598 2105 mihi
1628 2082 1674 2106 ex
1703 2069 1833 2120 aliqua
1860 2079 1967 2121 parte

587 2132 766 2176 retinere,
789 2140 974 2183 tanquam
995 2145 1042 2169 ex
1062 2132 1238 2184 reliquiis
1260 2132 1427 2183 pristinae
1448 2132 1665 2184 dignitatis.
1698 2135 1840 2186 Neque
1861 2135 1968 2173 enirn

586 2198 666 2250 ipse
688 2198 826 2241 Caesar,
858 2206 901 2234 ut
922 2197 1058 2234 multis
1080 2197 1193 2235 rebus
1215 2198 1433 2249 intelligere
1453 2200 1580 2250 potui,
1612 2199 1664 2237 est
1684 2200 1831 2237 alienus
1853 2214 1873 2238 a
1890 2214 1966 2239 no-

589 2263 677 2307 bis,
709 2273 747 2301 et
777 2276 911 2301 omnes
942 2262 1022 2300 fere
1051 2263 1337 2301 familiariflimi
1366 2264 1463 2315 ejus,
1495 2265 1581 2303 casu
1612 2265 1784 2303 devincti
1813 2266 1965 2318 magnis

587 2330 685 2366 meis
706 2328 899 2366 veteribus
920 2329 1076 2373 officiis,
1108 2342 1171 2366 me
1192 2328 1400 2381 diligenter
1419 2329 1621 2368 observant
1641 2340 1679 2368 et
1700 2332 1852 2370 colunt.
1883 2333 1963 2370 Ita-

587 2408 664 2446 que
686 2394 710 2431 fi
733 2394 801 2446 qui
823 2392 923 2432 mihi
943 2394 1016 2431 erit
1036 2393 1163 2431 aditus
1185 2394 1230 2431 de
1251 2395 1328 2432 tuis
1349 2394 1534 2441 fortunis,
1557 2396 1596 2434 id
1617 2396 1683 2441 est,
1701 2396 1747 2435 de
1768 2406 1833 2435 tua
1851 2398 1964 2435 inco-

587 2459 783 2504 lumitate,
814 2460 855 2497 in
885 2473 960 2512 qua
990 2459 1077 2497 sunt
1106 2461 1252 2505 omnia,
1283 2461 1437 2513 agendi,
1469 2463 1575 2514 quod
1604 2463 1765 2515 quidem
1789 2463 1965 2517 quotidie

587 2526 713 2578 magis
734 2539 781 2563 ex
801 2539 938 2564 eorum
956 2526 1199 2565 sermonibus
1221 2527 1391 2565 adducor
1411 2537 1455 2566 ut
1475 2528 1638 2581 sperem,
1669 2543 1779 2581 agam
1807 2542 1876 2581 per
1903 2541 1966 2566 me
