2351 2997
593 250 641 288 88
936 253 1613 294 EPISTOLARUM

591 351 755 388 minime
777 352 1030 402 prudentium
1050 353 1210 390 consilio
1232 363 1416 399 uteretur,
1447 368 1539 393 eum
1566 356 1687 408 magis
1709 369 1961 396 communem

591 416 789 453 censemus
812 416 851 452 in
873 417 1032 453 victoria
1051 416 1229 454 futurum
1252 417 1375 462 fuiffe,
1408 433 1524 470 quam
1550 422 1706 460 incertis
1728 423 1840 461 rebus
1862 423 1959 461 fuis-

590 479 644 516 set
662 481 675 516 ,Ρ
707 488 745 516 et
774 480 843 530 qui
875 493 945 516 nec
968 489 1004 516 te
1025 481 1181 518 consule
1202 491 1316 519 tuum
1337 482 1655 534 sapientiffimum
1675 488 1881 525 confilium
1902 487 1959 525 se-

589 553 703 580 cutus
725 543 827 587 effer,
860 557 930 580 nec
960 543 1075 581 fratre
1105 555 1172 582 tuo
1201 545 1446 584 consulatum
1475 561 1522 585 ex
1551 550 1774 588 au&oritate
1803 560 1868 588 tua
1891 565 1960 602 ge-

589 618 709 652 rente,
741 609 850 646 vobis
883 610 1104 647 auctoribus
1137 611 1195 647 uti
1226 612 1406 656 voluerit,
1444 626 1548 650 nunc
1582 615 1714 652 omnia
1747 625 1958 660 tenentem,

588 673 730 710 nostras
752 673 957 711 sententias
979 675 1279 713 defideraturum
1300 677 1427 714 censes
1449 677 1587 715 fuiffe?
1613 680 1758 716 Omnia
1778 680 1866 717 sunt
1881 682 1960 718 mi-

587 736 663 774 sera
685 738 724 774 in
747 737 859 775 bellis
881 739 1063 776 civilibus
1083 755 1091 777 ε
1124 753 1208 791 quae
1230 742 1391 792 majores
1413 742 1544 786 nostri,
1568 757 1614 780 ne
1635 743 1749 781 semel
1772 744 1958 796 quidem3

587 801 712 838 nostra
732 812 818 840 aetas
840 803 934 854 saepe
949 805 1031 854 jam
1052 804 1176 842 senfit.
1211 806 1282 842 Sed
1302 806 1477 843 miserius
1500 806 1615 851 nihil,
1638 821 1755 859 quam
1776 809 1855 860 ipsa
1874 809 1959 846 vic-

586 868 709 904 toria:
742 881 826 919 quae
857 869 1003 906 etiamsi
1035 869 1081 906 ad
1113 870 1292 907 meliores
1325 872 1444 915 venit,
1476 881 1604 910 tamen
1634 887 1696 910 eos
1728 873 1826 925 ipsos
1852 873 1957 911 fero-

585 933 707 969 ciores
742 934 1112 986 impotentioresque
1146 935 1298 979 reddit;
1332 945 1375 973 ut
1406 937 1552 974 etiamsi
1587 946 1721 975 natura
1752 938 1845 975 tales
1878 952 1957 976 non

585 996 673 1041 fint,
705 998 920 1035 neceffitate
941 998 1011 1036 effe
1032 1009 1234 1049 cogantur.
1279 999 1413 1037 Multa
1432 1001 1536 1038 enim
1557 1002 1708 1046 viciosi,
1740 1015 1875 1039 eorum
1895 1016 1957 1040 ar-

585 1061 703 1098 bitrio
724 1075 791 1113 per
811 1075 908 1114 quos
937 1063 1046 1107 vicit,
1078 1064 1195 1101 etiam
1228 1064 1353 1101 invito
1380 1064 1554 1102 facienda
1584 1066 1684 1104 sunt.
1729 1068 1792 1104 An
1816 1076 1856 1104 tu
1879 1081 1957 1105 non

584 1126 739 1164 videbas
761 1140 917 1165 mecum
939 1127 1066 1172 simul,
1099 1141 1217 1180 quam
1238 1129 1305 1166 illa
1324 1130 1491 1168 crudelis
1512 1131 1601 1169 effet
1621 1130 1752 1169 futura
1771 1133 1955 1170 victoria?

583 1191 704 1242 igitur
735 1201 829 1229 tunc
861 1205 1018 1244 quoque
1049 1194 1173 1244 patria
1205 1207 1363 1238 careres,
1396 1209 1456 1239 ne,
1489 1210 1574 1247 quae
1606 1197 1743 1241 nolles,
1775 1197 1954 1235 videres?

583 1256 694 1300 Non,
737 1257 889 1309 inquies
909 1272 918 1295 ε
961 1271 1033 1309 ego
1067 1259 1173 1295 enim
1208 1258 1287 1310 ipse
1322 1268 1491 1297 tenerem
1525 1274 1616 1312 opes
1651 1270 1688 1298 et
1723 1262 1955 1313 dignitatem

582 1335 723 1359 meam.
769 1323 824 1359 At
853 1332 931 1359 erat
962 1331 1035 1360 tuae
1064 1323 1235 1367 virtutis,
1266 1325 1304 1361 in
1336 1325 1512 1363 minimis
1539 1334 1620 1363 tuas
1643 1340 1699 1364 res
1720 1340 1876 1379 ponere,
1908 1328 1955 1365 de

583 1387 783 1438 republica
801 1387 1069 1425 vehementius
1091 1389 1275 1427 laborare.
1322 1390 1488 1436 Deinde,
1521 1392 1589 1443 qui
1618 1391 1706 1430 finis
1728 1392 1834 1430 istius
1856 1406 1953 1430 con·

583 1453 654 1490 filii
675 1453 759 1490 est?
792 1466 880 1490 nam
910 1452 1036 1491 adhuc
1065 1463 1103 1491 et
1132 1453 1279 1492 factum
1307 1464 1419 1493 tuum
1440 1457 1639 1508 probatur,
1671 1467 1723 1503 et,
1755 1467 1799 1496 ut
1823 1459 1862 1496 in
1885 1459 1954 1497 tali

582 1531 635 1561 re,
666 1518 791 1562 etiam,
804 1517 961 1556 fortuna
980 1519 1157 1557 laudatur
1175 1535 1183 1558 :
1216 1520 1377 1565 factum,
1404 1522 1509 1575 quod
1529 1531 1566 1559 et
1587 1523 1746 1561 initium
1768 1524 1862 1561 belli
1884 1538 1953 1562 ne—

579 1582 734 1620 ceffario
755 1583 906 1621 secutus
927 1584 988 1628 slS,
1006 1593 1043 1621 et
1063 1594 1234 1623 extrema
1253 1585 1440 1637 sapienter
1460 1587 1635 1639 persequi
1656 1589 1846 1634 nolueris3
1869 1589 1952 1626 for-

579 1656 687 1692 tuna,
719 1648 824 1699 quod
851 1647 1012 1686 honesto
1041 1651 1122 1687 otio
1152 1652 1320 1688 tenueris
1341 1660 1378 1688 et
1398 1651 1538 1689 statum
1558 1661 1596 1690 et
1616 1652 1760 1691 famam
1780 1654 1951 1706 dignita-

579 1713 629 1749 tis
651 1722 738 1750 tuae.
784 1714 904 1750 Nunc
925 1727 1014 1751 vero
1028 1713 1105 1751 ¹nec
1132 1714 1240 1753 locus
1264 1716 1336 1753 tibi
1357 1716 1460 1754 ullus
1483 1717 1635 1755 dulcior
1655 1718 1725 1755 effe
1746 1718 1861 1757 debet
1880 1733 1950 1771 pa-

580 1777 677 1821 tria;
711 1791 781 1814 nec
811 1791 895 1814 eam
925 1778 1086 1830 diligere
1116 1781 1246 1817 minus
1268 1780 1397 1825 debes,
1430 1781 1535 1832 quod
1556 1781 1769 1820 deformior
1787 1783 1853 1828 est,
1885 1784 1948 1822 sed

578 1842 748 1879 misereri
768 1843 914 1894 potius,
947 1856 1017 1880 nec
1049 1857 1132 1880 eam
1161 1844 1297 1881 multis
1330 1845 1442 1882 claris
1463 1846 1554 1883 viris
1584 1846 1772 1892 orbatam,
1803 1848 1951 1900 privare

577 1907 695 1943 etiam
716 1907 868 1958 aspectu
890 1916 971 1945 tuo.
1006 1908 1203 1960 Denique,
1236 1910 1261 1946 fi
1282 1908 1359 1947 fuit
1379 1911 1511 1962 magni
1531 1911 1652 1949 animi
1673 1926 1750 1949 non
1772 1913 1836 1950 iffe
1856 1913 1948 1965 sup-

576 1972 722 2024 plicem
743 1972 906 2015 victori3
930 1972 1030 2016 vide,
1054 1986 1100 2010 ne
1121 1973 1274 2026 superbi
1296 1975 1354 2019 fit,
1376 1975 1564 2027 aspernari
1585 1977 1754 2028 ejusdem
1776 1978 1948 2016 liberali-

578 2046 724 2074 tatem:
757 2046 809 2081 et,
842 2037 866 2073 fi
898 2037 1076 2089 sapientis
1107 2038 1159 2075 est
1189 2053 1312 2077 carere
1339 2041 1475 2091 patria,
1507 2041 1593 2078 duri
1614 2055 1692 2080 non
1713 2042 1946 2082 defiderare:

576 2111 628 2146 et,
660 2102 686 2138 fi
707 2101 906 2152 republica
925 2115 1003 2139 non
1026 2103 1137 2154 poffis
1158 2103 1251 2148 frui,
1283 2104 1444 2142 stultum
1469 2105 1521 2142 est
1542 2106 1647 2144 nolle
1665 2107 1826 2159 privata.
1871 2110 1949 2146 Ca-

577 2176 648 2219 put
668 2167 719 2204 est
740 2167 854 2211 illud,
887 2176 944 2211 ut,
976 2168 1002 2204 fi
1024 2168 1090 2204 ista
1111 2169 1189 2206 vita
1209 2170 1282 2206 tibi
1303 2171 1548 2208 commodior
1568 2171 1639 2208 effe
1660 2172 1847 2217 videatur,
1878 2188 1947 2211 co-

575 2232 781 2283 gitandum
811 2241 940 2269 tamen
970 2233 1028 2277 fit,
1061 2247 1107 2270 ne
1138 2235 1258 2271 tutior
1285 2249 1363 2272 non
1385 2236 1442 2273 fit.
1490 2237 1638 2288 Magna
1656 2237 1874 2288 gladiorum
1896 2240 1948 2276 est

575 2297 756 2334 licentia:
779 2296 843 2334 sed
863 2297 902 2334 in
924 2298 1093 2336 externis
1114 2298 1211 2336 loeis
1232 2300 1363 2337 minor
1382 2301 1499 2337 etiam
1520 2301 1565 2338 ad
1586 2301 1737 2339 facinus
1759 2317 1946 2341 verecun-

575 2362 651 2399 dia.
697 2360 806 2399 Mihi
827 2361 924 2398 salus
947 2371 1012 2399 tua
1033 2372 1146 2400 tantae
1167 2377 1266 2402 curae
1287 2365 1353 2409 est,
1385 2374 1429 2402 ut
1450 2365 1643 2404 Marcello
1663 2366 1772 2404 fratri
1793 2377 1861 2406 tuo
1881 2378 1947 2406 aut

574 2440 655 2479 par,
676 2435 742 2464 aut
761 2436 863 2464 certe
883 2428 1102 2478 proximus,
1124 2429 1207 2467 fim.
1239 2430 1376 2467 Tuum
1396 2429 1449 2467 est
1469 2431 1667 2469 consulere
1687 2433 1942 2485 temporibu5‚

572 2502 612 2530 et
631 2491 911 2538 incolumitati,
942 2501 980 2532 et
1000 2493 1103 2539 vitae,
1133 2502 1172 2533 et
1190 2494 1359 2533 fortunis
1382 2495 1474 2533 tuis.
1508 2496 1617 2535 Vale.
