2351 2997
575 247 654 285 394
922 237 1606 276 EPISTOLARUM

575 341 619 370 ut
645 342 769 385 potes.
821 335 1096 374 Honestiffime
1115 335 1302 381 viximus,
1334 336 1537 375 floruimus
1557 351 1566 376 :
1599 350 1678 375 non
1697 336 1840 376 vitium
1861 339 1954 377 nos-

576 406 696 443 trum,
719 399 780 436 sed
801 400 923 437 virtus
945 399 1084 445 nostra,
1107 413 1176 437 nos
1197 400 1338 438 afflixit
1356 415 1364 438 :
1387 410 1592 452 peccatum
1614 402 1667 439 est
1686 403 1858 448 nullum,
1882 404 1953 441 nifi

575 463 681 514 quod
702 477 780 500 non
803 477 878 501 una
897 464 1068 500 animam
1089 477 1181 501 cum
1201 466 1439 502 ornamentis
1460 466 1672 505 amifimus.
1710 468 1796 513 Sed,
1827 468 1854 505 fi
1874 467 1951 506 hoc

574 527 652 564 fuit
682 527 814 564 liberis
841 527 978 564 nostris
1010 528 1156 579 gratius
1184 541 1254 565 nos
1285 528 1426 574 vivere,
1457 537 1606 574 caetera‚
1637 544 1860 584 quanquam
1890 532 1950 569 fe·-

575 592 691 628 renda
711 605 790 629 non
810 591 913 635 sunt,
944 591 1130 630 feramus.
1162 594 1295 645 Atque
1314 607 1387 645 ego
1407 594 1476 646 qui
1498 602 1535 632 te
1555 595 1761 641 confirmo,
1791 597 1870 648 ipse
1889 611 1953 635 me

575 670 653 692 non
674 656 840 707 pofl‘um.
874 657 1061 695 Clodium
1084 657 1351 704 Philetaerum‚
1378 659 1485 711 quod
1504 659 1726 697 valetudine
1745 662 1953 700 oculorum

574 721 875 772 impediebatur,
896 721 1101 760 hominem
1122 722 1293 768 fidelem,
1316 724 1457 762 remisi.
1491 725 1690 763 Sallustius
1711 726 1843 764 officio
1863 727 1952 765 vin-

575 795 637 823 cet
657 799 807 824 omnes.
860 786 1092 824 Pescennius
1114 787 1166 824 est
1186 788 1467 839 perbenevolus
1489 789 1631 834 nobis,
1664 803 1782 841 quem
1804 791 1953 843 semper

576 850 684 902 spero
706 851 763 887 tui
784 849 867 887 fore
887 851 1169 889 observantem.
1217 852 1325 889 Sicca
1345 852 1493 890 dixerat
1514 853 1550 890 se
1570 866 1727 891 mecum
1747 854 1857 900 fore;
1889 856 1953 893 sed

576 915 793 952 Brundufio
814 915 990 953 disceffit.
1025 917 1142 960 Cura,
1174 916 1301 967 quoad
1322 926 1447 968 potes,
1479 927 1523 955 ut
1542 919 1690 963 valeas3
1722 928 1760 956 et
1781 920 1830 957 fic
1850 919 1952 958 exis-

575 980 705 1024 times,
736 993 799 1016 me
828 979 1096 1018 vehementius
1128 989 1193 1018 tua
1223 981 1387 1026 miseria,
1419 995 1536 1033 quam
1565 995 1665 1026 mea,
1696 986 1950 1023 commoveri.

576 1044 669 1081 Mea
689 1044 889 1089 Terentia,
920 1044 1099 1082 fidiffima
1127 1054 1243 1098 atque
1273 1046 1422 1098 optima
1449 1060 1561 1091 uxor,
1592 1056 1630 1084 et
1656 1060 1742 1084 mea
1767 1048 1955 1086 cariffima

575 1109 710 1153 filiola,
741 1118 779 1146 et
801 1109 882 1161 spes
904 1110 1052 1162 reliqua
1079 1110 1205 1149 nostra
1232 1111 1386 1156 Cicero,
1418 1112 1555 1151 valete.
1601 1111 1731 1150 Pridie
1760 1113 1953 1152 Kalendas

575 1175 715 1213 Maias.
747 1175 979 1214 Brundufio.

658 1377 723 1415 M.
755 1377 808 1414 T.
842 1377 891 1414 C.
923 1377 1188 1415 TERENTIAE
1232 1389 1291 1415 ET
1333 1379 1481 1416 TULL.
1525 1390 1618 1416 sms
1665 1380 1702 1418 S.
1735 1380 1781 1418 P.
1813 1381 1868 1419 D.

578 1505 628 1542 V.
654 1504 735 1574 SI
770 1511 813 1541 tu
845 1512 883 1541 et
914 1504 1052 1541 Tullia
1081 1504 1151 1542 lux
1185 1504 1311 1542 nostra
1343 1505 1493 1549 valetis,
1535 1518 1607 1556 ego
1641 1515 1678 1543 et
1712 1506 1950 1545 suaviffimus

732 1569 872 1606 Cicero
898 1569 1085 1608 valemus.
1132 1570 1262 1607 Pridie
1294 1570 1386 1607 Idus
1416 1570 1606 1607 oetobres
1631 1571 1809 1609 'Athenas
1841 1573 1951 1609 veni³

576 1648 679 1679 mus,
705 1648 796 1672 cum
819 1633 903 1670 sane
923 1633 1085 1671 adversls
1104 1635 1228 1672 ventis
1250 1635 1304 1672 ufi
1326 1634 1501 1680 essemus,
1534 1635 1717 1688 tardeque
1737 1646 1774 1674 et
1795 1637 1951 1674 incom-

576 1701 691 1738 mode
712 1699 1003 1750 navigassemus.
1050 1701 1112 1737 De
1141 1714 1235 1738 nave
1264 1700 1497 1738 exeuntibus
1528 1701 1641 1739 nobis
1670 1702 1830 1740 Acastus
1860 1716 1952 1740 cum

576 1765 698 1802 literis
729 1763 862 1816 praesto
889 1763 965 1801 fuit
994 1779 1072 1802 uno
1098 1774 1136 1802 et
1162 1765 1344 1803 vicelimo
1371 1765 1447 1810 die,
1479 1765 1564 1803 sane
1593 1766 1755 1805 strenue.
1803 1768 1953 1819 Accepi

577 1840 659 1867 tuas
681 1830 824 1873 literas,
847 1829 990 1881 quibus
1012 1830 1205 1874 intellexi,
1228 1840 1264 1868 te
1285 1831 1419 1874 vereri,
1443 1844 1490 1868 ne
1511 1830 1721 1883 superiores
1744 1831 1843 1869 mihi
1865 1832 1952 1869 red-

576 1895 665 1931 ditae
693 1908 769 1931 non
797 1894 928 1931 efl‘ent.
977 1895 1125 1932 Omnes
1156 1895 1243 1932 sunt
1272 1895 1442 1938 redditae,
1475 1895 1843 1948 diligentissimeque
1870 1910 1890 1933 a
1917 1905 1954 1934 te

576 1959 786 2010 perscripta
806 1958 893 1995 sunt
921 1959 1078 2003 omnia,
1111 1959 1229 2010 idque
1257 1959 1356 1996 mihi
1384 1961 1641 2011 gratiffimum
1674 1960 1765 1999 fuit.
1811 1962 1953 2012 Neque

577 2024 661 2061 sum
681 2024 906 2067 admiratus,
938 2023 1037 2060 hanc
1058 2023 1272 2075 epistolam,
1305 2037 1422 2075 quam
1444 2025 1604 2062 Acastus
1625 2026 1773 2069 attulit,
1796 2026 1953 2063 brevem

578 2089 687 2126 fuifl'e
707 2104 715 2125 :
742 2090 825 2139 jam
846 2089 952 2125 enim
973 2102 1033 2125 me
1056 2089 1182 2140 ipsum
1203 2091 1393 2140 expectaS,
1426 2090 1499 2126 five
1527 2102 1595 2127 nos
1623 2090 1739 2141 ipsos,
1771 2091 1840 2142 qui
1860 2092 1952 2143 qui-

578 2155 667 2191 dem
701 2167 818 2205 quam
851 2154 1023 2205 primum
1056 2154 1101 2190 ad
1133 2167 1199 2191 vos
1231 2156 1359 2192 venire
1394 2155 1626 2206 cupiamus3
1662 2156 1728 2193 etsi
1760 2156 1800 2193 in
1834 2170 1953 2208 quam

578 2219 863 2270 rempublicam
884 2218 1077 2262 venimus,
1109 2219 1303 2270 intelligo.
1340 2220 1519 2270 Cognovi
1539 2220 1645 2257 enim
1667 2234 1714 2257 ex
1734 2221 1953 2259 multorum

578 2286 793 2322 amicorum
814 2284 951 2328 literis,
982 2297 1076 2335 quas
1098 2284 1230 2322 attulit
1251 2285 1426 2329 Acastus,
1459 2285 1504 2322 ad
1525 2299 1628 2323 arma
1648 2299 1729 2323 rem
1756 2286 1948 2337 spectare3

578 2343 621 2387 iit
655 2349 769 2393 mihi,
801 2363 892 2386 cum
924 2363 1077 2394 venero,
1109 2349 1342 2387 diffimulare
1375 2363 1452 2387 non
1488 2351 1615 2395 liceat,
1647 2351 1742 2401 quid
1773 2351 1948 2390 sentiam.

580 2414 665 2458 Sed,
697 2414 852 2465 quando
882 2413 1078 2451 subeunda
1107 2413 1264 2451 fortuna
1292 2414 1358 2458 est,
1391 2428 1436 2451 eo
1457 2415 1572 2452 citius
1595 2415 1773 2452 dabimus
1795 2429 1951 2468 operam

581 2489 622 2518 ut
654 2481 867 2523 veniamus,
899 2493 977 2533 quo
998 2479 1151 2517 facilius
1173 2479 1219 2517 de
1241 2488 1321 2517 tota
1340 2493 1378 2518 re
1399 2479 1671 2520 deliberemus.
1718 2482 1784 2519 Tu
1816 2481 1949 2525 velim,
