2351 2997
572 256 664 294 AD
723 225 1191 297 FAMILIARES
1252 261 1382 300 LIB.
1436 263 1553 302 XIII.

1681 282 1752 319 351

371 349 530 390 fortuna
551 353 729 391 timidius
752 363 883 392 tecum
904 356 1127 408 agebamus,
1160 368 1347 404 verentes,
1381 374 1428 398 ne
1449 362 1545 414 quid
1566 364 1757 404 accideret

371 417 577 469 ejusmodi,
610 427 654 456 ut
675 433 722 456 ne
744 428 785 457 tu
807 420 969 472 quidem
989 422 1135 460 mederi
1163 424 1313 476 poffes,
1346 426 1543 478 explorata
1563 443 1653 467 vero
1673 432 1755 482 ejus

372 482 660 527 incolumitate,
691 485 824 522 omnia
855 499 875 522 a
904 495 941 523 te
973 486 1097 524 studia
1128 487 1279 526 summa
1305 503 1396 527 cura
1425 501 1530 543 peto.
1578 495 1677 546 Qae
1709 509 1757 533 ne

372 547 521 598 singula
540 562 780 595 enumerem,
801 559 923 588 totam
945 551 1017 589 tibi
1040 552 1204 591 domum
1225 557 1475 595 commendo,
1512 559 1556 595 In
1578 558 1639 597 his
1661 561 1754 597 ado-

371 611 582 650 lescentem
613 613 742 652 filium
774 616 871 667 ejus,
903 628 1022 668 quern
1054 619 1102 655 C.
1126 617 1346 657 Memmius
1379 617 1600 668 Gemellus,
1632 625 1753 663 cliens

371 691 497 723 meus,
529 692 621 716 cum
642 680 682 716 in
704 681 923 718 calamitate
943 682 1053 719 exilii
1078 683 1135 720 sui
1166 684 1354 722 Patrensis
1376 687 1471 724 civis
1499 687 1621 727 factus
1649 691 1753 735 effer,

370 742 613 780 Patrensium
648 743 801 795 legibus
836 745 1073 797 adoptavit,
1096 756 1145 785 ut
1173 749 1255 800 ejus
1288 749 1405 801 ipsius
1436 750 1661 791 hereditatis
1687 756 1754 807 jus

370 806 601 860 causamque
623 817 765 847 tueare.
799 811 930 863 Caput
950 811 1050 849 illud
1070 812 1138 857 est,
1165 822 1208 851 ut
1229 815 1439 866 Lysonem,
1461 830 1580 868 quem
1601 832 1673 870 ego
1693 821 1765 857 vi-2

370 885 458 910 rum
479 874 679 925 optimum
699 875 1036 929 gratissimumque
1057 880 1239 930 cognovi,
1258 881 1420 933 recipias
1442 881 1482 919 in
1504 884 1754 923 neceffitudi-

370 952 460 976 nem
482 949 604 978 tuam.
638 941 758 992 Qod
779 942 805 979 fi
826 941 979 988 feceris,
1011 957 1089 982 non
1112 945 1266 991 dubito,
1289 947 1386 998 quin
1407 948 1448 985 in
1470 962 1515 986 eo
1536 950 1752 1002 diligendo,

370 1006 594 1059 caeterisque
624 1008 752 1059 postea
778 1010 1105 1056 commendando,
1137 1012 1257 1058 idem,
1289 1014 1395 1066 quod
1421 1028 1508 1066 ego,
1540 1016 1585 1054 fis
1608 1018 1753 1069 judicii

369 1080 408 1108 et
435 1071 648 1111 voluntatis
679 1073 900 1115 habiturus.
947 1077 1067 1128 Qod
1093 1091 1186 1115 cum
1213 1078 1296 1117 fieri
1325 1079 1575 1120 vehementer
1603 1083 1751 1130 studeo,

369 1146 456 1176 tum
487 1139 604 1178 etiam
633 1140 735 1178 illud
764 1155 910 1188 vereor,
940 1157 1003 1188 ne,
1036 1144 1061 1182 fi
1092 1145 1224 1183 minus
1254 1147 1454 1185 cumulate
1480 1148 1660 1187 videbere
1690 1150 1751 1189 fe-

369 1204 458 1241 ciffe
483 1205 633 1257 aliquid
664 1207 746 1258 ejus
782 1208 905 1253 causa,
936 1223 1000 1247 me
1032 1210 1100 1248 ille
1133 1212 1378 1264 negligenter
1411 1213 1592 1266 scripsisse
1622 1226 1750 1268 putet,

367 1281 447 1306 non
470 1278 506 1307 te
527 1270 699 1308 oblitum
719 1273 812 1311 mei.
851 1275 1000 1325 Qanti
1021 1275 1128 1312 enim
1147 1289 1211 1314 me
1230 1277 1390 1324 faceres,
1421 1292 1514 1317 cum
1534 1294 1582 1318 ex
1603 1280 1750 1319 sermo-

367 1333 484 1371 nibus
519 1335 761 1386 quotidianis
795 1339 908 1384 meis,
939 1348 1027 1378 tum
1060 1354 1107 1379 ex
1139 1342 1311 1394 epistolis
1345 1344 1463 1382 etiam
1495 1345 1588 1391 tuis,
1619 1348 1763 1399 potuit*

368 1400 627 1452 cognoscere..
646 1402 757 1442 Vale⁰

750 1604 991 1644 CICERO
1043 1607 1274 1647 SERVIO
1325 1611 1362 1648 S,

366 1728 460 1767 XX.
485 1728 591 1801 AS
607 1731 640 1769 C
655 1732 689 1769 L
702 1732 738 1769 A
752 1732 781 1769 P
794 1733 830 1770 O
847 1733 888 1771 N
903 1734 936 1771 E
968 1734 1152 1781 Patrensi,
1184 1737 1354 1783 medico,
1385 1740 1604 1778 utorvalde
1628 1741 1748 1781 fami-

593 1796 764 1843 liariter;
788 1799 947 1851 ejusque
966 1814 1059 1838 cum
1080 1802 1320 1842 consuetudo
1341 1803 1442 1842 mihi
1457 1807 1634 1857 jucunda
1652 1807 1746 1854 fuit,

365 1868 451 1897 tum
472 1873 530 1898 ars
551 1862 684 1908 etiam,
716 1877 835 1915 quam
855 1865 941 1903 sum
961 1876 1143 1918 expertus
1165 1869 1206 1906 in
1227 1869 1448 1908 valetudine
1468 1885 1662 1911 meorum.
1700 1875 1765 1911 Iri,

364 1938 442 1977 qua
460 1924 562 1964 mihi
583 1941 675 1965 curn
695 1929 777 1981 ipsa
796 1929 968 1977 scientia,
1001 1941 1087 1971 tum
1108 1934 1227 1971 etiarn
1247 1934 1435 1975 fidelitate
1455 1937 1747 1976 benevolentia-

358 2004 454 2041 que,
487 1990 688 2030 satisfecit.
732 1993 856 2033 Hunc
876 1996 998 2048 igitur
1019 1998 1093 2035 tibi
1114 2000 1378 2046 commendo,
1411 2011 1449 2039 et
1469 2016 1489 2039 a
1510 2012 1546 2040 te
1566 2013 1672 2055 peto,
1705 2013 1748 2042 ut

364 2054 430 2091 des
450 2068 622 2107 operam,
653 2066 697 2095 ut
716 2058 929 2111 intelligat,
957 2062 1167 2114 diligenter
1187 2078 1250 2103 me
1270 2066 1452 2119 scripsisse
1473 2067 1518 2105 de
1540 2068 1627 2114 sese,
1660 2083 1745 2106 me-

362 2133 504 2172 amque
524 2122 907 2163 commendationem
929 2126 1014 2165 usui
1034 2141 1178 2182 magno
1198 2130 1269 2170 fibi
1289 2131 1414 2172 fuisse,
1465 2134 1553 2172 Erit
1579 2134 1620 2172 id
1646 2133 1747 2173 mihi

362 2183 613 2227 vehementer
631 2197 803 2241 gratum,
835 2191 946 2231 Vale,
1233 2189 1236 2192 ⁴
