2351 2997
626 284 718 322 AD
778 275 1242 318 FAMILIARES
1303 274 1434 311 LIB.
1486 273 1581 310 VII.
1725 284 1796 323 179

423 383 567 423 nedum
589 382 723 420 Patrae.
770 379 892 417 Nune
922 383 1057 414 contra
1085 383 1124 411 et
1153 372 1286 410 vidiffe
1315 370 1416 409 mihi
1445 368 1619 407 multum
1641 367 1798 411 videris,

423 464 530 494 cum,
561 459 680 500 prope
701 442 906 496 desperatis
928 441 989 479 his
1012 440 1141 484 rebus,
1174 447 1210 475 te
1238 439 1278 475 in
1301 436 1494 474 Graeciam
1515 432 1730 476 contulisti,
1763 441 1801 469 et

422 514 498 552 hoc
534 522 708 564 tempore
742 523 820 547 non
855 508 981 551 solum
1016 506 1178 557 sapiens,
1211 503 1279 555 qui
1314 501 1408 539 hinc
1443 500 1554 544 abfis,
1586 498 1647 536 sed
1682 498 1800 535 etiam

425 580 572 617 beatus.
620 578 858 628 Qanquam
884 574 987 626 quis,
1019 572 1087 623 qui
1114 569 1263 622 aliquid
1285 569 1416 620 sapiat,
1450 579 1554 604 nunc
1575 565 1646 603 effe
1668 565 1802 601 beatus

422 644 577 698 potest?
611 643 698 687 Sed,
730 641 835 694 quod
858 650 915 684 tu,
949 639 1012 676 cui
1034 637 1191 679 licebat,
1223 634 1388 687 pedibus
1415 646 1453 670 es
1481 631 1727 675 consecutus,
1760 639 1803 666 ut

422 712 480 749 ibi
501 710 605 755 effes,
637 708 699 747 ubi
716 722 777 746 nec
797 705 1047 758 Pelopidarum
1072 733 1079 740 .
1103 733 1111 740 .
1134 733 1142 739 .
1167 701 1264 738 nosti
1286 709 1446 742 caete1·a;
1480 711 1548 734 nos
1577 697 1681 734 idem
1710 709 1801 747 pro-

424 776 637 830 pemodum
658 773 934 824 consequimur
953 771 1027 808 alia
1046 769 1207 806 ratione.
1239 767 1344 803 Cum
1365 765 1470 802 enim
1493 763 1714 800 salutationi
1736 775 1805 799 nos

426 842 604 880 dedimus
625 840 871 881 amicorum3
904 850 989 888 quae
1012 834 1054 872 fit
1075 833 1151 870 hoc
1172 832 1290 869 etiam
1310 829 1570 881 frequentius,
1602 841 1720 880 quam
1743 827 1802 863 so-

426 908 544 952 lebat,
576 905 696 958 quod‚
728 903 832 956 quasi
853 915 963 939 avem
983 901 1127 943 albam,
1159 897 1340 935 videntur
1367 896 1464 933 bene
1495 894 1724 932 sentientem
1747 894 1804 929 ci-

426 987 514 1010 vem
541 971 697 1014 videre;
730 968 829 1005 abdo
859 980 922 1005 me
951 966 990 1003 in
1023 962 1321 1002 bibliothecam.
1369 962 1505 1012 Itaque
1535 973 1649 1011 opera
1679 958 1808 996 efficio

428 1047 546 1081 tanta,
579 1044 722 1088 quanta
742 1032 893 1071 fortaffe
915 1041 957 1069 tu
979 1030 1131 1068 senties.
1171 1027 1355 1066 Intellexi
1375 1027 1482 1063 enim
1503 1039 1550 1062 ex
1572 1035 1640 1061 tuo
1661 1024 1807 1061 sermo-

429 1117 476 1141 ne
497 1101 682 1154 quodam,
708 1113 800 1137 cum
821 1095 948 1135 meain
968 1095 1193 1134 moestitiam
1214 1103 1251 1131 et
1273 1092 1578 1144 desperationem
1599 1089 1808 1132 accusares,

429 1168 538 1206 domi
559 1176 634 1204 tuae
655 1165 782 1202 dicere
803 1173 854 1208 te,
885 1176 933 1200 ex
962 1162 1059 1200 meis
1090 1160 1201 1198 libris
1231 1159 1408 1196 animum
1430 1169 1564 1194 meum
1585 1155 1808 1192 desiderare.

430 1233 502 1272 Sed
522 1230 746 1270 mehercule
766 1239 804 1267 et
825 1239 911 1267 tum
932 1226 1218 1279 rempublicam
1248 1224 1447 1276 lugebam,
1478 1235 1563 1274 quae
1584 1234 1662 1259 non
1684 1220 1811 1258 solum

429 1300 505 1338 suis
526 1311 616 1350 erga
634 1310 712 1342 me,
743 1295 806 1333 sed
832 1296 950 1333 etiam
977 1294 1074 1331 meis
1101 1305 1191 1344 erga
1216 1291 1266 1335 se,
1299 1288 1498 1327 beneficiis
1524 1296 1603 1325 erat
1623 1285 1725 1324 mihi
1745 1299 1811 1323 ca·-

430 1366 534 1408 rior;
567 1371 606 1400 et
635 1361 712 1400 hoc
741 1370 930 1413 tempore,
962 1371 1188 1411 quanquam
1218 1370 1281 1394 me
1306 1369 1385 1393 non
1406 1354 1503 1392 ratio
1525 1353 1650 1390 solum
1671 1351 1811 1389 conso-

429 1431 545 1474 latur,
576 1442 662 1480 quae
682 1427 902 1480 plurimum
923 1424 1038 1462 debet
1058 1423 1196 1467 valere,
1229 1421 1292 1459 sed
1311 1421 1428 1459 etiam
1450 1419 1546 1464 dies,
1577 1432 1663 1471 quae
1684 1417 1812 1455 stultis

430 1508 587 1548 quoque
608 1493 755 1532 mederi
785 1491 881 1530 solet
897 1510 908 1537 5
941 1500 1072 1529 tamen
1102 1488 1231 1532 doleo,
1262 1487 1316 1525 ita
1345 1500 1427 1524 rem
1457 1497 1713 1523 communem
1742 1482 1814 1521 effe

431 1559 633 1612 dilapsam,
665 1567 723 1603 ut,
756 1571 803 1595 ne
830 1557 912 1610 spes
942 1555 1118 1609 quidem,
1149 1552 1291 1591 melius
1321 1550 1531 1604 aliquando
1561 1548 1659 1593 fore,
1691 1548 1812 1585 relin-

432 1635 588 1679 quatur.
635 1625 722 1663 Nec
749 1637 839 1661 vero
867 1636 972 1660 nunc
1000 1620 1161 1673 quidem
1183 1618 1299 1670 culpa
1319 1618 1358 1655 in
1380 1631 1426 1655 eo
1445 1615 1512 1660 est,
1545 1615 1585 1652 in
1606 1615 1719 1666 cujus
1739 1626 1813 1665 po-

433 1692 564 1730 testate
590 1690 723 1728 omnia
749 1689 852 1733 sunt,
886 1688 975 1740 (nisi
1007 1686 1108 1724 forte
1134 1685 1175 1722 id
1207 1683 1335 1736 ipsum
1362 1682 1434 1720 effe
1461 1694 1539 1719 non
1567 1679 1722 1729 debuit)
1752 1677 1816 1716 sed

434 1757 509 1795 alia
527 1755 629 1800 casu,
660 1755 733 1792 alia
753 1755 871 1792 etiam
892 1752 1017 1791 nostra
1037 1751 1167 1802 culpa,
1200 1749 1249 1787 fic
1270 1748 1511 1791 acciderunt,
1546 1754 1589 1783 ut
1609 1745 1656 1782 de
1676 1752 1815 1796 praete-

434 1823 519 1861 ritis
541 1835 620 1860 non
640 1821 686 1859 fit
706 1819 965 1873 querendum.
998 1817 1210 1868 Reliquam
1231 1814 1337 1867 spem
1359 1813 1509 1851 nullam
1530 1810 1658 1849 video.
1686 1810 1817 1860 Qare

434 1889 482 1926 ad
501 1888 626 1940 prima
646 1885 774 1924 redeo.
807 1885 1005 1937 Sapienter
1025 1882 1107 1921 haec
1130 1879 1334 1932 reliquisti,
1366 1879 1392 1917 fi
1413 1877 1599 1921 consili03
1632 1874 1816 1919 feliciter,

435 1954 462 1992 fi
483 1952 584 1991 casu.
617 1951 729 1990 Vale.

681 2151 910 2188 Curuus
949 2149 1012 2187 M.
1047 2149 1352 2185 CICERON1
1389 2157 1490 2182 suo
1532 2144 1570 2181 S.

441 2281 594 2321 XXIX.
618 2279 683 2350 S
691 2279 717 2315 I
739 2277 850 2321 vales,
881 2275 963 2314 bene
994 2274 1051 2326 cst.
1098 2276 1183 2312 Sum
1215 2274 1303 2312 enim
1334 2269 1438 2322 &rimi
1462 2265 1521 2315 μῖγᾶ
1551 2279 1647 2313 tuus,
1678 2263 1768 2310 itm-4
1787 2262 1819 2302 δὲ

685 2342 812 2381 Attici
829 2341 948 2393 nostri.
991 2339 1255 2392 Ergo-frustm
1274 2336 1318 2389 est
1338 2346 1435 2380 tuus,
1465 2334 1677 2387 mancipium
1697 2333 1789 2370 illius
1806 2349 1819 2371 .-

441 2411 533 2466 quod
547 2409 729 2463 quidemst
744 2409 840 2447 inter
844 2408 950 2459 st’nes
979 2404 1239 2458 comptionales
1265 2402 1391 2441 venale
1415 2400 1678 2454 prqshrzpsbrit,
1709 2399 1824 2450 egerit

445 2493 511 2517 non
532 2476 694 2514 multum.
724 2475 784 2513 At
802 2473 864 2512 illa
882 2472 998 2525 nostra
1012 2470 1223 2525 praedicatio
1243 2468 1374 2522 quanti
1389 2467 1434 2519 est
1448 2466 1468 2504 ἓ
1497 2480 1571 2511 nos,
1603 2464 1822 2518 qzmdstmus,

448 2542 541 2598 quod
569 2542 769 2587 habeamus,
800 2539 893 2593 quod
917 2539 1067 2578 homines
1096 2536 1340 2589 exssimemur,
1370 2533 1411 2572 id
1431 2546 1526 2574 omne
1546 2532 1608 2570 abs
1627 2540 1663 2570 te
1683 2529 1819 2568 habere.

1441 2599 1475 2635 Z
1507 2611 1529 2635 2
