2351 2997
649 332 739 368 AD
799 329 1264 367 FAMILIARES
1325 330 1455 368 LIB.
1508 331 1579 370 VI.
1736 348 1808 387 145

429 440 544 476 certa,
560 438 598 468 et
614 439 692 467 rata
708 429 810 474 sunt,
826 443 910 481 quae
925 429 970 467 ad
987 429 1157 467 reditum
1173 439 1210 467 et
1227 430 1272 467 ad
1289 430 1451 469 salutem
1468 440 1575 469 tuam
1592 432 1802 484 pertinent,

428 496 537 540 Vidi,
559 496 740 547 cognovi,
765 495 940 533 interfui.
974 496 1134 533 Etenim
1155 510 1290 534 omnes
1309 497 1465 534 Caesaris
1488 497 1695 535 familiares
1718 498 1804 536 satis

428 570 647 613 opportune
668 560 791 598 habeo
812 561 1034 612 implicatos
1064 561 1343 600 consuetudine
1372 572 1410 600 et
1440 563 1723 608 benevolentia,
1756 564 1805 601 sic

427 634 485 670 ut,
503 640 595 663 cum
612 626 658 663 ab
675 626 745 663 illo
762 625 1010 670 discesserint,
1029 640 1091 663 me
1108 625 1274 664 habeant
1291 628 1531 679 proximum.
1561 629 1652 666 Hoc
1671 629 1804 673 Pansa,

429 691 602 736 Hirtius,
622 692 780 735 Balbus,
800 692 970 743 Oppius,
989 692 1155 736 Matius,
1179 692 1414 737 Postumius,
1432 694 1545 744 plane
1566 695 1619 730 ita
1638 693 1804 739 faciunt,

428 766 472 793 ut
493 770 555 794 me
577 757 690 793 unice
712 756 891 807 diligant.
937 756 1055 806 Qod
1086 756 1111 793 fi
1142 755 1243 793 mihi
1264 770 1331 808 per
1351 771 1414 794 me
1434 758 1685 795 efficiendum
1706 759 1805 797 fuis›·

426 821 495 864 set,
526 834 602 857 non
624 834 686 857 me
708 821 913 871 poeniteret
934 834 1004 872 pro
1026 822 1172 858 ratione
1194 830 1415 873 temporum
1438 822 1491 858 ita
1510 822 1581 859 effe
1602 822 1803 861 molitum.

426 885 499 922 Sed
520 884 620 922 nihil
641 885 693 922 est
710 898 729 922 a
750 899 812 922 me
832 885 1061 922 inservitum
1083 888 1269 937 temporis
1291 886 1423 924 causa:
1448 896 1592 925 veteres
1613 887 1715 925 mihi
1735 903 1804 927 neu¹

426 950 670 987 ceffitudines
706 964 798 987 cum
833 950 894 987 his
929 951 1114 988 omnibus
1154 951 1417 996 intercedunt,
1459 952 1695 1003 quibuscum
1734 968 1807 1005 ego

426 1029 536 1067 agere
558 1016 603 1054 de
624 1026 660 1054 te
681 1029 759 1053 non
778 1016 922 1054 destiti.
970 1017 1195 1068 Principem
1227 1026 1355 1054 tamen
1385 1017 1596 1056 habuimus
1628 1019 1804 1065 Pansam,

426 1082 485 1118 tui
507 1081 833 1126 studiofiffimum,
865 1082 943 1119 mei
963 1081 1168 1134 cupidum,
1201 1084 1269 1134 qui
1292 1083 1432 1120 valeret
1453 1083 1554 1135 apud
1584 1084 1701 1122 illum
1726 1099 1805 1123 non

427 1147 558 1184 minus
584 1148 824 1191 auctoritate,
856 1161 973 1199 quam
994 1149 1128 1199 gratia.
1177 1148 1340 1185 Cimber
1369 1158 1499 1186 autem
1525 1149 1673 1188 Tillius
1703 1150 1807 1188 mihi

427 1212 540 1264 plane
561 1211 760 1250 satisfecit.
805 1213 947 1250 Valent
979 1222 1106 1250 tamen
1137 1212 1238 1265 apud
1266 1213 1453 1251 Caesarem
1476 1228 1553 1251 non
1576 1224 1655 1252 tam
1676 1217 1805 1254 ambi-

427 1277 531 1314 tiosae
552 1277 784 1328 rogationes,
803 1292 921 1329 quam
943 1278 1172 1315 neceffariae:
1196 1292 1314 1329 quam
1336 1280 1427 1330 quia
1444 1280 1607 1317 Cimber
1622 1280 1803 1327 habebat,

426 1343 514 1394 plus
532 1343 668 1386 valuit,
686 1356 804 1394 quam
821 1357 891 1394 pro
908 1343 990 1380 ullo
1007 1343 1082 1380 alio
1099 1343 1222 1380 valere
1239 1344 1433 1395 potuiffet.
1468 1346 1657 1397 Diploma
1676 1346 1804 1385 statim

425 1420 504 1444 non
526 1406 578 1444 est
598 1407 747 1451 datum,
766 1408 871 1459 quod
893 1407 1059 1445 mirifica
1079 1408 1130 1445 est
1153 1409 1382 1460 improbitas
1405 1410 1444 1446 in
1466 1411 1714 1461 quibusdam,
1737 1413 1806 1464 qui

427 1472 600 1510 tuliffent
627 1473 800 1510 acerbius
832 1473 984 1510 veniam
1014 1473 1088 1510 tibi
1119 1472 1213 1517 dari,
1245 1487 1364 1524 quem
1385 1474 1445 1511 illi
1466 1476 1663 1527 appellant
1683 1477 1806 1515 tubam

427 1537 509 1575 belli
524 1538 665 1575 emilis:
689 1538 890 1589 multaque
912 1539 964 1575 ita
985 1539 1136 1583 dicunt,
1160 1539 1262 1590 quali
1285 1554 1362 1577 non
1384 1540 1575 1592 gaudeant
1596 1542 1634 1579 id
1657 1542 1806 1581 bellum

428 1602 615 1640 incidiffe.
649 1605 778 1654 Qare
800 1604 923 1641 visum
944 1604 996 1640 est
1017 1604 1211 1642 occultius
1233 1605 1442 1656 agendum,
1467 1620 1591 1658 neque
1613 1607 1695 1645 ullo
1716 1622 1805 1646 mo-

426 1667 477 1704 do
507 1668 804 1719 divulgandum,
837 1668 882 1705 de
913 1669 1056 1720 tejam
1086 1669 1157 1706 effe
1187 1669 1431 1721 perfectum:
1466 1671 1527 1708 sed
1558 1672 1597 1708 id
1622 1675 1695 1710 erit
1715 1687 1804 1726 per-

428 1732 563 1778 brevi3
596 1747 666 1771 nec
696 1733 850 1778 dubito,
882 1735 992 1785 quin,
1025 1734 1177 1786 legente
1208 1744 1244 1772 te
1268 1735 1335 1773 has
1357 1736 1500 1781 literas,
1532 1737 1806 1791 confed‘cajam

428 1812 485 1836 res
502 1798 639 1836 ‘futura
659 1799 717 1837 fit.
751 1799 869 1837 Pansa
890 1799 1049 1851 quidem
1071 1799 1186 1845 mibi,
1215 1802 1340 1852 gravis
1362 1801 1482 1839 horno
1503 1811 1540 1840 et
1561 1813 1703 1849 certus,
1727 1819 1806 1843 non

428 1864 554 1901 solum
575 1864 836 1909 confirmavit,
868 1879 1002 1903 verum
1024 1865 1140 1903 etiam
1166 1867 1326 1918 recepit,
1357 1868 1603 1919 perceleriter
1631 1870 1667 1907 se
1696 1871 1804 1908 abla-

428 1938 562 1966 turum
583 1929 770 1980 diploma.
803 1928 912 1966 Mihi
935 1938 1062 1967 tamen
1084 1930 1233 1982 placuit
1253 1930 1335 1968 haec
1356 1932 1401 1968 ad
1424 1942 1459 1969 te
1480 1934 1665 1985 perscribi
1684 1950 1693 1973 :
1726 1937 1804 1974 mi-

425 2007 499 2032 nus
527 1994 633 2032 enim
664 2004 700 2032 te
730 1994 890 2033 firmum
912 1995 1035 2033 sermo
1057 1996 1231 2048 Epuleiae
1253 2006 1342 2042 tuae,
1374 1998 1631 2052 lacrymaeque
1652 2002 1806 2053 Ampiae

427 2060 687 2105 declarabant,
720 2074 838 2112 quam
865 2061 1082 2113 significant
1113 2072 1186 2100 tuae
1215 2063 1363 2108 literae3
1400 2074 1515 2116 atque
1537 2066 1613 2103 illae
1640 2067 1804 2105 arbitra-

427 2126 584 2170 bantur,
603 2139 695 2163 cum
711 2140 730 2163 a
746 2136 783 2165 te
804 2127 971 2164 abessent
992 2128 1095 2179 ipfie,
1118 2129 1246 2166 multo
1267 2130 1306 2166 in
1328 2131 1502 2181 graviore
1524 2140 1560 2169 te
1581 2146 1672 2171 cura
1691 2132 1804 2172 futu-

428 2204 530 2228 rum.
564 2192 694 2242 Qare
714 2205 857 2243 magno
877 2206 991 2244 opere
1012 2195 1159 2244 putavi,
1178 2195 1330 2245 angoris
1348 2206 1386 2232 et
1407 2195 1550 2235 doloris
1573 2198 1631 2235 tui
1651 2198 1805 2236 levandi

427 2255 551 2300 causa,
581 2270 652 2308 pro
681 2257 796 2294 certis
826 2257 872 2294 ad
903 2267 939 2295 te
968 2271 1023 2303 ea,
1055 2273 1139 2310 quae
1169 2259 1286 2297 effent
1311 2270 1427 2306 certa,
1459 2262 1659 2313 perscribi.
1706 2265 1804 2311 Scis,

426 2335 490 2359 me
519 2330 629 2359 antea
658 2322 708 2360 fic
739 2322 898 2360 solitum
927 2323 999 2362 esse
1028 2324 1192 2362 scribere
1221 2325 1267 2362 ad
1298 2334 1348 2370 te,
1382 2328 1504 2379 magis
1527 2338 1570 2366 ut
1590 2329 1806 2369 consolarer

426 2387 572 2425 fortem
592 2388 726 2429 virum>
740 2398 855 2441 atque
875 2389 1102 2442 sapientem,
1134 2405 1252 2443 quam
1274 2401 1316 2429 ut
1344 2393 1584 2445 exploratam
1610 2395 1716 2448 spem
1746 2397 1803 2434 sa-

428 2453 521 2490 lutis
544 2452 797 2498 ostenderem,
829 2455 898 2492 nifi
918 2469 1037 2507 quam
1057 2456 1104 2493 ab
1125 2456 1205 2508 ipsa
1232 2457 1446 2509 republica,
1478 2473 1569 2497 cum
1599 2459 1664 2497 hic
1693 2461 1805 2500 ardor

427 2517 628 2556 restinctus
649 2517 753 2563 effer,
785 2519 924 2571 sperari
944 2530 1121 2572 oportere
1141 2522 1349 2561 censerem.
1397 2525 1615 2563 Recordare
1645 2534 1726 2563 tuas
1752 2527 1801 2564 li-

427 2593 541 2629 teras,
572 2584 716 2636 quibus
747 2593 785 2622 et
813 2598 1002 2638 magnum
1030 2587 1207 2631 animum
1235 2589 1336 2627 mihi
1357 2589 1506 2641 semper
1526 2591 1735 2635 ostendisti,
1767 2599 1804 2629 et

512 2650 649 2688 TOM.
682 2650 777 2690 VII.
1469 2656 1507 2691 T
