2351 2997
603 277 695 314 AD
754 273 1223 312 FAMILIARES
1283 276 1414 314 LIB.
1463 279 1538 316 ΙΙΙ.
1714 285 1760 321 61

378 374 633 415 convenirent
652 376 664 412 ?
706 374 792 412 Nisi
828 373 930 412 forte
965 375 1092 427 postea
1127 385 1332 428 coeperunt
1368 376 1509 429 legare,
1542 393 1660 431 quam
1695 394 1767 432 ego

379 443 558 479 Taurum
581 440 827 492 transgressus
850 440 934 477 sum
953 458 963 485 ς
997 441 1103 492 quod
1125 450 1228 478 certe
1250 455 1327 479 non
1350 443 1403 480 ita
1423 443 1489 481 est.
1534 446 1639 483 Cum
1661 447 1768 484 enim

379 505 605 551 Laodiceae‚
638 519 730 543 cum
771 507 954 558 Apameae
968 535 978 550 ,
1010 520 1102 544 cum
1139 507 1332 558 Synnadis
1347 538 1358 553 ,
1394 523 1487 547 cum
1528 509 1766 557 Philomeli,

378 584 472 609 cum
506 572 648 616 Iconii,
680 571 809 616 effem,
841 571 986 622 quibus
1020 572 1060 609 in
1093 572 1249 624 oppidis
1282 574 1468 612 omnibus
1501 586 1767 615 commoratus

378 637 479 682 sum,
497 651 633 675 omnes
649 639 732 689 jam
754 637 862 674 istius
884 637 1035 688 generis
1058 637 1271 689 legationes
1293 650 1401 677 erant
1422 641 1656 681 constitutae.
1690 645 1767 681 At-

377 716 455 755 que
475 702 551 740 hoc
574 712 702 740 tamen
732 711 769 739 te
797 702 893 739 scire
918 702 1023 747 volo,
1055 716 1118 740 me
1150 703 1196 740 de
1229 703 1300 741 isto
1333 704 1492 758 sumptu
1526 707 1768 758 legationum

376 776 443 805 aut
463 767 694 811 minuendo,
712 776 778 805 aut
799 767 1052 812 remittendo,
1072 767 1276 806 decrevisse
1298 768 1415 814 nihil,
1439 771 1508 808 nifi
1530 773 1636 824 quod
1656 775 1767 826 prin-

375 833 482 886 cipes
504 834 711 871 civitatum
741 847 761 870 a
788 847 851 870 me
878 833 1155 885 postulassent;
1189 848 1236 871 ne
1266 836 1306 872 in
1337 837 1607 876 venditionem
1637 841 1767 878 tribu-

377 908 509 937 torum
530 908 568 937 et
589 899 699 936 illam
720 900 1002 937 acerbiffimam
1023 901 1266 938 exaffionem
1300 902 1436 953 (quam
1468 912 1511 941 tu
1541 917 1620 942 non
1651 907 1767 958 igno-

376 965 454 1015 ras)
489 965 666 1017 capitum
699 974 816 1017 atque
851 965 1038 1003 ostiorum
1074 956 1355 1005 inducerentur
1387 968 1566 1021 sumptus
1601 972 1769 1011 minIme

376 1031 590 1070 neceffarii.
637 1032 725 1084 Ego
755 1041 903 1077 autem,
935 1046 1027 1070 cum
1048 1031 1124 1070 hoc
1146 1032 1405 1085 suscepiffem,
1438 1049 1517 1073 non
1539 1036 1665 1076 solum
1681 1039 1768 1091 jus-

376 1097 478 1143 titia,
496 1098 559 1135 sed
580 1098 698 1135 etiam
719 1098 998 1143 misericordia,
1016 1098 1220 1144 adduems,
1239 1109 1283 1137 ut
1304 1100 1472 1139 levarem
1492 1103 1655 1142 miseriis
1677 1119 1768 1157 per-

374 1163 476 1201 ditas
497 1163 691 1208 civitates,
724 1172 762 1201 et
794 1163 962 1216 perditas
991 1165 1163 1203 maxime
1189 1178 1257 1217 per
1287 1167 1532 1219 magistratus
1554 1169 1656 1215 suos,
1688 1184 1768 1209 non

377 1229 491 1281 potui
512 1228 552 1266 in
574 1228 645 1266 illo
667 1228 826 1281 sumptu
853 1243 930 1267 non
961 1229 1168 1268 necessario
1198 1232 1401 1284 negligens
1431 1233 1517 1273 effe.
1562 1236 1643 1281 Tu,
1675 1250 1769 1276 cum

375 1293 595 1332 istiusmodi
617 1294 811 1332 sermones
832 1295 878 1332 ad
900 1303 937 1332 te
958 1294 1076 1333 delati
1097 1295 1145 1333 de
1165 1309 1228 1334 me
1249 1297 1352 1342 sunt,
1384 1313 1463 1337 non
1485 1299 1651 1339 debuisti
1681 1316 1766 1341 cre-

376 1359 479 1399 dere.
522 1360 561 1398 Si
581 1369 713 1399 autem
733 1359 810 1399 hoc
830 1374 969 1414 genere
991 1361 1206 1407 delectaris,
1239 1372 1296 1408 ut,
1329 1378 1414 1417 quae
1435 1366 1509 1403 tibi
1531 1367 1570 1404 in
1592 1378 1769 1408 mentem

375 1426 549 1472 veniant,
581 1426 666 1464 aliis
687 1427 891 1473 attribuas,
923 1441 1046 1479 genus
1078 1427 1265 1466 sermonis
1296 1430 1450 1469 inducis
1480 1433 1520 1469 in
1551 1435 1769 1474 amicitiam

375 1493 543 1531 minime
573 1493 747 1532 liberale.
794 1495 896 1546 Ego,
929 1494 955 1532 fi
982 1494 1023 1532 in
1053 1495 1256 1547 provincia
1282 1495 1482 1535 detrahere
1509 1499 1556 1536 de
1581 1509 1646 1538 tua
1666 1500 1771 1540 fama

377 1572 554 1611 unquam
583 1559 824 1611 cogitassem,
856 1573 934 1597 non
957 1560 1004 1597 ad
1027 1574 1217 1612 generum
1239 1570 1354 1600 tuum
1376 1564 1610 1611 Lentulum,
1643 1580 1770 1619 neque

377 1624 424 1662 ad
443 1625 634 1664 libertum
655 1634 771 1663 tuum
789 1625 1011 1671 Brundufii‚
1030 1640 1157 1679 neque
1177 1626 1223 1664 ad
1244 1627 1472 1680 praefectum
1489 1630 1648 1670 fabrum
1665 1634 1768 1671 Cor-

376 1704 490 1742 cyrae,
508 1704 626 1742 quem
648 1691 688 1728 in
710 1691 844 1729 locum
861 1705 924 1729 me
939 1693 1071 1730 venire
1090 1693 1224 1738 velles,
1243 1695 1469 1734 retuliffem.
1495 1699 1625 1749 Qare
1641 1708 1767 1751 potes,

377 1757 603 1795 doctiffimis
625 1755 856 1795 hominibus
878 1758 1117 1804 auftoribus,
1135 1773 1306 1811 quorum
1328 1760 1417 1799 sunt
1437 1762 1484 1800 de
1503 1764 1678 1802 amicitia
1696 1779 1768 1818 ge-

380 1822 497 1859 renda
516 1822 800 1874 praeclarissime
818 1823 950 1876 scripti
972 1824 1079 1869 libri,
1097 1838 1220 1876 genus
1242 1825 1318 1863 hoc
1336 1835 1466 1865 totum
1482 1829 1668 1868 orationis
1687 1831 1767 1869 tol-

375 1889 467 1933 lere,
499 1888 764 1941 Dffjbutabcmn
796 1904 855 1941 ego
874 1899 1001 1928 contra
1020 1890 1219 1943 dzſjbrebam
1236 1906 1248 1929 .·
1280 1893 1480 1939 Dicebant,
1503 1909 1562 1947 ego
1581 1897 1765 1948 negabam.

376 1955 441 1992 An
460 1953 559 1991 mihi
577 1954 624 1991 de
641 1963 678 1991 te
696 1954 796 1993 nihil
813 1955 885 1993 effe
902 1956 1052 1994 dictum
1069 1971 1245 2009 unquam
1262 1968 1373 2010 putas
1391 1960 1404 1996 ?
1428 1973 1475 1998 ne
1491 1960 1567 1999 hoc
1589 1962 1766 2014 quidem,

376 2021 499 2072 quod,
522 2034 614 2058 cum
635 2035 698 2059 me
719 2022 954 2060 Laodiceam
974 2023 1106 2061 venire
1126 2024 1321 2070 voluifl'es,
1339 2027 1521 2065 Taurum
1543 2029 1622 2081 ipse
1643 2031 1767 2068 trans—

377 2086 438 2123 isti
458 2087 470 2123 ?
503 2086 622 2135 Qod
643 2087 781 2126 iisdem
802 2087 939 2126 diebus
962 2103 1071 2127 meus
1092 2100 1309 2129 conventus
1331 2101 1411 2130 erat
1436 2094 1633 2145 Apameae,
1667 2097 1767 2147 Syn-

377 2151 500 2196 nadis,
538 2151 766 2199 Philomeli,
800 2163 889 2193 tuus
921 2156 1062 2193 Tarfi?
1096 2157 1191 2194 Non
1222 2157 1350 2196 dicam
1373 2159 1498 2211 plura,
1530 2175 1592 2206 ne,
1625 2162 1665 2199 in
1688 2177 1768 2215 quo

378 2227 416 2255 te
436 2219 657 2270 objurgem,
691 2219 729 2257 id
750 2220 880 2272 ipsum
901 2221 1031 2259 videar
1051 2222 1211 2261 imitari.
1246 2224 1352 2262 Illud
1373 2224 1518 2271 dicam,
1550 2236 1593 2264 ut
1614 2227 1737 2266 sentio
1756 2244 1764 2267 ε

379 2284 418 2320 Si
439 2283 521 2328 ista,
544 2298 630 2336 quae
651 2285 746 2323 alios
768 2286 878 2339 loqui
901 2286 1014 2332 dicis,
1037 2287 1117 2340 ipse
1138 2288 1270 2334 sentis,
1294 2299 1360 2328 tua
1380 2290 1531 2329 summa
1551 2293 1668 2345 culpa
1688 2293 1765 2338 est;

379 2348 433 2385 fin
455 2357 586 2386 autem
607 2349 673 2386 alii
707 2360 838 2389 tecum
869 2351 952 2390 haec
982 2352 1217 2404 loquuntur,
1250 2364 1316 2392 tua
1337 2365 1481 2402 tamen,
1514 2358 1620 2410 quod
1641 2359 1764 2404 audis,

378 2413 496 2466 culpa
516 2415 707 2452 nonnulla
726 2416 793 2456 est.
841 2418 936 2455 Mea
962 2419 1059 2456 ratio
1087 2419 1127 2457 in
1149 2429 1230 2458 tota
1251 2422 1424 2460 amicitia
1444 2423 1570 2461 nostra
1589 2424 1765 2461 constans

378 2487 416 2516 et
448 2479 573 2530 gravis
608 2481 834 2532 reperietur.
879 2483 1000 2535 Qod
1022 2484 1047 2522 fi
1069 2485 1157 2537 quis
1179 2499 1243 2523 me
1264 2486 1487 2525 astutiorem
1508 2488 1639 2540 fingit,
1671 2488 1767 2539 quid

379 2544 503 2596 potest
533 2544 604 2583 effe
635 2545 831 2593 callidius,
865 2562 999 2601 quam,
1031 2563 1124 2589 cum
1155 2560 1192 2589 te
1222 2552 1421 2591 absentem
1451 2553 1600 2605 semper
1628 2552 1766 2592 defen*-
