2351 2997
648 317 741 354 AD
800 315 1266 355 FAMILIARES
1327 318 1465 357 LIB.·
1510 320 1582 357 IX.
1728 335 1799 362 211

426 413 557 451 otiosis
578 413 854 457 minabantur5
887 421 1044 464 eratque
1071 413 1118 451 iis
1148 422 1186 452 et
1216 423 1282 452 tua
1310 414 1431 454 invisa
1458 417 1637 454 voluntas
1665 425 1703 454 et
1723 431 1808 455 mea

427 479 563 515 oratio.
606 478 727 516 Nunc
748 491 852 522 vero,
885 477 911 515 fi
932 478 1050 516 effent
1071 479 1187 516 nostri
1209 480 1342 532 potiti,
1373 481 1482 519 valde
1504 482 1806 534 intemperantes

426 541 597 580 fuissent.
645 544 766 580 Erant
787 544 893 581 enim
915 544 1027 581 nobis
1049 545 1220 597 perirati,
1252 546 1357 597 quasi
1378 547 1595 598 quidquam
1616 547 1662 584 de
1683 547 1809 585 nostra

427 606 547 644 salute
576 607 885 652 decreviffemus,
916 609 1023 659 quod
1053 622 1130 646 non
1162 610 1266 648 idem
1298 611 1377 648 illis
1407 612 1708 657 censuiffemus3
1740 620 1807 649 aut

426 672 529 723 quasi
551 672 687 710 utilius
718 673 943 725 reipublicae
970 673 1103 718 fuerit,
1136 688 1199 712 eos
1232 676 1350 713 etiam
1377 676 1424 713 ad
1457 677 1662 714 bestiarum
1693 678 1804 714 auxi-

426 737 526 775 lium
547 737 773 789 confugere,
805 751 923 789 quam
944 738 1004 776 vel
1025 740 1163 783 emori,
1190 740 1250 777 vel
1271 754 1364 778 cum
1385 741 1463 793 spe,
1495 742 1520 779 s1
1542 755 1620 779 non
1642 743 1805 794 optima,

426 812 463 840 at
492 803 622 855 aliqua
651 813 795 848 tamen,
827 804 967 841 vivere.
1013 805 1069 842 At
1096 805 1135 842 in
1157 806 1380 857 perturbata
1400 807 1601 859 republica
1620 808 1804 845 vivimus.

427 868 528 919 Qis
560 870 704 919 negat?
737 868 810 906 Sed
839 868 914 906 hoc
946 869 1113 907 viderint
1144 871 1186 916 ii,
1219 872 1287 923 qui
1320 872 1429 909 nulla
1459 873 1530 910 fibi
1565 873 1729 911 subfidia
1762 873 1807 910 ad

426 947 561 972 omnes
583 934 670 971 vitae
692 934 807 972 status
828 944 1072 986 paraverunt.
1110 937 1205 974 Huc
1225 938 1331 975 enim
1354 947 1396 976 ut
1417 939 1604 983 venirem,
1636 939 1808 991 superior

428 999 601 1052 longius,
624 1013 742 1051 quam
763 1000 885 1045 volui,
908 1001 1022 1038 fiuxit
1042 1003 1179 1041 oratio.
1214 1005 1318 1041 Cum
1340 1004 1445 1042 enim
1467 1014 1505 1042 te
1526 1005 1675 1057 semper
1695 1018 1807 1056 mag-

426 1079 524 1102 num
555 1064 760 1103 hominem
789 1065 912 1111 duxi3
946 1075 1032 1104 tum
1062 1068 1168 1118 quod
1198 1067 1259 1106 his
1291 1070 1583 1122 tempestatibus
1619 1084 1656 1108 es
1687 1084 1809 1123 prope

427 1130 529 1167 solus
562 1131 602 1168 in
634 1139 765 1182 portu,
797 1130 1020 1183 fructusque
1048 1132 1231 1171 doctrinae
1252 1135 1420 1187 percipis
1442 1149 1522 1180 eos,
1553 1137 1623 1189 qui
1643 1137 1807 1175 maximi

428 1196 531 1241 sunt,
554 1206 597 1234 ut
617 1210 659 1233 ea
679 1197 907 1242 confideres,
939 1211 1058 1249 eaque
1080 1201 1229 1245 tractes,
1257 1214 1427 1252 quorum
1448 1211 1486 1240 et
1508 1203 1596 1241 usus
1618 1213 1655 1241 et
1677 1204 1807 1242 delec-

368 1295 373 1303 ,
427 1262 523 1300 tatio
543 1262 596 1299 est
616 1262 801 1300 omnibus
823 1263 984 1301 istorum
1001 1273 1039 1301 et
1060 1265 1152 1303 accis
1173 1274 1211 1303 et
1232 1266 1500 1319 voluptatibus
1522 1270 1805 1322 anteponenda.

426 1327 624 1378 Equidem
654 1326 726 1364 hos
757 1336 844 1365 tuos
875 1328 1184 1368 Tusculanenses
1215 1330 1296 1368 dies
1326 1332 1442 1370 instar
1471 1333 1542 1371 effe
1572 1335 1660 1373 vitae
1679 1345 1805 1388 put03

425 1392 671 1444 libenterque
691 1393 876 1431 omnibus
897 1408 1033 1433 omnes
1055 1409 1147 1447 opes
1173 1397 1441 1443 concesserim,
1473 1409 1517 1437 ut
1545 1400 1647 1439 mihi
1676 1403 1806 1449 liceat,

425 1457 465 1496 vi
484 1457 593 1496 nulla
611 1458 898 1510 interpellante,
917 1459 987 1497 isto
1004 1460 1123 1498 modo
1139 1462 1279 1500 vivere.
1304 1463 1423 1513 Qod
1444 1477 1513 1502 nos
1534 1479 1691 1519 quoque
1712 1469 1805 1507 imi-

425 1531 568 1568 tamur,
591 1532 635 1561 ut
654 1524 869 1576 possumus,
891 1533 929 1562 et
950 1525 990 1562 in
1012 1526 1148 1564 nostris
1170 1526 1305 1565 studiis
1327 1527 1577 1569 libentiffime
1598 1535 1806 1586 conquies-

426 1589 568 1626 cimus.
642 1590 699 1626 uis
721 1590 827 1627 enim
848 1590 924 1627 hoc
946 1605 1023 1628 non
1046 1591 1194 1630 dederit
1214 1593 1344 1638 nobis,
1362 1603 1420 1639 ut,
1439 1609 1530 1634 cum
1548 1611 1662 1649 opera
1682 1600 1809 1638 nostra

427 1654 548 1706 patria
568 1655 641 1692 five
662 1668 739 1692 non
761 1656 874 1707 poffit
895 1657 967 1700 uti,
999 1657 1072 1695 five
1093 1659 1208 1703 nolit,
1240 1659 1285 1696 ad
1307 1673 1391 1697 eam
1412 1662 1531 1700 vitam
1555 1675 1805 1712 revertamur,

428 1731 545 1769 quam
566 1719 683 1755 multi
704 1719 808 1756 doffi
828 1718 1023 1765 homines,
1041 1721 1192 1760 fortasse
1210 1737 1287 1760 non
1305 1727 1419 1769 reete,
1438 1726 1500 1763 sed
1522 1736 1650 1766 tamen
1671 1731 1806 1776 multi,

426 1784 544 1820 etiam
565 1783 790 1835 reipublicae
809 1786 1109 1837 praeponendam
1132 1790 1392 1839 putaverunt?
1425 1792 1523 1841 Qae
1544 1793 1666 1843 igitur
1685 1795 1809 1834 studia

427 1861 659 1899 magnorum
680 1848 891 1888 hominum
913 1851 1101 1889 sententia
1121 1854 1362 1892 vacationem
1383 1854 1529 1894 habent
1556 1860 1673 1897 etiam
1700 1861 1806 1913 pub-

426 1913 493 1949 lici
515 1913 702 1957 muneris,
722 1914 785 1958 iis,
803 1915 1042 1953 concedente
1059 1918 1272 1969 republica,
1291 1932 1361 1956 cur
1381 1933 1458 1957 non
1482 1921 1710 1962 abutamur?
1735 1926 1808 1964 Sed

424 1978 513 2030 plus
542 1977 659 2023 facio,
690 1992 809 2030 quam
842 1981 1032 2020 Caninius
1066 1983 1278 2022 mandavit.
1326 1986 1363 2022 Is
1395 1987 1517 2032 enim,
1550 1988 1575 2026 fi
1607 1991 1703 2042 quid
1735 2006 1808 2045 ego

424 2042 576 2086 scirem,
608 2053 772 2095 rogarat,
804 2045 910 2097 quod
932 2055 974 2084 tu
996 2047 1188 2086 nescires:
1221 2062 1293 2100 ego
1323 2050 1397 2087 tibi
1426 2065 1468 2088 ea
1494 2065 1620 2099 narro,
1652 2069 1737 2107 quae
1764 2066 1806 2095 tu

424 2107 566 2145 melius
588 2107 674 2153 scis,
707 2123 824 2161 quam
845 2111 939 2163 ipse,
971 2114 1041 2164 qui
1069 2127 1194 2152 narro.
1243 2116 1400 2153 Faciam
1430 2131 1521 2170 ergo
1553 2119 1668 2165 illud,
1701 2123 1807 2173 quod

425 2181 580 2224 rogatus
603 2173 702 2218 sum,
735 2183 778 2212 ut
798 2188 949 2221 eorum,
981 2191 1065 2229 quae
1094 2180 1280 2232 temporis
1308 2180 1426 2233 hujus
1456 2184 1542 2228 sint,
1574 2199 1707 2237 quaeve
1736 2202 1804 2225 aua

423 2238 545 2283 diem,
576 2252 624 2277 ne
645 2239 740 2292 quid
761 2241 929 2292 ignores,

1360 2644 1503 2683 Dd2
