2351 2997
653 313 745 350 AD
803 310 1267 349 PAMILIARES
1326 313 1599 354 LIB.V11.
1742 332 1818 374 175

440 411 649 464 studiisque
679 409 815 448 nostris
843 422 1077 461 congruens.
1124 409 1287 448 Bacchis
1316 424 1406 449 vero
1438 413 1506 450 ubi
1537 414 1591 452 est
1621 416 1723 467 apud
1755 431 1819 454 me

438 476 546 514 locus
566 477 579 513 ?
611 476 666 513 At
686 474 894 527 pulchellae
916 475 1018 513 sunt.
1052 475 1158 513 Novi
1179 476 1343 527 optime,
1369 486 1408 515 et
1427 477 1522 531 saepe
1544 479 1622 517 vidi
1642 495 1650 518 ε
1684 482 1814 519 nomi-

437 542 559 580 natim
582 542 654 580 tibi
677 542 780 594 figna
800 541 900 580 mihi
922 550 1014 580 nota
1034 541 1281 587 mandassem,
1313 543 1339 580 si
1359 544 1589 595 probaffem.
1633 547 1689 584 Ea
1709 548 1816 585 enim

435 607 540 658 figna
572 620 645 658 ego
678 620 805 644 emere
838 606 955 651 soleo,
991 620 1076 658 quae
1110 606 1158 643 ad
1192 607 1492 646 similitudinem
1525 611 1815 662 gymnasiorum

434 680 624 709 exornent
654 670 755 708 mihi
786 672 825 708 in
861 670 1028 722 palaestra
1059 671 1209 709 locum.
1255 672 1397 709 Martis
1428 687 1517 711 vero
1547 675 1700 726 fignum
1735 690 1815 728 quo

432 736 534 775 mihi
568 737 673 789 pacis
707 736 884 774 auctori?
917 735 1080 773 Gaudeo
1112 736 1269 774 nullum
1301 738 1455 775 Saturni
1487 739 1638 790 signum
1671 740 1810 780 fuiffe:

432 801 515 839 haec
535 802 642 839 enim
662 800 740 838 duo
760 801 864 852 figna
883 809 1060 852 putarem
1081 799 1182 838 mihi
1203 814 1251 838 aes
1271 802 1444 840 alienum
1471 804 1651 842 attulisse.
1698 805 1811 843 Mer-

431 867 530 904 curii
564 866 723 904 mallem
757 866 916 917 aliquod
949 865 1110 904 fuiffet:
1156 865 1328 911 felicius,
1372 877 1484 920 puto,
1531 882 1623 907 cum
1658 870 1813 909 Aviano

431 932 635 984 tranfigere
655 931 862 984 poffemus.
907 931 1026 982 Qod
1047 931 1121 968 tibi
1143 931 1345 970 destinaras
1368 934 1694 986 trapezophoron,
1726 936 1751 973 s1
1775 946 1811 974 te

431 997 608 1041 delectat,
641 996 830 1034 habebis:
863 997 916 1034 fin
937 1006 1067 1034 autern
1094 996 1323 1035 sententiam
1353 999 1524 1044 mutasti,
1556 1013 1628 1051 ego
1657 999 1810 1039 habebo

431 1063 594 1102 scilicet.
640 1063 714 1101 Ista
740 1063 902 1115 quidem
931 1062 1083 1100 summa
1111 1076 1168 1100 nae
1196 1077 1268 1115 ego
1289 1065 1417 1103 multo
1439 1066 1625 1104 libentius
1647 1069 1810 1105 emerim

432 1128 686 1166 diversorium
707 1128 941 1173 Tarracinoe,
973 1141 1020 1165 ne
1040 1127 1189 1180 semper
1209 1127 1356 1181 hospiti
1376 1130 1559 1169 molestus
1580 1132 1666 1169 fim.
1703 1134 1807 1170 Om-

430 1194 526 1231 nino
546 1194 678 1232 liberti
702 1194 780 1231 mei
810 1193 922 1232 video
950 1193 1021 1231 effe
1049 1194 1222 1246 culpam,
1254 1196 1318 1232 cui
1338 1195 1452 1247 plane
1473 1210 1530 1234 res
1551 1207 1672 1235 certas
1693 1212 1806 1236 man-

430 1259 586 1304 daram;
619 1259 793 1311 itemque
826 1259 951 1309 Junii,
982 1272 1101 1311 quem
1135 1269 1232 1311 puto
1267 1260 1341 1298 tibi
1375 1270 1513 1299 notum
1548 1263 1633 1307 effe,
1666 1264 1807 1302 Aviani

429 1324 676 1362 familiarem.
723 1323 921 1361 Exhedria
954 1323 1131 1375 quaedam
1166 1324 1267 1362 mihi
1302 1339 1400 1364 nova
1433 1327 1521 1365 sunt
1555 1328 1731 1365 instituta
1764 1330 1805 1366 in

428 1390 622 1442 porticula
647 1389 890 1427 Tusculani:
924 1403 966 1426 ea
996 1389 1175 1427 volebam
1208 1390 1361 1428 tabellis
1393 1406 1553 1431 ornare:
1586 1394 1746 1439 etenim,
1778 1395 1805 1432 fi

426 1455 522 1508 quid
542 1455 693 1507 generis
714 1454 930 1492 istiusmodi
950 1468 1013 1492 me
1034 1455 1211 1500 deleemt,
1242 1456 1392 1507 pictura
1419 1457 1595 1497 delectat.
1642 1460 1715 1497 Sed
1745 1469 1804 1497 ta-

425 1535 530 1566 men,
562 1521 588 1559 fi
619 1519 688 1558 ista
717 1519 819 1558 mihi
850 1520 940 1558 sunt
971 1519 1160 1566 habenda,
1192 1522 1399 1560 certi0rem
1431 1523 1550 1560 velim
1580 1538 1642 1561 me
1669 1524 1802 1570 facias,

426 1586 493 1623 ubi
528 1586 618 1630 fint,
646 1585 803 1638 quando
836 1585 1080 1631 arceffantur,
1112 1599 1191 1638 quo
1222 1600 1362 1638 genere
1395 1590 1572 1626 veaurae.
1624 1589 1662 1626 Si
1696 1590 1804 1628 enim

425 1650 681 1702 Damafippus
712 1650 753 1687 in
781 1650 969 1688 sententia
997 1664 1075 1687 non
1106 1652 1295 1696 manebit,
1326 1652 1497 1704 aliquem
1522 1653 1802 1706 Pseudodama-

424 1715 577 1767 fippum
607 1715 667 1753 vel
699 1729 792 1753 cum
817 1717 967 1767 jactura
995 1716 1245 1768 reperiemus.
1292 1717 1410 1768 Qod
1440 1718 1486 1755 ad
1515 1733 1578 1756 me
1607 1719 1654 1757 de
1683 1720 1802 1757 domo

422 1781 557 1819 scribis
578 1781 739 1826 iterum,
763 1782 845 1833 jam
875 1781 915 1818 id
943 1794 1016 1832 ego
1045 1781 1292 1833 proficiscens
1323 1783 1555 1822 mandabam
1579 1798 1673 1823 meae
1694 1785 1799 1823 Tul-

422 1846 510 1883 liae:
542 1859 585 1883 ea
609 1846 715 1883 enim
741 1846 821 1898 ipsa
846 1845 941 1883 hora
966 1859 1188 1898 acceperam
1216 1856 1299 1884 tuas
1322 1847 1477 1886 literas:
1510 1862 1663 1900 egeram
1682 1850 1801 1888 etiam

422 1923 514 1947 cum
536 1919 604 1948 tuo
626 1910 758 1955 Nicia,
789 1910 895 1962 quod
916 1911 947 1948 is
970 1911 1108 1956 utitur,
1131 1920 1174 1949 ut
1195 1911 1282 1956 scis,
1304 1911 1548 1950 familiariter
1570 1914 1709 1953 Caffio.
1743 1916 1801 1953 Ut

422 1975 519 2013 redii
539 1985 684 2021 autem,
717 1976 824 2028 prius
847 1990 964 2029 quam
987 1986 1069 2015 tuas
1097 1977 1176 2029 legi
1202 1976 1269 2014 has
1296 1980 1493 2029 proximas
1515 1979 1658 2024 literas,
1690 1994 1797 2031 quae-

421 2041 489 2078 s1vi
515 2041 562 2079 de
588 2055 674 2079 mea
694 2042 844 2087 Tullia,
876 2042 971 2094 quid
1002 2042 1134 2094 egiffet
1153 2057 1162 2081 :
1195 2056 1261 2094 per
1281 2043 1479 2081 Liciniam
1500 2044 1535 2081 se
1555 2045 1669 2097 egiffe
1689 2045 1797 2084 dice-

420 2105 504 2144 bat:
529 2106 592 2144 sed
612 2107 752 2158 opinor
773 2107 943 2145 Caflium
965 2109 1024 2145 uti
1045 2122 1122 2145 non
1145 2108 1199 2145 ita
1218 2107 1392 2146 multum
1413 2108 1557 2147 sorore:
1582 2123 1666 2147 eam
1681 2124 1798 2161 porro

419 2184 557 2223 negare
578 2171 614 2209 se
633 2171 784 2217 audere,
816 2186 909 2210 cum
929 2174 988 2210 vir
1007 2173 1160 2218 abeffet,
1195 2173 1267 2225 (est
1286 2175 1392 2212 enim
1412 2174 1609 2226 profectus
1636 2176 1676 2212 in
1698 2176 1796 2214 His-

418 2236 573 2287 paniam
595 2237 764 2287 Dexius)
788 2237 858 2275 illo
879 2247 917 2275 et
937 2237 1092 2275 absente
1112 2247 1149 2275 et
1172 2238 1359 2276 insciente
1380 2239 1559 2290 migrare.
1606 2240 1674 2278 Est
1694 2241 1797 2279 mihi

416 2301 688 2353 gratiffimum,
707 2304 805 2340 tanti
821 2317 841 2340 a
857 2312 893 2341 te
909 2303 1134 2341 aestimamm
1149 2304 1472 2343 consuetudinem
1488 2306 1576 2343 vitae
1595 2307 1796 2359 victusque

417 2367 559 2411 nostri3
592 2368 781 2419 primum,
812 2378 856 2406 ut
875 2383 959 2407 eam
981 2369 1146 2407 domum
1167 2369 1349 2416 sumeres,
1372 2380 1416 2408 ut
1436 2384 1515 2408 non
1536 2372 1655 2409 modo
1674 2386 1795 2425 prope

416 2445 493 2477 me,
531 2431 594 2469 sed
627 2432 742 2484 plane
772 2448 929 2472 mecum
963 2434 1137 2472 habitare
1171 2434 1292 2486 poffes
1310 2455 1321 2480 ς
1360 2436 1513 2482 deinde,
1552 2446 1595 2474 ut
1629 2437 1794 2489 migrare

416 2506 616 2549 tantopere
636 2496 807 2537 festines.
859 2500 931 2538 Sed
957 2514 1005 2538 ne
1031 2501 1173 2545 vivam,
1206 2501 1231 2538 fi
1260 2501 1332 2539 tibi
1354 2502 1541 2548 concedo,
1573 2511 1616 2539 ut
1637 2504 1717 2554 ejus
1740 2503 1795 2539 rei

416 2571 460 2601 tu
480 2562 660 2616 cupidior
680 2563 741 2610 fis,
772 2578 890 2618 quam
911 2579 984 2618 ego
1004 2566 1104 2606 sum.
1142 2568 1278 2618 Itaque
1297 2568 1431 2606 omnia
1450 2568 1623 2620 experiar
1640 2583 1649 2606 z
1681 2567 1793 2606 video
