2351 2997
587 250 680 289 AD
738 247 1201 287 FAMILIARES
1260 247 1392 287 LIB.
1443 249 1559 289 XIII.
1688 254 1756 305 381

478 482 543 521 M.
575 483 629 521 T.
662 484 711 522 C.
745 482 788 521 P.
823 484 1144 529 SERVILIO,
1186 486 1497 524 COLLEGAE
1542 489 1577 526 S.
1613 489 1665 526 D.

385 609 537 648 LXIX.
564 610 629 683 C
649 612 682 648 A
699 612 715 649 I
730 612 769 648 U
784 611 805 647 S
838 611 999 648 Curtius
1021 610 1209 656 Mithres,
1240 612 1293 650 est
1313 612 1379 650 ille
1400 613 1575 664 quidem,
1610 624 1651 653 ut
1673 616 1757 663 scis,

661 676 825 713 libertus
848 675 1036 719 Postumi,
1059 675 1345 714 familiariffimi
1366 679 1442 715 mei
1461 697 1471 722 ;
1500 679 1561 716 sed
1582 694 1644 718 me
1665 683 1761 720 colit

383 748 421 777 et
442 740 615 778 observat
636 754 758 791 aeque,
789 748 905 791 atque
931 740 1048 777 illum
1076 740 1202 792 ipsum
1232 750 1439 793 patronum
1466 743 1594 782 suum.
1642 747 1760 798 Apud

383 819 474 842 eum
496 805 545 843 fic
568 804 710 857 Ephesi
737 804 811 849 fui,
843 805 1152 857 quotiescunque
1182 802 1255 851 fui,
1287 816 1471 859 tanquam
1499 809 1607 846 domi
1636 824 1758 855 meae3

382 870 586 923 multaque
606 869 845 915 acciderunt,
872 870 912 907 in
932 870 1076 922 quibus
1097 880 1135 908 et
1158 871 1467 910 benevolentiam
1487 875 1569 925 ejus
1590 889 1679 928 erga
1698 890 1762 914 me

381 937 575 989 experirer
594 945 632 974 et
653 935 785 974 fidem.
832 937 967 987 Itaque
988 936 1013 973 s1
1040 936 1134 987 quid
1156 947 1221 974 aut
1241 937 1356 983 mihi,
1388 948 1454 976 aut
1475 953 1652 979 meorum
1673 944 1759 980 cui>-

382 1002 502 1052 piam,
533 1002 574 1039 in
596 1002 685 1039 Afia
704 1014 801 1054 opus
822 1001 888 1045 est,
919 1001 966 1038 ad
990 1000 1097 1039 hunc
1117 1002 1281 1041 scribere
1302 1003 1497 1049 consuevi,
1528 1004 1646 1058 hujus
1668 1021 1760 1046 cum

382 1080 496 1118 opera
515 1076 554 1104 et
574 1067 664 1112 fide,
697 1075 780 1104 tum
802 1066 920 1104 domo
940 1075 978 1104 et
998 1080 1051 1111 re,
1083 1068 1157 1112 uti,
1189 1077 1375 1121 tanquam
1396 1083 1493 1108 mea.
1537 1071 1634 1109 Haec
1655 1073 1701 1110 ad
1723 1082 1760 1111 te

382 1145 428 1169 eo
461 1132 640 1184 pluribus
675 1132 820 1184 scripfi,
851 1141 896 1169 ut
926 1131 1179 1184 intelligeres,
1219 1147 1282 1171 me
1315 1148 1392 1172 non
1428 1135 1651 1187 vulgariter,
1689 1152 1760 1176 nec

379 1196 599 1241 ambitiose,
630 1195 693 1234 sed
722 1205 766 1233 ut
795 1210 866 1248 pro
894 1195 1055 1234 homine
1079 1197 1237 1243 intimo,
1268 1212 1311 1236 ac
1340 1197 1441 1236 mihi
1469 1201 1757 1252 pernecessario,

380 1262 560 1301 scribere.
606 1263 702 1300 Peto
731 1262 853 1313 igitur
882 1276 901 1299 a
931 1271 983 1307 te,
1016 1271 1059 1300 ut
1079 1263 1120 1300 in
1141 1276 1183 1300 ea
1202 1265 1471 1310 controverfia‚
1503 1279 1622 1317 quam
1641 1266 1760 1306 habet

380 1326 427 1364 de
447 1326 572 1365 fundo
593 1341 685 1365 cum
706 1327 876 1378 quodam
899 1327 1174 1379 Colophonio,
1197 1338 1235 1367 et
1255 1329 1295 1367 in
1316 1331 1462 1368 caeteris
1484 1332 1613 1377 rebus,
1631 1347 1758 1385 quan-

379 1401 467 1430 tum
501 1391 594 1430 fides
630 1401 695 1429 tua
727 1392 910 1443 patietur,
942 1401 1214 1445 quantumque
1249 1403 1317 1432 tuo
1351 1396 1562 1434 commodo
1597 1400 1756 1449 poteris,

380 1466 534 1496 tantum
560 1465 600 1495 et
624 1456 785 1495 honoris
809 1457 889 1495 mei
909 1457 1018 1495 causa
1037 1459 1263 1496 commodes
1281 1478 1292 1504 ;
1324 1461 1405 1505 ets1,
1438 1470 1482 1498 ut
1501 1463 1583 1514 ejus
1604 1463 1758 1502 modes-

378 1523 474 1561 tiam
495 1523 681 1574 cognovi,¹
709 1522 834 1574 gravis
857 1522 931 1560 tibi
952 1523 1060 1560 nulla
1079 1524 1120 1560 in
1142 1537 1181 1561 re
1200 1525 1287 1562 erit.
1330 1526 1369 1562 Si
1389 1534 1427 1562 et
1447 1539 1532 1564 mea
1551 1541 1757 1566 commen-

378 1588 533 1625 datione
553 1596 590 1625 et
612 1587 676 1625 sua
695 1587 888 1638 probitate
909 1587 1096 1625 affecutus
1117 1589 1204 1633 erit,
1224 1590 1282 1626 uti
1303 1589 1349 1627 de
1371 1590 1405 1627 se
1427 1590 1525 1629 bene
1545 1592 1755 1639 existimes,

378 1654 511 1691 omnia
531 1653 565 1690 se
585 1652 770 1705 adeptum
791 1652 1056 1692 arbitrabitur.
1103 1655 1161 1691 Ut
1191 1655 1312 1706 igitur
1338 1669 1428 1693 eum
1457 1657 1617 1709 recipias
1644 1659 1684 1696 in
1706 1660 1755 1697 fi-

377 1718 481 1763 dem,
499 1717 715 1769 habeasque
736 1718 776 1754 in
797 1731 960 1754 numero
982 1727 1156 1763 tuorum,
1175 1728 1211 1756 te
1232 1718 1481 1757 vehementer
1501 1722 1620 1760 etiam
1639 1732 1756 1775 atque

378 1784 495 1820 etiam
517 1796 624 1834 rogo.
669 1783 770 1834 Ego,
801 1796 886 1834 quae
909 1791 945 1820 te
965 1783 1078 1827 velle,
1110 1797 1274 1835 quaeque
1295 1784 1340 1821 ad
1363 1795 1399 1822 te
1421 1786 1626 1836 pertinere,
1649 1789 1754 1826 arbi-

378 1849 522 1894 trabor,
553 1847 685 1886 onmia
704 1847 868 1886 studiose
889 1847 1174 1901 diligenterque
1195 1850 1352 1888 curabo.
1386 1851 1496 1889 Vale.

430 2049 492 2086 M.
526 2049 579 2086 T.
613 2049 666 2086 C..
695 2050 739 2087 P.
773 2050 1096 2095 SERVILIO,
1139 2051 1449 2090 CoLLEoAE
1494 2053 1530 2092 S.
1566 2054 1609 2092 P.
1643 2055 1697 2092 D.

373 2180 501 2218 LXX.
618 2177 742 2214 UIA
772 2190 850 2214 non
878 2177 930 2215 est
956 2177 1118 2215 obscura
1145 2187 1211 2215 tua
1239 2179 1279 2215 in
1300 2193 1363 2217 me
1384 2181 1666 2226 benevolentia,
1700 2182 1748 2220 sic

634 2242 692 2287 fit,
725 2251 768 2279 ut
789 2243 906 2281 multi
928 2256 995 2294 per
1017 2256 1078 2280 me
1100 2243 1174 2280 tibi
1195 2243 1316 2282 velint
1337 2236 1618 2284 c‘on‘imendari.
1662 2248 1749 2298 Ego

374 2318 503 2346 autem
524 2306 655 2345 tribuo
677 2320 959 2359 nonnunquam
981 2308 1020 2345 in
1041 2308 1211 2359 vulgus;
1244 2309 1306 2346 sed
1326 2310 1558 2364 plerumque
1584 2312 1747 2349 necessa-

374 2375 454 2418 riis,
473 2382 516 2411 ut
536 2372 611 2410 hoc
633 2381 820 2424 tempore.
854 2373 959 2410 Nam
981 2386 1073 2410 cum
1093 2375 1147 2411 T.
1166 2375 1314 2426 Ampio
1335 2376 1457 2413 Balbo
1479 2375 1579 2413 mihi
1599 2376 1747 2413 summa

375 2439 614 2477 familiaritas
646 2438 959 2491 necessitudoque
990 2439 1056 2477 est.
1108 2440 1204 2491 Ejus
1238 2440 1439 2486 libertum,
1472 2444 1524 2479 T.
1554 2442 1745 2492 Ampium

373 2504 652 2549 Menandrum,
675 2502 880 2543 hominem
900 2503 1005 2556 frugi
1026 2513 1064 2543 et
1084 2504 1317 2551 modestum,
1335 2516 1372 2544 et
1393 2515 1555 2558 patrono
1575 2514 1612 2543 et
1633 2505 1744 2543 nobis
