2351 2997
1148 266 1378 322 [388]

812 518 1717 568 EPISTOLARUM

650 735 822 794 AD
948 736 1890 795 FAMILIARES

1020 953 1297 994 LIBER
1387 954 1518 993 XIV.

710 1149 917 1188 TULLrth
960 1150 1224 1188 TERENTIAE
1269 1161 1379 1194 sule,
1421 1148 1679 1187 TULL10LAE
1723 1161 1836 1194 SUAE,

1012 1216 1239 1254 CICERONI
1284 1227 1363 1253 suo
1405 1215 1442 1252 S.
1475 1214 1530 1253 D.

585 1345 618 1382 I.
758 1346 795 1382 T
825 1345 948 1383 literis
978 1346 1198 1384 multorum
1225 1355 1264 1383 et
1293 1346 1467 1384 sermone
1496 1346 1677 1384 omnium
1701 1344 1892 1398 perfertur
1911 1344 1958 1382 ad

774 1423 852 1455 me,
882 1410 1155 1449 incredibilem
1182 1419 1290 1449 tuam
1309 1412 1496 1449 virtutem
1516 1420 1554 1448 et
1575 1409 1849 1448 fortitudinem
1869 1409 1956 1453 effe,

583 1485 697 1527 teque
718 1489 789 1513 nec
810 1476 947 1521 animi,
969 1489 1040 1514 nec
1060 1476 1249 1528 corporis,
1280 1476 1478 1515 laboribus
1501 1474 1716 1527 defatigari.
1749 1476 1820 1513 Me
1840 1475 1956 1513 mise-

583 1540 698 1578 rum!
738 1549 776 1577 te
809 1540 876 1577 ista
908 1541 1068 1585 virtute,
1105 1540 1193 1584 fide,
1230 1541 1438 1592 probitate,
1470 1540 1726 1584 humanitate,
1758 1541 1799 1577 in
1834 1548 1956 1577 tantas

583 1618 772 1643 aerumnas
793 1614 951 1657 propter
971 1619 1034 1643 me
1054 1605 1228 1643 incidiffe
1247 1606 1254 1642 !
1288 1606 1586 1657 Tulliolamque
1616 1605 1782 1642 nostram
1812 1619 1858 1642 ex
1879 1618 1960 1656 quo

583 1680 690 1722 patre
711 1680 834 1708 tantas
854 1671 1071 1723 voluptates
1093 1670 1283 1722 capiebat,
1305 1685 1353 1709 ex
1374 1685 1419 1709 eo
1440 1680 1565 1709 tantos
1588 1670 1784 1722 percipere
1805 1670 1931 1707 luctus
1949 1670 1956 1706 !

583 1736 692 1774 Nam
719 1736 814 1787 quid
840 1749 913 1787 ego
942 1736 988 1773 de
1010 1736 1201 1774 Cicerone
1221 1736 1379 1774 dicam?
1412 1737 1495 1789 qui,
1527 1750 1618 1774 cum
1639 1736 1814 1788 primum
1834 1735 1963 1787 sapere

584 1801 721 1852 coepit,
751 1799 1009 1838 acerbiffimos
1039 1800 1189 1838 dolores
1218 1801 1462 1853 miseriasque
1491 1801 1679 1854 percepit.
1725 1801 1823 1851 Qae
1844 1799 1885 1844 fi,
1918 1807 1961 1837 ut

585 1875 628 1903 tu
650 1865 799 1910 scribis,
831 1864 911 1903 fato
932 1865 1030 1903 facta
1051 1876 1242 1917 putarem,
1274 1866 1415 1904 ferrem
1436 1867 1552 1918 paulo
1572 1865 1726 1903 facilius
1746 1880 1755 1903 ι
1788 1865 1849 1902 sed
1870 1878 1958 1901 om-

586 1931 649 1967 nia
678 1930 766 1967 sunt
795 1943 880 1966 mea
909 1931 1024 1982 culpa
1053 1930 1266 1975 commissa,
1298 1931 1366 1982 qui
1387 1931 1433 1967 ab
1454 1930 1515 1968 his
1537 1944 1599 1967 me
1619 1929 1737 1967 amari
1757 1929 1957 1980 putabam,

586 1994 655 2045 qui
690 1994 942 2038 invidebant3
979 2007 1042 2031 eos
1078 2007 1156 2031 non
1191 1994 1388 2046 sequebar,
1424 1995 1494 2046 qui
1529 1994 1726 2046 petebant.
1779 1993 1898 2043 Qod
1932 1994 1959 2030 fi

587 2058 723 2096 nostris
744 2059 913 2096 confiliis
935 2059 988 2096 usi
1008 2059 1184 2103 effemus‚
1217 2073 1341 2111 neque
1371 2060 1472 2111 apud
1502 2073 1570 2096 nos
1603 2068 1755 2096 tantum
1787 2057 1960 2095 valuiffet

586 2125 708 2162 sermo
742 2134 808 2162 aut
841 2124 1047 2162 stultorum
1077 2125 1308 2169 amicorum,
1345 2135 1409 2162 aut
1440 2125 1726 2177 improborum,
1757 2123 1960 2161 beatiffimi

586 2190 815 2227 viveremus.
868 2190 1003 2234 Nunc,
1044 2189 1199 2241 quando
1233 2190 1378 2242 sperare
1414 2204 1481 2227 nos
1517 2190 1633 2227 amici
1663 2190 1820 2241 jubent,
1860 2188 1959 2226 dabo

586 2268 756 2306 operam,
788 2268 835 2292 ne
856 2268 940 2292 mea
959 2255 1138 2292 valetudo
1160 2264 1228 2292 tuo
1249 2255 1370 2292 labori
1393 2255 1500 2292 defit.
1543 2256 1620 2292 Res
1642 2263 1785 2306 quanta
1805 2253 1863 2298 sit,
1894 2253 1958 2290 in-

585 2320 751 2371 telligo;
784 2330 1006 2371 quantoque
1033 2320 1151 2358 fuerit
1179 2320 1332 2357 facilius
1355 2333 1508 2357 manere
1529 2320 1651 2364 domi,
1683 2333 1800 2370 quam
1823 2318 1956 2356 redire.

587 2384 658 2421 Sed
687 2394 829 2429 tamen,
862 2385 886 2421 sl
919 2398 1054 2422 omnes
1086 2385 1262 2422 tribunos
1295 2384 1418 2436 plebis
1450 2384 1653 2428 habemus,
1685 2384 1710 2420 fi
1742 2383 1958 2420 Lentulum

585 2459 664 2487 tam
685 2449 910 2494 studiosum,
933 2463 1051 2501 quam
1073 2450 1238 2493 videtur,
1263 2450 1286 2486 fi
1310 2464 1397 2486 vero
1418 2451 1533 2487 etiam
1557 2449 1790 2501 Pompeium
1810 2457 1847 2485 et
1870 2449 1957 2484 Cae-

586 2515 719 2559 sarem,
751 2527 828 2551 non
850 2514 901 2551 est
922 2514 1214 2567 desperandum.
1268 2515 1328 2551 De
1348 2513 1510 2557 finnilia,
1543 2527 1621 2566 quo
1642 2513 1759 2551 modo
1779 2511 1958 2564 placuiffe
