2351 2997
527 244 579 285 54
872 234 1554 276 EPISTOLARUM

525 331 624 370 Dixi
645 346 707 371 me
728 332 798 371 effe
819 333 1014 372 facturum
1034 350 1042 372 :
1075 335 1206 387 itaque
1226 335 1412 382 fecissem,
1444 337 1513 374 nisi
1535 336 1636 376 mihi
1665 338 1712 376 L.
1739 338 1903 376 Clodius

523 398 650 436 noster
671 400 849 450 Corcyrae
871 399 1022 436 dixiffet
1044 401 1209 437 minime
1229 401 1269 437 id
1285 401 1356 438 effe
1376 401 1623 446 faciendum;
1646 412 1684 441 te
1705 404 1905 443 Laodiceae

522 462 606 501 fore
627 464 672 501 ad
694 478 827 501 meum
847 464 1072 502 adventum.
1118 465 1211 501 Erat
1243 465 1283 502 id
1303 465 1404 503 mihi
1425 467 1554 504 multo
1575 468 1728 506 brevius
1750 470 1901 508 multo-

522 543 599 581 que
628 529 892 573 commodius,
923 542 1015 566 cum
1045 529 1256 581 praesertim
1282 540 1318 568 te
1340 531 1392 568 ita
1413 532 1529 569 malle
1550 533 1765 572 arbitrarer.
1813 536 1903 572 Tua

522 595 619 631 ratio
641 594 768 645 postea
788 594 840 631 est
860 604 1114 632 commutata.
1164 596 1285 633 Nunc
1306 596 1403 648 quid
1423 596 1507 634 fieri
1532 597 1659 649 poffit,
1691 607 1734 636 tu
1755 597 1902 637 facilli-

521 673 584 697 me
604 659 763 698 statues:
787 673 859 712 ego
881 660 954 698 tibi
971 675 1105 698 meum
1122 661 1329 699 confilium
1345 676 1552 715 exponam.
1578 665 1702 716 Prope
1719 664 1901 702 kalendas

522 725 686 763 Sextiles
707 735 803 777 puto
825 739 887 763 me
910 726 1109 764 Laodiceae
1130 726 1235 764 fore:
1268 741 1479 780 perpaucos
1503 729 1598 774 dies,
1621 729 1717 767 dum
1737 731 1905 782 pecunia

520 791 726 843 accipitur,
758 805 843 843 quae
871 791 972 829 mihi
1002 806 1048 830 ex
1078 792 1238 844 publica
1266 795 1551 845 permutatione
1579 795 1756 840 debetur,
1789 809 1901 834 com-

519 857 723 894 morabor:
748 856 887 895 deinde
904 858 976 894 iter
992 857 1134 895 faciam
1151 858 1196 894 ad
1213 860 1445 904 exercitum,
1465 870 1507 897 ut
1524 860 1680 898 circiter
1700 860 1786 898 idus
1805 862 1900 899 Sex-

521 922 608 960 tiles
630 932 765 974 putem
787 937 849 961 me
869 923 916 961 ad
937 924 1117 962 Iconium
1140 923 1236 962 fore.
1284 925 1371 970 Sed,
1403 926 1427 963 fi
1460 927 1555 978 quid
1584 940 1689 964 nunc
1715 940 1777 964 me
1797 927 1902 965 fallit

518 988 560 1026 in
581 989 799 1035 scribendo,
825 991 981 1042 (procul
1003 991 1108 1028 enim
1130 992 1284 1029 aberam
1304 992 1351 1028 ab
1373 1005 1411 1029 re
1432 992 1525 1043 ipsa,
1548 1001 1586 1030 et
1606 1006 1626 1029 a
1646 993 1761 1043 locis)
1786 994 1900 1030 simul

518 1067 562 1091 ac
582 1055 762 1106 progredi
785 1069 953 1107 coepero,
986 1069 1104 1107 quam
1135 1056 1338 1094 celerrime
1368 1066 1503 1108 potero
1533 1066 1570 1094 et
1601 1072 1719 1109 quam
1745 1058 1899 1096 creber-

518 1119 627 1157 rimis
650 1120 772 1157 literis
793 1119 950 1165 faciam,
981 1130 1026 1158 ut
1056 1121 1129 1158 tibi
1159 1130 1251 1158 nota
1280 1122 1324 1159 fit
1345 1122 1473 1159 omnis
1495 1123 1591 1160 ratio
1613 1123 1765 1161 dierum
1785 1133 1900 1176 atque

517 1186 706 1224 itinerum
727 1200 918 1224 meorum.
954 1187 1095 1225 Oneris
1118 1188 1191 1225 tibi
1212 1188 1412 1240 imponere
1434 1202 1503 1225 nec
1525 1189 1646 1226 audeo
1667 1190 1898 1242 quidquam,

517 1265 588 1289 nec
609 1251 744 1290 debeo.
779 1253 864 1297 Sed,
883 1252 989 1304 quod
1011 1262 1078 1290 tuo
1099 1253 1310 1291 commodo
1332 1253 1413 1291 fieri
1435 1254 1562 1306 poffit,
1587 1255 1786 1307 utriusque
1807 1256 1897 1293 nos-

516 1327 622 1355 trum
650 1318 782 1369 magni
812 1319 981 1363 interest,
1012 1320 1120 1371 prius
1152 1330 1195 1357 ut
1230 1329 1265 1357 te
1295 1321 1539 1365 conveniam,
1572 1335 1690 1373 quam
1721 1321 1896 1362 decedas.

516 1385 649 1434 Qam
669 1382 897 1422 facultatem
919 1384 944 1422 fi
966 1385 1054 1436 quis
1076 1385 1181 1422 casus
1203 1386 1403 1437 eripuerit,
1432 1400 1515 1423 mea
1539 1395 1664 1424 tamen
1689 1387 1728 1424 in
1751 1396 1787 1425 te
1807 1402 1897 1426 om-

515 1449 579 1486 nia
598 1449 727 1486 officia
746 1449 993 1495 constabunt,
1017 1464 1095 1488 non
1117 1451 1223 1489 secus
1245 1465 1286 1489 ac
1308 1451 1334 1488 fi
1357 1461 1392 1488 te
1413 1451 1602 1490 vidiffem.
1627 1453 1723 1490 Tibi
1745 1453 1791 1490 de
1808 1454 1898 1491 nos-

515 1515 584 1553 tris
606 1515 719 1553 rebus
741 1515 841 1553 nihil
864 1516 949 1554 sum
970 1526 1057 1554 ante
1079 1517 1331 1556 mandaturus
1352 1531 1419 1570 per
1440 1518 1583 1563 literas,
1615 1533 1734 1571 quam
1761 1519 1896 1572 despe-

515 1593 598 1619 raro
619 1594 748 1619 coram
770 1595 833 1619 me
853 1590 985 1619 tecum
1006 1596 1115 1635 agere
1136 1583 1253 1635 posse.
1296 1583 1415 1634 Qod
1446 1592 1482 1621 te
1512 1597 1531 1621 a
1561 1585 1729 1622 Scaevola
1748 1585 1898 1636 petiiffe

513 1646 626 1691 dicis,
644 1655 702 1691 ut,
721 1646 816 1684 dum
838 1657 881 1685 tu
902 1648 1056 1693 abeffes,
1075 1658 1162 1686 ante
1182 1649 1391 1686 adventum
1413 1663 1546 1687 meum
1568 1650 1776 1701 provinciae
1797 1664 1896 1702 prae-

512 1711 622 1757 esset,
641 1726 731 1750 eum
747 1727 820 1764 ego
837 1712 977 1765 Ephesi
996 1713 1090 1759 vidi,
1109 1713 1265 1766 fuitque
1282 1727 1440 1752 mecum
1455 1713 1700 1753 familiariter
1717 1715 1895 1754 triduum

512 1776 627 1822 illud,
658 1777 764 1829 quod
785 1792 856 1829 ego
878 1777 1021 1830 Ephesi
1042 1788 1306 1816 commoratus
1328 1779 1428 1823 sum,
1453 1793 1522 1816 nec
1544 1793 1590 1817 ex
1612 1794 1657 1817 eo
1678 1780 1895 1832 quidquam

511 1842 657 1888 audivi,
679 1843 786 1896 quod
807 1844 877 1881 fibi
897 1856 917 1880 a
938 1852 973 1881 te
994 1844 1223 1882 mandatum
1244 1844 1403 1882 diceret.
1437 1845 1531 1882 Sane
1552 1845 1691 1883 vellem
1713 1845 1895 1897 potuisset

511 1907 674 1962 obsequi
694 1909 887 1947 voluntati
909 1918 983 1947 tuae
1003 1924 1011 1948 z
1044 1923 1122 1948 non
1144 1910 1250 1947 enim
1270 1910 1436 1947 arbitror
1457 1910 1633 1949 noluiffe.
1666 1911 1777 1949 Vale.

730 2105 794 2144 M.
827 2107 880 2144 T.
914 2108 962 2144 C.
996 2107 1182 2144 APPIO
1219 2107 1503 2146 PULCHRO
1546 2108 1583 2145 S.
1618 2108 1671 2145 D.

511 2233 584 2271 VI.
605 2229 672 2304 C
691 2233 729 2270 U
747 2232 795 2270 M
825 2245 958 2272 meum
979 2232 1127 2271 factum
1147 2247 1240 2271 cum
1261 2242 1329 2272 tuo
1350 2247 1548 2287 comparo,
1580 2234 1645 2271 etfi
1668 2247 1745 2271 non
1767 2235 1891 2285 magis

703 2296 806 2335 mihi
825 2296 936 2336 faveo
955 2298 997 2336 in
1013 2298 1139 2336 nostra
1154 2299 1326 2337 amicitia
1344 2300 1499 2344 tuenda,
1518 2312 1635 2351 quarn
1652 2299 1742 2344 tibi,
1761 2308 1891 2337 tamen

509 2363 639 2401 multo
659 2363 781 2415 magis
803 2377 891 2401 meo
911 2362 1013 2402 facto
1034 2364 1216 2409 delector,
1249 2378 1367 2416 quam
1395 2375 1478 2403 tuo.
1525 2366 1612 2417 Ego
1633 2365 1740 2402 enim
1760 2365 1890 2403 Brun·

509 2428 608 2467 dufii
627 2429 780 2481 quaefivi
801 2442 849 2468 ex
870 2428 1032 2475 Phania,
1064 2430 1177 2481 cujus
1197 2429 1299 2468 mihi
1319 2431 1476 2469 videbar
1495 2440 1533 2468 et
1553 2429 1781 2468 fidelitatem
1802 2443 1892 2482 erga

510 2503 549 2534 te
568 2495 809 2550 perspexisse,
841 2506 879 2535 et
908 2495 1011 2536 noffe
1040 2496 1175 2536 locum
1196 2510 1314 2550 quem
1335 2498 1436 2550 apud
1467 2506 1505 2536 te
1526 2497 1556 2535 is
1578 2505 1740 2542 teneret,
1772 2509 1889 2549 quam
