2351 2997
590 332 683 369 AD
743 327 1210 368 FAMILIARES
1270 327 1403 366 LIB.
1455 328 1549 366 VII.
1694 330 1767 382 167

646 563 709 600 M.
744 563 975 600 CICERO
1008 563 1331 600 TREBAT10
1374 564 1410 602 S.
1445 564 1498 601 D.

382 689 720 762 XIII.ADEO
734 690 773 728 N
788 691 822 727 E
854 703 917 727 me
937 689 1126 741 injustum
1147 689 1218 726 effe
1239 690 1478 735 existimasti,
1512 701 1555 728 ut
1577 691 1651 728 tibi
1675 692 1766 729 iras—

616 769 734 800 cerer,
753 755 858 807 quod
874 768 1012 807 parum
1035 753 1134 792 mihi
1151 756 1327 794 constans
1349 767 1387 794 et
1409 756 1578 793 nimium
1600 757 1766 808 cupidus

380 821 593 860 decedendi
621 820 805 864 viderere,
836 820 887 857 ob
915 833 1079 871 eamque
1106 821 1258 858 causam
1286 835 1348 859 me
1380 821 1605 858 arbitrarere
1638 822 1766 858 literas

380 889 427 925 ad
455 896 492 925 te
513 886 666 938 jamdiu
695 899 773 922 non
801 884 970 922 mislffe?
1002 884 1112 922 Mihi
1137 887 1379 937 perturbatio
1400 886 1521 923 animi
1544 887 1616 930 tui,
1648 898 1768 937 quam

380 954 519 1007 primis
541 953 664 992 literis
685 951 981 1004 perspiciebam,
1014 951 1231 989 molestiam
1253 953 1386 990 attulit
1406 968 1413 990 :
1448 966 1573 1004 neque
1594 953 1667 989 alia
1690 951 1769 989 ulla

380 1019 459 1058 fuit
479 1019 589 1057 causa
608 1016 900 1056 intermiffionis
921 1016 1186 1069 epistolarum,
1205 1019 1274 1056 nisi
1296 1019 1416 1071 quod,
1438 1018 1504 1055 ubi
1526 1018 1630 1062 effes,
1653 1018 1768 1069 plane

380 1085 613 1124 nesciebam.
660 1084 741 1121 Hic
777 1092 819 1120 tu
854 1097 918 1120 me
952 1083 1069 1121 etiam
1105 1084 1320 1129 infimulas,
1357 1099 1428 1122 nec
1464 1084 1767 1122 satisfaffionem

381 1165 511 1190 meam
530 1150 691 1202 accipis.
723 1148 845 1194 Audi,
863 1149 980 1187 Testa
995 1150 1071 1187 mi:
1096 1150 1244 1187 Utrum
1261 1150 1526 1202 superbiorem
1549 1160 1585 1187 te
1601 1151 1768 1202 pecunia

378 1215 489 1260 facit,
512 1229 558 1253 an
580 1214 686 1267 quod
709 1222 745 1251 te
765 1214 977 1266 imperator
997 1214 1166 1252 consulit
1186 1216 1198 1252 ?
1231 1215 1383 1252 NIoriar
1404 1216 1459 1260 ni,
1483 1229 1568 1267 quae
1591 1225 1655 1253 tua
1675 1215 1764 1267 glo-

380 1282 436 1320 ria
454 1281 521 1326 est,
548 1289 645 1332 puto
667 1288 704 1317 te
724 1279 842 1317 malle
863 1292 883 1316 a
904 1279 1049 1317 Caesare
1070 1280 1236 1325 consuli,
1260 1295 1379 1333 quam
1400 1281 1582 1319 inaurari.
1615 1281 1655 1317 Si
1676 1294 1766 1318 vero

379 1356 594 1399 utrumque
613 1345 694 1390 est3
726 1345 815 1398 quis
837 1354 874 1383 te
895 1345 1007 1390 feret,
1039 1355 1178 1398 praeter
1198 1360 1276 1391 me,
1309 1348 1377 1399 qui
1400 1347 1534 1384 onmia
1553 1346 1653 1385 ferre
1674 1346 1764 1399 pos-

379 1413 465 1452 sum
483 1414 497 1451 ?
530 1411 616 1457 Sed,
643 1419 687 1450 ut
706 1410 755 1449 ad
775 1424 857 1449 rem
878 1410 1046 1456 redeam,
1078 1420 1116 1450 te
1135 1411 1220 1450 istic
1242 1413 1415 1450 invitum
1436 1426 1513 1450 non
1536 1413 1621 1458 effe,
1644 1411 1765 1450 vehe—

377 1488 530 1519 menter
549 1477 699 1531 g‘audeo
717 1492 726 1516 ε
758 1486 811 1522 et,
834 1486 878 1516 ut
898 1477 999 1515 illud
1020 1486 1099 1515 erat
1119 1478 1344 1523 molestum,
1377 1479 1426 1516 fic
1448 1478 1523 1516 hoc
1545 1479 1598 1516 est
1613 1480 1765 1530 jucun-

377 1546 489 1584 dum.
532 1546 711 1583 Tantum
739 1552 890 1588 metuo,
922 1557 970 1581 ne
1000 1543 1214 1582 artificium
1234 1553 1349 1582 tuum
1372 1544 1446 1582 tibi
1467 1558 1607 1597 parum
1627 1545 1762 1597 profitu

378 1611 487 1650 Nam
507 1619 552 1648 ut
571 1610 688 1648 audio
707 1609 808 1655 istic,

515 1677 601 1714 Non
621 1689 663 1713 ex
670 1675 758 1727 jure
777 1688 885 1713 manu
904 1675 1114 1724 consbrtzlm,
1133 1675 1207 1726 fid
1220 1675 1335 1727 magis
1339 1675 1453 1727 ferro

513 1742 604 1779 Rem
623 1749 806 1792 repetunt.

368 1808 433 1845 >Et
454 1814 497 1844 tu
519 1805 614 1843 soles
636 1805 682 1843 ad
703 1806 783 1843 vim
805 1804 1023 1843 faciendam
1044 1804 1222 1843 adhiberi
1241 1807 1253 1842 ?
1286 1819 1412 1856 neque
1432 1805 1498 1850 est,
1526 1806 1633 1857 quod
1654 1806 1775 1845 illam.

378 1871 652 1923 exceptionem
683 1871 725 1908 in
755 1870 963 1908 interdieto
992 1871 1256 1922 pertimescas,
1288 1870 1394 1922 Qtod
1409 1881 1450 1908 tu
1464 1871 1572 1922 prior
1590 1871 1635 1908 vi
1650 1871 1763 1909 homi-

379 1937 481 1976 nibus
499 1938 653 1976 armatis
673 1951 740 1975 non
760 1937 900 1975 veneris
917 1951 930 1973 .·
963 1937 1040 1974 scio
1069 1938 1176 1974 enim
1208 1947 1247 1975 te
1275 1951 1353 1975 non
1384 1938 1454 1975 effe
1483 1951 1688 1990 procacem
1721 1939 1765 1976 in

376 2002 603 2042 laceffendo.
647 2003 718 2040 Sed
740 2012 783 2040 ut
804 2016 875 2055 ego
897 2016 1054 2054 quoque
1076 2012 1112 2040 te
1133 2002 1284 2055 aliquid
1305 2003 1536 2041 admoneam
1557 2002 1603 2039 de
1625 2003 1762 2041 nostris

376 2068 649 2107 cautionibus:
683 2069 868 2106 Treviros
890 2069 986 2106 vites
1007 2068 1165 2106 censeo:
1199 2068 1314 2106 audio
1335 2068 1518 2120 capitales
1541 2065 1636 2106 effe:
1660 2070 1761 2106 mal-

377 2133 455 2171 lem
481 2146 587 2178 auro,
620 2147 704 2178 aere,
736 2142 910 2185 argento,
942 2133 1074 2171 effent.
1119 2133 1191 2170 Sed
1221 2134 1311 2171 alias
1337 2134 1576 2186 jocabimur.
1620 2135 1684 2170 Tu
1716 2133 1765 2171 ad

375 2213 439 2237 me
469 2198 515 2236 de
544 2198 624 2236 istis
654 2199 768 2236 rebus
790 2199 976 2236 omnibus
1007 2199 1148 2243 scribas
1170 2199 1290 2238 velim
1312 2213 1431 2251 quam
1452 2198 1758 2251 diligentiffime.

377 2265 428 2303 A,
451 2264 490 2302 d.
516 2277 576 2303 1v.
599 2277 693 2303 non.
717 2264 841 2303 Mart„
