2351 2997
596 239 688 293 A'D
748 252 1215 292 FAMILIARES
1275 254 1406 296 ΜΒ.
1459 254 1549 293 xv.
1690 268 1767 309 419

385 353 630 406 facturusque
652 354 720 391 s1m
742 367 834 391 cum
856 352 1035 397 studiose,
1058 361 1145 390 tum
1165 352 1347 390 libenter.
1380 354 1487 391 Nam
1509 356 1641 406 magni
1662 356 1765 393 inte-

386 420 471 465 rest,
502 421 567 457 cui
587 419 724 457 debeas
744 435 753 457 ε
787 419 924 457 debere
945 428 1075 456 autem
1096 419 1245 456 nemini
1267 419 1403 463 malui,
1427 434 1544 472 quam
1568 421 1669 465 tibi;
1702 422 1766 459 cui

382 498 446 522 me
467 498 560 522 cum
581 484 704 523 studia
723 485 964 529 communia,
998 484 1186 522 beneficia
1206 493 1363 535 paterna
1384 494 1540 537 tuaque,
1567 487 1650 537 jam
1678 496 1766 523 ante

382 550 696 600 conjunxe1·ant;
730 559 816 588 tum
836 549 1000 593 accedit,
1032 562 1118 586 mea
1137 548 1299 600 quidem
1321 549 1521 594 sententia,
1545 551 1765 589 maximum

382 614 603 659 vinculum,
628 614 734 666 quod
754 616 808 653 ita
828 614 1115 666 rempublicam
1134 614 1235 665 geris
1257 622 1372 665 atque
1391 615 1545 665 geffisti‚
1568 629 1644 667 qua
1663 615 1764 654 mihi

381 680 506 717 carius
535 680 638 718 nihil
667 680 734 725 est,
767 690 824 725 ut,
855 689 1049 732 quantum
1080 679 1154 716 tibi
1180 692 1316 717 omnes
1349 680 1444 717 boni
1475 681 1653 725 debeant,
1685 696 1765 733 quo

381 745 513 782 minus
535 745 767 783 tantundem
788 759 860 797 ego
881 758 981 783 unus
1007 744 1183 789 debeam,
1214 758 1294 782 non
1321 745 1509 783 recusem.
1556 747 1763 797 Qamob-

381 823 463 847 rem
485 809 559 848 tibi
581 810 700 848 velim
721 810 764 848 hi
785 811 858 849 fint
878 811 1021 855 exitus,
1054 823 1153 862 quos
1173 810 1347 855 mereris,
1378 820 1417 849 et
1443 825 1540 863 quos
1562 811 1645 850 fore
1664 826 1762 850 con-

380 875 474 913 fido.
520 877 623 927 Ego,
655 876 681 914 fi
708 890 771 915 me
793 877 988 928 navigatio
1009 889 1089 914 non
1109 875 1340 921 morabitur,
1370 890 1458 928 quae
1477 877 1701 916 incurrebat
1721 879 1761 916 in

380 940 481 992 ipsos
504 941 663 986 Etesias,
695 942 921 994 propediem
935 936 995 986 te,
1029 952 1071 979 ut
1093 941 1216 994 [ρει-ο,
1246 941 1402 982 videbo.
1436 943 1545 981 Vale.

440 1148 503 1186 M.
537 1150 590 1187 T.
624 1150 673 1187 C.
708 1150 810 1188 IM-P.
855 1150 904 1187 L.
937 1150 1096 1187 PAULO
1129 1150 1231 1187 Cos.
1266 1162 1454 1188 DESIGN.
1499 1151 1536 1189 S.
1570 1151 1614 1189 P.
1649 1151 1703 1190 D.

377 1277 473 1316 XII.
498 1277 689 1349 ETSI
720 1278 821 1316 mihi
849 1291 1051 1330 nunquam
1078 1278 1156 1316 fuit
1187 1277 1369 1323 dubium,
1401 1279 1498 1330 quin
1527 1288 1563 1317 te
1589 1279 1760 1332 populus

594 1344 797 1381 Romanus
827 1355 898 1394 pro
926 1343 1003 1380 tuis
1031 1343 1194 1380 summis
1224 1343 1264 1380 in
1286 1344 1572 1396 rempublicam
1593 1346 1759 1394 meritis,

376 1416 414 1445 et
448 1422 519 1460 pro
553 1408 786 1461 ampliffima
819 1407 978 1445 familiae
1011 1408 1216 1460 dignitate,
1249 1409 1404 1447 summo
1436 1409 1577 1455 studio,
1609 1413 1761 1450 cunetis

376 1473 584 1527 suffragiis,
615 1474 817 1511 consulem
847 1473 1018 1511 facturus
1053 1474 1170 1512 effet:
1204 1482 1332 1512 tamen
1367 1475 1591 1513 incredibili
1625 1476 1762 1514 laetitia

377 1539 462 1577 sum
489 1539 664 1584 affectus,
695 1553 788 1577 cum
814 1539 855 1576 id
882 1538 983 1576 mihi
1011 1540 1237 1577 nuntiatum
1266 1540 1346 1585 est;
1377 1554 1549 1593 eumque
1569 1540 1762 1581 honorem

376 1604 452 1642 tibi
472 1603 563 1641 deos
584 1603 784 1641 fortunare
803 1603 908 1649 volo,
940 1618 961 1641 a
989 1612 1105 1656 teque
1134 1618 1181 1642 ex
1212 1614 1277 1642 tua
1305 1607 1580 1658 majorumque
1601 1616 1762 1646 tuorum

376 1670 568 1722 dignitate
588 1669 860 1709 administra-ri.
893 1672 1026 1722 Atque
1043 1670 1194 1708 utinam
1215 1670 1378 1723 praesens
1399 1671 1516 1710 illum
1532 1672 1638 1710 diem
1658 1673 1761 1712 mihi

374 1735 659 1788 optatiffimum
691 1736 820 1774 videre
853 1735 1075 1789 potuissem,
1106 1750 1256 1789 proque
1288 1738 1365 1774 tuis
1391 1737 1636 1789 ampliffimis
1668 1753 1759 1791 erga.

375 1814 439 1838 me
459 1800 594 1839 studiis
615 1810 731 1852 atque
758 1801 957 1839 beneficiis
984 1801 1060 1839 tibi
1086 1815 1244 1854 operam
1268 1816 1396 1840 meam
1416 1802 1667 1855 studiumque
1688 1818 1758 1842 na-

374 1879 474 1904 vare.
564 1879 654 1903 uam
675 1865 776 1904 mihi
796 1866 1024 1904 facultatem
1044 1880 1138 1904 cum
1164 1865 1231 1904 hic
1253 1881 1324 1905 nec
1344 1868 1526 1920 opinatus
1547 1878 1584 1906 et
1605 1869 1758 1921 impro-

373 1931 476 1970 visus
498 1932 707 1985 provinciae
727 1932 833 1971 casus
855 1932 1014 1986 erIpuit,
1047 1941 1192 1978 tamen,
1224 1941 1267 1970 ut
1288 1942 1326 1970 te
1346 1933 1547 1971 consulem
1568 1936 1756 1987 rempub-

374 1998 493 2035 licam
524 2011 594 2050 pro
629 2007 695 2036 tua
725 1998 916 2051 dignitate
947 2007 1148 2052 gerentem
1180 1998 1308 2037 videre
1339 1999 1492 2051 poffim,
1524 2014 1759 2053 magnopere

374 2076 395 2100 a
415 2072 452 2100 te
470 2072 577 2115 peto,
609 2072 653 2100 ut
677 2077 834 2115 operam
864 2064 944 2109 des,
975 2064 1134 2109 efficias,
1166 2077 1214 2101 ne
1239 2064 1336 2116 quid
1363 2064 1464 2103 mihi
1494 2065 1561 2103 fiat
1589 2067 1757 2118 injuriae,

375 2141 469 2166 neve
489 2128 586 2180 quid
607 2130 793 2181 temporis
815 2129 860 2167 ad
881 2143 1014 2168 meum
1043 2143 1220 2167 annuum
1247 2143 1391 2169 munus
1420 2131 1591 2170 accedat.
1637 2133 1759 2184 Qod

375 2194 401 2231 fi
422 2192 574 2238 feceris,
606 2208 771 2248 magnus
801 2195 847 2234 ad
874 2204 940 2234 tua
966 2194 1125 2248 pristina
1149 2209 1240 2248 erga
1260 2209 1323 2234 me
1342 2195 1466 2235 studia
1485 2198 1669 2237 cumulus
1691 2212 1754 2236 ac-

375 2259 499 2298 cedet.
532 2260 643 2300 Vale.
