2351 2997
608 253 702 292 AD
760 253 1229 292 FAMILIARES
1289 255 1421 294 ΜΒ.
1483 256 1565 295 XI-
1709 271 1786 311 29,-

728 478 792 517 M.
836 479 1078 516 CicERo
1120 480 1344 518 MATro
1395 482 1433 520 S.

388 605 565 643 XXVII.
589 604 675 676 N
693 606 728 642 O
745 606 785 643 N
804 606 842 643 D
859 607 895 643 U
911 606 961 643 M
990 605 1077 643 satis
1102 606 1302 652 constitui,
1334 609 1568 648 molestiaene
1589 612 1692 664 plus,
1724 626 1771 650 an

696 671 923 722 voluptatis,
941 670 1117 709 attulerit
1137 671 1238 708 mihi
1260 673 1470 712 Trebatius
1492 676 1631 722 noster,
1650 677 1785 715 homo*

386 749 479 773 cum
502 736 639 788 plenus
660 736 795 780 officii,
815 744 901 773 tum
919 736 1119 788 utriusque
1140 736 1315 775 nostrum
1335 741 1631 779 amantissimus.
1665 743 1772 780 Nam

386 814 479 838 cum
511 802 552 838 in
587 801 862 838 Tusculanum
893 801 1040 853 vesperi
1070 802 1266 848 venissem,
1299 804 1483 856 postridie
1515 806 1582 844 ille
1613 807 1660 844 ad
1692 821 1769 852 me,

385 867 563 904 nondum
599 867 686 905 satis
722 867 836 905 firmo
871 881 1032 919 corpore
1066 882 1158 905 curn
1189 868 1292 914 effet,
1327 884 1440 908 mane
1471 873 1590 910 venit.
1638 875 1771 925 Qern

386 947 479 970 cum
501 934 764 985 objurgarem„
797 934 903 985 quod
932 947 1070 986 parurn
1100 935 1315 974 valetudini
1345 948 1546 989 parceret;
1580 949 1665 977 tum
1686 940 1768 985 ille,

386 998 489 1036 nihil
510 999 581 1036 fibi
601 999 757 1050 longius
779 998 904 1044 fuisse,
937 1013 1055 1051 quam
1077 1010 1120 1038 ut
1140 1014 1204 1038 me
1223 1002 1384 1040 videret.
1429 1004 1542 1042 Num
1564 1005 1769 1057 quidnam,

385 1064 564 1115 inquam,
596 1064 687 1101 novi
706 1065 719 1101 ?
752 1065 909 1102 Detulit
930 1065 976 1102 ad
997 1079 1060 1102 me
1080 1066 1277 1117 querelam
1299 1076 1407 1105 tuam
1427 1084 1435 1106 :
1469 1069 1515 1107 de
1543 1084 1619 1122 qua
1644 1072 1768 1123 prius,

385 1143 503 1182 quam
526 1130 752 1182 respondeo,
784 1145 906 1183 pauca
925 1145 1163 1184 praeponam.
1210 1135 1418 1185 Qantum
1445 1137 1633 1174 memoria
1658 1151 1769 1188 repe-

385 1203 464 1232 tere
485 1196 677 1247 praeterita
696 1195 864 1248 poffum,
886 1210 1003 1234 nemo
1023 1197 1075 1235 est
1096 1197 1197 1235 mihi
1220 1208 1257 1236 te
1277 1200 1426 1238 amicus
1447 1201 1646 1253 antiquior
1665 1217 1673 1239 :
1706 1202 1770 1239 sed

383 1259 547 1297 vetustas
568 1259 686 1298 habet
706 1261 856 1312 aliquid
877 1275 1089 1299 commune
1110 1276 1203 1300 cum
1224 1264 1376 1309 multis,
1406 1278 1515 1303 amor
1535 1280 1613 1303 non
1634 1265 1767 1305 habet.

384 1323 522 1361 Dilexi
544 1334 595 1369 te,
626 1339 705 1376 quo
726 1325 788 1363 die
808 1327 991 1377 cognovi,
1022 1341 1165 1379 meque
1185 1341 1206 1365 a
1230 1338 1267 1365 te
1288 1329 1401 1381 diligi
1417 1331 1606 1382 judicavi.
1654 1333 1768 1369 Tuus

382 1388 523 1427 deinde
543 1389 737 1435 disceffus,
769 1391 877 1443 isque
897 1391 1123 1437 diuturnus,
1154 1393 1320 1431 ambitio
1340 1395 1465 1433 nostra
1485 1406 1522 1434 et
1543 1397 1631 1434 vitae
1661 1397 1767 1435 diffi-

382 1454 584 1500 militudo,
615 1469 695 1493 non
727 1455 780 1493 est
810 1456 910 1508 paffa
935 1457 1155 1495 voluntates
1189 1459 1332 1497 nostras
1362 1461 1644 1500 consuetudine
1670 1477 1768 1501 con-

381 1520 584 1572 glutinari.
629 1523 768 1559 Tuum
795 1531 924 1559 tamen
946 1536 1035 1574 erga
1055 1537 1117 1561 me
1138 1524 1316 1563 animum
1337 1527 1477 1578 agnovi
1498 1527 1636 1566 multis
1657 1530 1768 1566 annis

381 1596 470 1624 ante
499 1587 649 1624 bellurn
679 1587 809 1632 civile,
841 1602 932 1626 curn
965 1589 1089 1626 Caesar
1119 1590 1210 1628 effet
1241 1591 1282 1628 in
1318 1592 1463 1630 Gallia.
1511 1594 1630 1645 Qod
1660 1596 1769 1632 enim

381 1650 633 1689 vehementer
662 1651 763 1690 mihi
793 1653 890 1690 utile
920 1653 991 1691 effe
1020 1655 1199 1706 putabas,
1231 1670 1303 1693 nec
1333 1657 1477 1694 inutile
1505 1658 1575 1710 ipfi
1611 1659 1765 1705 Caesari,

381 1715 590 1768 perfecisti,
624 1726 666 1754 ut
687 1717 755 1754 ille
775 1731 838 1755 me
859 1717 1054 1770 diligeret,
1084 1719 1243 1764 coleret,
1266 1719 1424 1758 haberet
1445 1722 1485 1758 in
1508 1722 1598 1760 suis.
1632 1724 1768 1762 Multa

380 1790 580 1833 praetereo,
611 1795 697 1834 quae
726 1783 970 1835 temporibus
999 1784 1078 1821 illis
1109 1784 1211 1822 inter
1241 1799 1310 1823 nos
1333 1786 1627 1825 familiarissime
1648 1789 1763 1835 dieta,

380 1847 535 1898 scripta,
574 1849 880 1893 communicata,
918 1849 1033 1888 sunt:
1072 1851 1245 1901 graviora
1279 1852 1386 1889 enim
1421 1853 1509 1890 sunt
1543 1854 1763 1893 consecuta.

379 1913 432 1950 Et
460 1913 575 1950 initio
604 1913 697 1951 belli
729 1915 856 1952 civilis
887 1928 979 1953 cum
1006 1916 1271 1954 Brundusium
1300 1918 1427 1956 versus
1459 1920 1531 1956 ires
1562 1921 1608 1957 ad
1638 1921 1764 1958 Caesa-

379 1991 475 2023 rem,
494 1978 630 2017 venisti
651 1979 697 2016 ad
718 1993 780 2017 me
800 1981 841 2018 in
864 1981 1137 2020 Formianum.
1171 1983 1366 2028 Primum,
1390 1983 1466 2022 hoc
1487 1985 1615 2037 ipsum
1637 2001 1763 2038 quan-

377 2044 422 2088 ti,
461 2044 672 2095 praesertim
708 2047 951 2098 temporibus
986 2048 1099 2085 illis?
1138 2049 1307 2094 Deinde,
1346 2051 1519 2088 oblitum
1554 2065 1617 2090 me
1651 2062 1763 2105 putas

378 2109 544 2153 confilii,
577 2109 780 2155 sermonis,
818 2111 1075 2150 humanitatis
1112 2115 1218 2151 tuae?
1257 2116 1404 2166 quibus
1439 2116 1554 2154 rebus
1589 2118 1765 2156 interesse

378 2175 544 2212 memini
565 2176 816 2214 Trebatium.
863 2179 951 2215 Nec
980 2193 1068 2216 vero
1090 2179 1176 2216 sum
1196 2180 1345 2218 oblitus
1367 2182 1567 2220 literarum
1592 2192 1761 2229 tuarum,

378 2253 472 2291 quas
494 2240 540 2276 ad
565 2254 628 2278 me
655 2241 802 2287 mifisti,
836 2256 928 2280 cum
962 2244 1101 2282 Caesari
1131 2245 1288 2284 obviam
1318 2248 1477 2285 venisses
1508 2248 1548 2285 in
1580 2261 1687 2300 agro,
1720 2260 1763 2288 ut

377 2306 557 2350 arbitror,
590 2307 832 2346 Trebulano.
881 2310 1067 2347 Secutum
1098 2311 1199 2348 illud
1227 2320 1381 2364 tempus
1413 2313 1479 2358 est,
1512 2328 1604 2351 cum
1632 2329 1695 2352 me
1716 2316 1762 2352 ad

379 2371 613 2423 Pompeium
634 2373 828 2424 proficisci
850 2375 922 2413 five
942 2376 1069 2427 pudor
1089 2390 1199 2414 meus
1221 2379 1364 2430 coegit,
1384 2379 1462 2417 sive
1478 2379 1669 2424 officium,
1688 2382 1761 2418 five

376 2435 546 2474 fortuna.
581 2438 699 2489 Qod
722 2439 899 2477 officium
921 2449 1050 2487 tuum,
1083 2443 1188 2494 quod
1210 2443 1396 2489 studium,
1419 2445 1478 2483 vel
1501 2446 1540 2482 in
1563 2445 1759 2483 absentem

375 2515 454 2547 me,
476 2503 536 2540 vel
558 2503 597 2540 in
619 2505 822 2556 praesentes
843 2519 966 2553 meos,
999 2508 1125 2547 defuit
1146 2510 1157 2545 ?
1190 2524 1309 2562 quem
1330 2524 1446 2562 porro
1467 2524 1602 2549 omnes
1623 2512 1700 2548 mei
1721 2521 1760 2549 et
