2351 2997
953 197 1183 251 [333]

617 453 1526 501 EPISTOLARUM

451 672 622 730 AD
750 671 1697 728 FAMILIARES

820 890 1099 930 LIBER
1190 891 1326 929 XIII,

535 1087 600 1127 M.
632 1088 686 1126 T.
720 1087 961 1126 CICERO
1004 1087 1052 1125 C.
1086 1086 1366 1125 MEMMIO
1408 1089 1446 1127 S.
1479 1088 1524 1127 P.
1558 1089 1613 1128 D.

386 1222 420 1260 1.
559 1223 597 1260 Τ
616 1222 673 1260 SI
704 1235 783 1260 non
812 1221 900 1260 satis
930 1221 1031 1260 mihi
1061 1221 1298 1266 constiterat,
1329 1234 1422 1260 cum
1446 1222 1626 1276 aliquane
1645 1223 1775 1262 animi*

575 1288 654 1324 mei
686 1286 874 1332 molestia,
905 1300 952 1324 an
985 1286 1116 1339 potius
1147 1287 1329 1332 libenter,
1361 1296 1399 1324 te
1420 1286 1589 1326 Athenis
1617 1289 1767 1327 visurus

383 1351 500 1390 effem
516 1370 528 1396 ς
561 1351 667 1403 quod
698 1352 857 1403 injuria,
887 1365 1005 1404 quam
1032 1352 1227 1404 accepisti,
1259 1352 1392 1390 dolore
1412 1366 1474 1390 me
1494 1353 1677 1398 afficeret,
1710 1354 1769 1391 sa-

384 1418 533 1470 pientia
553 1425 632 1462 tua,
664 1430 741 1470 qua
760 1416 836 1455 fers
858 1418 1058 1469 injuriam,
1091 1417 1250 1463 laetitia;
1283 1426 1413 1455 tamen
1440 1418 1573 1456 vidisse
1603 1429 1640 1457 te
1667 1420 1768 1457 mal-

384 1483 478 1523 lem.
526 1484 633 1522 Nam
653 1483 761 1536 quod
781 1483 834 1521 est
853 1483 1054 1528 molestiae,
1077 1497 1156 1522 non
1178 1483 1264 1521 sane
1283 1483 1413 1521 multo
1434 1484 1556 1521 levius
1577 1485 1645 1529 est,
1676 1499 1771 1523 cum

383 1558 422 1587 te
449 1563 528 1588 non
548 1549 689 1588 video:
722 1549 830 1602 quod
859 1549 930 1587 effe
962 1549 1094 1601 potuit
1125 1549 1354 1601 voluptatis,
1385 1559 1503 1594 certe,
1536 1550 1560 1587 fi
1593 1550 1769 1589 vidissem

382 1624 437 1660 te,
468 1615 556 1667 plus
587 1613 731 1652 fuiffet.
778 1616 915 1667 Itaque
942 1628 1022 1652 non
1050 1615 1240 1653 dubitabo
1270 1615 1358 1653 dare
1387 1629 1544 1667 operam
1573 1626 1616 1654 ut
1647 1626 1684 1654 te
1708 1619 1769 1655 vi-

385 1680 511 1725 deam,
543 1693 638 1717 cum
658 1679 698 1716 id
718 1679 806 1717 sat-is
827 1679 1036 1718 commode
1056 1679 1181 1718 facere
1201 1688 1351 1732 potero.
1385 1681 1549 1725 Interea,
1576 1682 1682 1733 quod
1704 1696 1773 1734 per

384 1745 514 1784 literas
536 1754 574 1783 et
594 1745 656 1797 agi
678 1754 824 1791 tecum,
846 1754 898 1790 et,
918 1755 961 1783 ut
981 1746 1161 1790 arbitror,
1180 1745 1338 1790 confici,
1357 1746 1494 1797 potest,
1513 1760 1624 1798 agam
1647 1761 1766 1786 nunc.

384 1813 445 1849 Ac
468 1821 505 1849 te
526 1810 626 1849 illud
646 1811 819 1863 primum
842 1811 1002 1863 rogabo,
1034 1825 1081 1849 ne
1102 1811 1198 1863 quid
1221 1812 1366 1849 invitus
1389 1825 1473 1849 mea
1493 1812 1604 1850 causa
1623 1812 1768 1859 facias;

386 1877 448 1915 sed
470 1877 523 1922 id,
542 1876 648 1929 quod
670 1890 753 1914 mea
773 1877 971 1929 intelliges
994 1878 1183 1921 multum,
1202 1886 1269 1915 tua
1289 1877 1440 1915 nullam
1461 1879 1500 1915 in
1522 1888 1687 1930 partem,
1706 1880 1768 1917 in-

386 1942 531 1987 tereffe,
553 1943 607 1980 ita
627 1941 729 1979 mihi
749 1942 830 1987 des,
849 1942 874 1980 fi
897 1942 986 1987 tibi,
1006 1951 1048 1979 ut
1071 1942 1109 1979 id
1130 1942 1299 1980 libenter
1319 1942 1450 1988 facias,
1469 1953 1556 1981 ante
1576 1945 1770 1996 persuase-

385 2008 452 2046 ris.
477 2009 583 2045 Cum
605 2007 770 2045 Patrone
791 2008 988 2060 Epicureo
1005 2007 1105 2045 mihi
1126 2008 1259 2045 omnia
1276 2008 1383 2052 sunt3
1408 2009 1476 2046 nifi
1494 2010 1599 2061 quod
1621 2011 1660 2047 in
1678 2010 1770 2063 phi-

385 2072 563 2125 losophia
582 2072 832 2110 vehementer
852 2073 899 2110 ab
921 2086 966 2110 eo
987 2073 1180 2111 dissentio.
1215 2074 1286 2111 Sed
1307 2084 1345 2111 et
1366 2074 1482 2112 initio
1503 2076 1656 2121 Romae,
1680 2090 1771 2114 cum

386 2148 423 2176 te
444 2152 602 2191 quoque
623 2147 660 2176 et
682 2147 769 2175 tuos
790 2151 927 2176 omnes
948 2138 1187 2183 observabat,
1220 2153 1282 2176 me
1312 2140 1436 2178 coluit
1464 2142 1502 2178 in
1535 2142 1672 2194 primis
1690 2161 1701 2187 3
1735 2152 1771 2180 et

386 2217 524 2256 nuper,
554 2217 646 2241 cum
667 2217 722 2249 ea,
745 2218 831 2256 quae
851 2204 993 2249 voluit,
1015 2204 1062 2242 de
1083 2204 1158 2241 suis
1181 2206 1401 2243 commodis
1423 2215 1461 2243 et
1481 2208 1651 2258 praemiis
1673 2222 1769 2245 con-

388 2270 540 2307 secutus
562 2269 629 2314 est,
661 2283 724 2307 me
754 2268 895 2307 habuit
924 2269 1084 2307 suorum
1116 2269 1364 2308 defensorum
1391 2281 1429 2309 et
1453 2273 1671 2311 amicorum
1694 2273 1772 2310 fere

387 2336 622 2387 principem.
670 2336 801 2373 Etiam
831 2349 851 2373 a
881 2335 1060 2381 Phaedro,
1093 2337 1161 2388 qui
1188 2336 1317 2381 nobis,
1349 2351 1441 2374 cum
1462 2339 1572 2390 pueri
1594 2338 1769 2382 essemus,

386 2410 474 2438 ante
495 2413 613 2453 quam
631 2399 841 2438 Philonem
857 2402 1131 2453 cognovimus,
1149 2401 1272 2446 valde,
1292 2412 1335 2439 ut
1351 2401 1626 2455 philosophus,
1645 2403 1771 2454 postea

388 2475 531 2511 tamen,
554 2475 597 2504 ut
619 2466 677 2504 vir
697 2466 838 2512 bonus,
857 2475 894 2505 et
915 2466 1038 2506 suavis
1060 2476 1098 2506 et
1118 2467 1315 2506 officiosus
1337 2468 1588 2520 probabatur,
1608 2467 1769 2506 traditus
