2351 2997
601 264 693 302 AD
752 259 1217 299 FAMILIARES
1276 261 1408 299 LIB.
1459 263 1510 301 V.
1685 278 1751 306 101

377 362 618 402 mitiffimam
648 369 757 398 tuam
786 359 1018 405 orationem,
1049 372 1169 411 quam
1198 360 1239 397 in
1270 358 1401 398 senatu
1431 359 1638 407 habuiffes‚
1670 377 1758 415 per-

378 426 552 479 scripfit:
585 439 661 476 qua
680 425 878 470 induetus,
910 425 956 463 ad
985 434 1021 463 te
1043 425 1207 463 scribere
1236 425 1321 463 sum
1350 436 1527 471 conatus,
1559 436 1598 465 et
1618 428 1684 466 abs
1707 438 1758 473 te,

376 500 570 545 quantum
591 499 656 529 tua
676 489 751 528 fert
771 491 964 536 voluntas,
985 499 1074 542 peto
1090 491 1311 544 quaesoque,
1329 501 1373 529 ut
1394 501 1481 530 tuos
1502 506 1659 531 mecum
1681 493 1758 531 ser-

377 570 440 596 ves
461 557 609 609 potius,
640 570 759 608 quam
779 566 939 608 propter
958 566 1202 608 arrogantem
1223 557 1495 595 crudelitatem
1517 568 1676 597 tuorum
1697 573 1760 598 me

376 635 596 674 oppugnes.
620 623 702 666 Tu,
725 629 808 658 tuas
831 621 1059 658 inimicitias
1082 631 1125 658 ut
1146 621 1371 674 reipublicae
1393 622 1568 668 donares,
1587 633 1624 661 te
1644 625 1759 663 vicis-

378 687 429 732 ti;
453 688 594 724 alienas
617 696 660 724 ut
679 695 815 724 contra
836 686 1121 738 rempublicam
1143 686 1367 732 confirmes,
1390 687 1618 726 adduceris?
1642 690 1760 740 Qod

376 752 404 790 fi
425 751 525 790 mihi
557 760 623 789 tua
642 751 851 788 clementia
871 764 987 803 opem
1008 752 1159 796 tuleris,
1190 753 1376 790 omnibus
1398 753 1437 790 in
1460 753 1573 790 rebus
1595 767 1657 791 me
1678 754 1761 794 fore

375 817 418 855 in
449 826 515 855 tua
542 816 728 869 potestate
758 815 833 853 tibi
862 816 1069 855 confirmo.
1117 817 1183 854 Sin
1204 816 1306 855 mihi
1327 831 1453 870 neque
1474 818 1758 869 magistratum,

376 894 502 934 neque
524 881 713 926 senatum,
745 895 871 933 neque
891 882 1101 934 populum,
1132 882 1325 927 auxiliari,
1357 892 1516 935 propter
1547 897 1631 922 eam
1663 886 1759 930 vim,

376 962 462 1001 quae
483 962 546 986 me
567 961 660 985 cum
681 947 883 1000 republica
903 948 1013 994 vicit,
1038 948 1220 993 licuerit;
1254 949 1355 994 vide,
1379 963 1440 994 ne,
1468 963 1561 987 cum
1582 951 1676 988 velis
1699 965 1760 988 re-

377 1027 512 1051 vocare
542 1022 696 1065 tempus
726 1014 909 1050 omnium
939 1014 1228 1059 servandorum,
1259 1026 1365 1052 cuns
1381 1016 1451 1067 qui
1483 1015 1652 1054 servetur
1682 1030 1761 1055 non.

377 1079 464 1123 erit,
496 1092 574 1116 non
596 1078 725 1131 poffis.
757 1079 868 1116 Vale.

398 1276 462 1314 M.
495 1278 543 1315 C.
577 1278 626 1314 C.
659 1278 950 1323 ANTONIO,
990 1277 1055 1315 M.
1088 1279 1134 1316 F.
1169 1279 1571 1326 IMPERATORI,
1613 1284 1650 1321 S.
1684 1285 1737 1323 D.

376 1404 428 1442 V.
450 1403 606 1476 ETS
622 1406 640 1443 Ι
670 1404 874 1442 statueram
904 1404 1031 1442 nullas
1061 1405 1107 1442 ad
1139 1413 1175 1442 te
1196 1405 1324 1443 literas
1347 1408 1516 1453 mittere,
1549 1411 1618 1448 nisi
1646 1425 1757 1449 com-

537 1470 810 1515 mendatitias;
836 1484 914 1509 non
935 1484 1014 1522 quo
1035 1483 1095 1508 eas
1118 1470 1381 1523 intelligerem
1402 1472 1489 1510 satis
1511 1475 1612 1526 apud
1635 1485 1671 1513 te
1693 1491 1757 1514 va—

376 1535 468 1580 lere,
486 1536 549 1574 sed
571 1549 617 1573 ne
639 1536 701 1580 iis,
724 1537 794 1588 qui
814 1549 877 1574 me
896 1545 1090 1587 rogarent,
1112 1536 1264 1588 aliquid
1281 1536 1326 1574 de
1342 1537 1468 1575 nostra
1484 1541 1760 1591 conjunctione

377 1602 639 1640 imminutum
658 1601 730 1639 effe
751 1601 1013 1646 ostenderem3
1047 1611 1191 1647 tamen,
1214 1616 1307 1640 cum
1329 1604 1382 1641 T.
1403 1604 1660 1657 Pomponius,
1683 1606 1758 1644 ho-

377 1681 443 1704 mo
468 1667 649 1704 omnium
678 1680 857 1704 meorum
887 1668 926 1704 in
957 1676 995 1704 te
1023 1667 1241 1705 studiorum
1270 1677 1308 1705 et
1337 1669 1558 1708 officiorum
1589 1674 1759 1711 maxime

376 1732 570 1776 conscius,
589 1732 647 1769 tui
667 1732 849 1784 cupidus,
868 1731 986 1770 nostri
1006 1733 1301 1777 amantiffimus,
1319 1733 1365 1770 ad
1383 1743 1419 1771 te
1435 1735 1758 1786 proficisceretur,

376 1797 526 1849 aliquid
557 1795 659 1834 mihi
693 1796 943 1834 scribendum
978 1798 1139 1848 putavi3
1177 1798 1387 1849 praesertim
1418 1814 1509 1837 cum
1545 1802 1655 1839 aliter
1689 1803 1759 1855 ipfi

380 1863 600 1914 Pomponio
622 1861 836 1900 satisfacere
857 1876 934 1900 non
956 1862 1117 1915 poffem.
1162 1864 1248 1914 Ego
1269 1864 1295 1901 fi
1317 1864 1382 1901 abs
1405 1874 1441 1902 te
1462 1866 1613 1904 summa
1631 1869 1763 1906 officia

376 1928 600 1972 defiderem,
623 1928 770 1965 mirum
791 1929 941 1966 nemini
962 1928 1083 1966 videri
1104 1928 1254 1967 debeat.
1300 1930 1447 1968 Omnia
1467 1933 1571 1970 enim
1594 1946 1614 1970 a
1634 1948 1696 1971 me
1717 1936 1759 1972 in

375 2003 414 2030 te
434 1992 605 2045 profec'ta
624 1994 728 2038 sunt,
760 2008 845 2045 quae
865 1994 911 2031 ad
934 2003 1048 2031 tuum
1069 1994 1341 2039 commodum,
1373 2010 1458 2048 quae
1483 1997 1528 2034 ad
1549 1996 1757 2045 honorem,

377 2071 462 2109 quae
478 2058 524 2095 ad
545 2058 792 2110 dignitatem,
811 2059 1064 2110 pertinerent.
1098 2060 1174 2097 Pro
1194 2060 1241 2097 iis
1263 2061 1377 2098 rebus
1395 2061 1545 2099 nullam
1567 2063 1666 2101 mihi
1690 2065 1757 2102 abs

378 2132 415 2159 te
437 2123 596 2160 relatam
615 2123 686 2161 effe
707 2124 885 2176 gratiam,
909 2133 952 2161 tu
973 2137 1011 2162 es
1033 2124 1207 2176 optimus
1229 2125 1347 2164 testis.
1382 2127 1530 2164 Contra
1548 2129 1667 2166 etiam
1687 2129 1759 2167 effe

376 2187 528 2238 aliquid
560 2188 626 2226 abs
660 2197 698 2225 te
728 2187 964 2240 profectum,
996 2202 1043 2227 ex
1071 2189 1209 2227 multis
1230 2189 1388 2229 audivi:
1421 2205 1511 2229 nam
1532 2195 1759 2246 comperisse

377 2266 453 2296 me,
477 2265 555 2290 non
576 2253 698 2290 audeo
719 2253 861 2299 dicere,
886 2267 933 2291 ne
953 2253 1054 2292 forte
1075 2254 1115 2292 id
1136 2255 1264 2307 ipsum
1285 2256 1449 2294 verbum
1470 2271 1629 2310 ponam,
1652 2260 1762 2311 quod

377 2318 444 2354 abs
473 2326 510 2354 te
536 2318 646 2355 aiunt
672 2318 768 2357 falso
794 2320 835 2357 in
867 2334 930 2358 me
962 2320 1080 2358 solere
1112 2320 1296 2360 conferri.
1343 2322 1415 2360 Sed
1435 2336 1490 2368 ea,
1523 2338 1608 2376 quae
1628 2325 1674 2361 ad
1696 2339 1758 2363 me

378 2382 502 2420 delata
535 2382 638 2428 sunt,
670 2385 774 2422 malo
809 2394 846 2423 te
877 2399 924 2425 ex
958 2386 1193 2439 Pomponio,
1225 2388 1290 2424 cui
1321 2400 1400 2426 non
1433 2389 1564 2427 minus
1599 2390 1758 2427 molesta

378 2448 552 2493 fuerunt,
584 2462 702 2501 quam
722 2463 769 2488 ex
790 2452 886 2489 meis
907 2453 1045 2498 literis,
1067 2453 1314 2505 cognoscere.
1346 2453 1464 2492 Meus
1484 2455 1525 2492 in
1547 2465 1584 2493 te
1604 2456 1755 2493 animus

379 2527 499 2566 quam
518 2513 701 2566 singulari
721 2515 852 2554 officio
878 2516 1012 2564 fuerit,
1043 2527 1082 2557 et
1108 2518 1258 2557 senatus
1288 2527 1326 2557 et
1354 2520 1525 2572 populus
1553 2521 1754 2558 Romanus
