2351 2997
572 214 623 253 66
947 213 1633 251 EPISTOLARUM

572 314 688 352 rebus
710 314 784 352 suis
806 316 959 352 coactus
985 327 1005 351 a
1032 327 1093 351 me
1116 313 1342 351 invitiffimo
1363 313 1582 358 deceffiffet,
1615 322 1759 358 tamen,
1792 320 1836 351 ut
1855 313 1954 351 vidit

572 379 747 417 interesse
768 388 846 423 tua,
879 378 1139 415 conscendens
1164 380 1247 429 jam
1276 391 1427 422 navem,
1460 377 1615 430 Epheso
1638 378 1870 416 Laodiceam
1891 392 1951 415 re-

572 446 703 484 vertit.
747 446 862 482 Talia
882 453 918 481 te
939 458 1030 481 cum
1052 443 1174 480 studia
1194 443 1345 480 videam
1372 442 1602 482 habiturum
1628 445 1699 484 effe
1726 446 1952 482 innumera-

575 511 682 554 bilia,
715 511 827 562 plane
861 509 1039 546 dubitare
1073 523 1151 546 non
1187 508 1354 561 possum,
1391 508 1489 561 quin
1524 509 1599 546 tibi
1632 510 1852 562 amplitudo
1887 510 1954 547 ista

561 568 799 613 'sollicitudo
832 574 964 612 futura
999 575 1058 613 fit.
1106 575 1145 611 Si
1179 587 1269 612 vero
1302 574 1440 619 efficis,
1472 582 1515 612 ut
1549 574 1723 612 censores
1758 584 1953 620 creentur,

572 649 611 678 et
632 640 658 678 si
679 640 732 684 ita
751 639 904 692 gefferis
926 639 1124 677 censuram
1147 649 1189 677 ut
1210 648 1248 678 et
1269 639 1383 678 debes
1405 648 1442 678 et
1463 648 1597 692 potes,
1620 653 1700 678 non
1717 639 1791 677 tibi
1812 639 1953 685 solum,

572 705 635 744 sed
670 707 747 744 tuis
782 707 967 744 omnibus
981 735 991 751 ,
1032 705 1144 743 video
1179 706 1220 743 in
1253 714 1488 758 perpetuum
1521 706 1675 744 summo
1711 715 1748 744 te
1782 705 1955 758 praesidio

571 771 769 811 futurum.
801 772 908 810 Illud
927 786 1060 825 pugna
1079 781 1117 810 et
1137 773 1297 817 enitere,
1329 786 1377 809 ne
1397 771 1494 824 quid
1514 772 1628 810 nobis
1651 772 1838 824 temporis
1859 785 1953 824 pro-

571 848 730 891 rogetur
745 857 771 884 ς.
790 847 834 876 ut
855 852 948 876 cum
968 837 1034 876 hic
1056 838 1131 876 tibi
1155 838 1471 883 satisfecerimus,
1502 837 1587 876 istic
1608 851 1765 890 quoque
1786 838 1955 876 nostram

570 904 613 942 in
635 915 672 943 te
692 905 1005 943 benevolentiam
1025 917 1160 942 navare
1181 904 1382 957 poffimus.
1420 906 1519 956 Qae
1541 904 1587 942 de
1606 903 1818 942 hominum
1838 913 1956 956 atque

570 971 755 1009 ordinum
776 972 958 1009 omnium
979 984 1067 1022 erga
1096 980 1133 1008 te
1163 971 1297 1008 studiis
1328 970 1463 1008 scribis
1489 970 1535 1008 ad
1556 984 1634 1015 me,
1665 970 1832 1007 minime
1851 969 1955 1007 mihi

569 1037 746 1075 miranda
766 1026 807 1074 et
823 1037 995 1074 maxime
1009 1037 1186 1088 jucunda
1205 1036 1430 1074 acciderunt
1449 1051 1457 1074 :
1481 1036 1694 1088 eademque
1713 1035 1760 1072 ad
1781 1049 1844 1072 me
1864 1048 1954 1087 per-

570 1103 711 1155 scripta
726 1103 815 1140 sunt
831 1116 851 1139 a
866 1101 1126 1140 familiaribus
1143 1103 1256 1140 meis.
1280 1103 1416 1154 Itaque
1436 1102 1548 1154 capio
1568 1115 1752 1154 magnam
1773 1100 1955 1153 volupta-

569 1178 665 1214 tem,
687 1183 781 1207 cum
802 1168 890 1213 tibi,
913 1169 1024 1220 cujus
1046 1167 1147 1206 mihi
1163 1168 1337 1206 amicitia
1352 1182 1429 1205 non
1447 1168 1573 1206 solum
1589 1167 1732 1220 ampla,
1754 1166 1817 1205 sed
1837 1167 1955 1205 etiarn

563 1234 740 1287 jucunda
760 1233 826 1278 est,
843 1247 886 1271 ea
902 1234 1038 1278 tribui,
1057 1248 1141 1286 quae
1158 1233 1392 1278 debeantur3
1416 1242 1502 1271 tum
1517 1247 1607 1271 vero
1623 1245 1819 1270 remanere
1834 1233 1954 1270 etiam

570 1314 676 1338 nunc
697 1300 737 1336 in
759 1300 916 1337 civitate
932 1299 1058 1337 nostra
1073 1299 1196 1336 studia
1210 1313 1331 1351 prope
1351 1299 1533 1336 omnium
1553 1297 1739 1336 consensu
1760 1310 1849 1349 erga
1868 1296 1951 1335 for-

570 1377 626 1405 tes
648 1376 686 1404 et
707 1365 915 1405 industrios
936 1366 1063 1410 viros;
1096 1380 1181 1417 quae
1202 1364 1303 1403 mihi
1324 1366 1393 1418 ipsi
1414 1379 1489 1402 una
1510 1365 1660 1417 semper
1681 1364 1827 1402 tributa
1846 1377 1953 1401 mer-

568 1446 631 1471 ces
652 1432 705 1470 est
726 1431 904 1469 laborum
925 1440 964 1469 et
984 1431 1209 1484 vigiliarum
1230 1445 1420 1469 mearum.
1454 1431 1560 1468 Illud
1575 1444 1665 1469 vero
1681 1429 1782 1468 mihi
1803 1429 1952 1481 permi-

569 1512 658 1536 rum
687 1497 844 1542 accidit,
875 1506 1024 1536 tantam
1055 1499 1314 1536 temeritatem
1335 1497 1446 1535 fuiffe
1467 1498 1507 1534 in
1528 1511 1573 1535 eo
1593 1497 1848 1541 adolescente,
1880 1509 1953 1534 cu·-

561 1565 629 1616 jus
663 1578 736 1616 ego
769 1564 932 1601 salutem
966 1564 1118 1602 duobus
1154 1564 1291 1617 capitis
1321 1564 1484 1615 judiciis
1519 1563 1669 1600 summa
1699 1562 1954 1600 contentione

566 1628 738 1674 defendi,
772 1639 814 1667 ut
845 1630 921 1666 tuis
952 1630 1174 1667 inimicitiis
1205 1629 1457 1681 suscipiendis
1484 1628 1779 1666 oblivisceretur
1798 1627 1954 1679 patroni

566 1695 749 1731 omnium
770 1693 1017 1731 fortunarum
1047 1708 1089 1731 ac
1120 1696 1317 1732 rationum
1347 1694 1529 1738 suarum,
1562 1692 1773 1744 praesertim
1795 1705 1887 1729 cum
1908 1701 1952 1729 tu

566 1760 751 1797 omnibus
769 1759 828 1797 vel
846 1761 1099 1804 ornamentis,
1118 1760 1177 1797 vel
1194 1759 1393 1812 praefidiis,
1412 1759 1658 1803 redundares,
1676 1758 1736 1794 illi
1756 1759 1818 1809 (ut
1834 1757 1950 1795 levis-

569 1826 658 1862 {ime
680 1825 826 1874 dicam)
851 1825 975 1862 multa
996 1825 1176 1862 deess‘ent.
1202 1826 1326 1876 Cujus
1343 1824 1466 1862 sermo
1483 1823 1622 1861 stultus
1640 1832 1678 1860 et
1695 1822 1855 1874 puerilis
1872 1831 1953 1860 erat

562 1892 645 1941 jam
666 1899 776 1927 antea
795 1890 840 1927 ad
862 1903 924 1927 me
945 1904 965 1927 a
985 1891 1048 1928 M.
1074 1891 1211 1934 Caelio,
1244 1890 1428 1927 familiari
1450 1889 1592 1934 nostro,
1614 1888 1876 1941 perscriptus:
1905 1887 1952 1925 de

568 1969 648 2007 quo
668 1955 764 1992 item
786 1955 958 1993 sermone
979 1956 1105 1993 multa
1126 1956 1266 2008 scripta
1287 1956 1375 1993 sunt
1396 1955 1461 1992 abs
1484 1964 1534 1992 te.
1573 1955 1660 2006 Ego
1681 1962 1811 1991 autem
1831 1953 1949 1990 citius

567 2035 660 2059 cum
681 2035 740 2065 eo,
772 2022 841 2072 qui
873 2032 954 2058 tuas
985 2022 1212 2059 inimicitias
1240 2021 1470 2073 suscepisset,
1502 2030 1671 2058 veterem
1700 2019 1949 2071 conjundtio—

568 2101 659 2125 nem
680 2086 928 2131 diremissem,
960 2101 1077 2138 quam
1108 2101 1248 2125 novam
1277 2086 1553 2124 conciliafl‘em.
1597 2086 1739 2137 Neque
1769 2084 1875 2122 enim
1905 2083 1952 2122 de

567 2166 656 2190 meo
676 2166 764 2203 erga
786 2162 822 2190 te
842 2152 968 2191 studio
990 2153 1167 2190 dubitare
1188 2152 1318 2197 debes,
1350 2165 1477 2204 neque
1497 2151 1537 2188 id
1557 2151 1610 2188 est
1630 2150 1841 2188 obscurum
1861 2149 1950 2187 cui-

568 2231 686 2269 quam
707 2218 748 2254 in
769 2219 984 2270 provincia,
1016 2232 1086 2256 nec
1109 2220 1245 2257 Romae
1266 2217 1358 2256 fuit.
1406 2217 1478 2255 Sed
1499 2226 1628 2255 tamen
1649 2215 1888 2268 significatur
1907 2215 1950 2253 in

567 2284 646 2321 tuis
668 2284 790 2321 literis
812 2284 978 2336 suspicio
998 2285 1176 2336 quaedam
1196 2294 1234 2323 et
1255 2284 1449 2322 dubitatio
1470 2292 1562 2322 tua:
1595 2282 1642 2320 de
1673 2295 1750 2335 qua
1776 2281 1950 2319 alienum

568 2359 723 2402 tempus
744 2350 796 2387 est
818 2350 917 2388 mihi
940 2359 1071 2388 tecum
1091 2350 1375 2404 expostulandi,
1407 2349 1599 2402 purgandi
1619 2358 1749 2387 autem
1769 2348 1848 2385 mei
1877 2361 1947 2385 ne-

568 2416 783 2454 cefl‘arium.
827 2417 910 2454 Ubi
931 2417 1037 2454 enim
1058 2431 1129 2469 ego
1151 2417 1337 2468 cuiquam
1357 2416 1543 2468 legationi
1564 2415 1624 2453 fui
1645 2414 1945 2467 impedimentO,

569 2494 647 2532 quo
676 2482 808 2520 minus
838 2482 1009 2520 Romam
1038 2482 1085 2520 ad
1114 2482 1269 2521 laudem
1299 2491 1407 2521 tuam
1436 2481 1688 2520 mitteretur?
1719 2488 1786 2518 aut
1805 2479 1846 2517 in
1867 2491 1947 2531 quo
