2351 2997
619 206 711 244 AD
771 206 1237 245 FAMILIARES
1296 207 1428 247 LIB.
1480 208 1553 247 XI.
1699 212 1769 251 281

394 301 503 339 causa
517 302 601 353 jam
618 302 676 339 bis
693 302 760 346 est,
778 311 821 340 ut
838 316 914 340 non
933 303 977 340 fit
998 304 1216 354 integrun15
1239 303 1413 355 primum
1436 303 1571 341 Idibus
1590 305 1768 349 Martiis;

397 366 535 404 deinde
554 367 746 418 proxime,
777 368 951 405 exercitu
979 381 1080 405 novo
1106 377 1144 405 et
1170 369 1294 420 copiis
1322 370 1569 420 comparatis,
1617 370 1770 420 Qam-

396 430 531 467 obrem
552 430 597 467 ad
618 431 750 468 omnia
779 432 832 468 ita
852 442 1004 483 paratus
1025 440 1140 483 atque
1159 434 1351 470 animatus
1375 433 1488 469 debes
1510 432 1595 477 effe,
1628 447 1704 470 non
1729 443 1771 470 ut

397 492 498 530 nihil
519 493 650 539 facias,
674 495 741 532 nisi
757 495 906 546 juffus;
930 496 993 533 sed
1015 505 1057 533 ut
1078 510 1119 533 ea
1138 510 1260 547 geras,
1283 511 1368 549 quae
1389 497 1435 534 ab
1456 497 1641 534 omnibus
1663 497 1769 535 sum-

393 571 457 595 ma
476 572 569 596 cum
589 559 843 597 admiratione
864 561 1084 599 laudentur.
1118 561 1228 599 Vale.

470 759 533 796 M.
568 759 794 797 CICERO
836 760 890 797 D.
924 760 1124 797 BRUTO
1167 759 1292 797 IMP.
1335 761 1459 798 Cos.
1504 773 1621 798 DEs.
1666 761 1703 797 S„

394 886 509 923 VIII.
536 887 598 957 E
617 888 652 924 O
685 896 859 939 tempore
880 887 991 924 Polla
1011 896 1076 925 tua
1096 887 1213 931 mifit‚
1237 896 1280 924 ut
1300 887 1346 924 ad
1369 897 1419 932 te,
1448 888 1473 925 fi
1495 888 1591 940 quid
1613 888 1769 932 vellem,

630 952 760 989 darem
781 952 996 997 literarum,
1027 966 1134 996 cum,
1166 951 1262 1003 quid
1292 952 1514 996 scriberem,
1547 967 1624 990 non
1651 952 1769 990 habe-

397 1016 501 1054 bam.
541 1017 689 1054 Omnia
708 1017 815 1053 enim
836 1026 943 1054 erant
965 1016 1139 1068 suspensa
1159 1025 1317 1068 propter
1336 1018 1644 1069 expeehltionem
1667 1017 1771 1069 lega-

395 1091 554 1126 torum3
582 1082 651 1134 qui
672 1082 767 1134 quid
788 1082 962 1133 egiffent,
985 1081 1086 1119 nihil
1108 1082 1202 1119 dum
1225 1082 1490 1120 nuntiabatur.
1524 1083 1621 1120 Haec
1644 1091 1773 1120 tamen

393 1147 593 1184 scribenda
607 1147 841 1185 existimavi:
866 1147 1039 1198 primum
1058 1147 1230 1184 senatum
1251 1147 1524 1198 populumque
1546 1148 1772 1185 Romanum

394 1213 440 1249 de
463 1222 498 1250 te
520 1213 705 1256 laborare,
724 1226 801 1249 non
819 1213 945 1250 solum
962 1212 1091 1249 salutis
1110 1212 1182 1249 suae
1203 1212 1326 1256 causa,
1349 1212 1410 1250 sed
1431 1213 1548 1249 etiam
1570 1213 1772 1264 dignitatis

393 1286 483 1315 tuae.
518 1276 775 1314 Admirabilis
797 1277 902 1314 enim
923 1276 976 1313 est
996 1276 1172 1328 quaedam
1195 1277 1251 1313 tui
1274 1278 1445 1314 nominis
1467 1278 1618 1322 caritas,
1641 1291 1771 1315 amor-

393 1355 469 1393 que
490 1342 529 1378 in
552 1351 589 1378 te
611 1341 810 1393 fingularis
832 1342 1011 1378 omnium
1039 1341 1201 1379 civium.
1249 1342 1307 1378 Ita
1336 1342 1443 1379 enim
1474 1342 1624 1394 sperant
1656 1352 1772 1394 atque

392 1406 612 1451 confidunt,
636 1415 679 1444 ut
700 1415 809 1444 antea
830 1420 931 1458 rege,
955 1407 1019 1451 fic,
1041 1405 1117 1444 hoc
1140 1415 1328 1457 tempore,
1361 1421 1494 1459 regno,
1525 1417 1562 1445 te
1583 1409 1772 1460 rempub-

392 1472 509 1511 licam
530 1472 802 1510 liberaturum.
847 1473 984 1509 Romae
1006 1471 1176 1510 deledhls
1197 1471 1378 1517 habetur,
1411 1481 1568 1525 totaque
1589 1474 1713 1517 Italia,
1746 1474 1773 1512 fi

391 1536 457 1574 hic
479 1536 649 1574 delectus
670 1536 922 1588 appellandus
943 1536 1009 1581 est,
1028 1550 1120 1574 cum
1138 1536 1242 1574 ultro
1263 1536 1299 1573 se
1314 1536 1486 1574 offerunt
1502 1551 1659 1582 omne55
1684 1547 1772 1575 tan-

392 1611 453 1640 tus
475 1602 586 1639 ardor
605 1602 812 1653 occupavit
828 1602 978 1639 animos
999 1601 1211 1639 hominum
1228 1601 1413 1639 defiderio
1433 1602 1641 1648 libertatis,
1658 1603 1772 1641 odio-

391 1680 468 1718 que
488 1667 649 1704 diutinae
670 1666 878 1704 servitutis.
912 1667 974 1704 De
994 1666 1154 1718 reliquis
1175 1666 1289 1704 rebus
1310 1679 1330 1703 a
1351 1675 1387 1704 te
1402 1668 1486 1718 jam
1501 1669 1701 1720 expedtare
1720 1668 1773 1706 li-

390 1741 488 1770 teras
510 1732 712 1776 debemus,
734 1731 830 1783 quid
850 1731 930 1784 ipse
949 1744 1052 1783 agas,
1073 1730 1170 1783 quid
1190 1731 1317 1769 noster
1337 1732 1512 1777 Hirtius,
1530 1732 1626 1784 quid
1649 1733 1773 1771 Caesar

390 1811 528 1842 meus3
560 1811 658 1849 quos
689 1797 797 1848 spero
826 1797 933 1834 brevi
962 1805 1136 1849 tempore
1157 1797 1337 1834 societate
1358 1797 1527 1836 vietoriae
1549 1807 1680 1836 tecum
1701 1812 1771 1836 co-

386 1863 540 1915 pulatos
562 1862 659 1901 fore.
706 1863 926 1914 Reliquum
949 1862 1016 1908 est,
1049 1871 1093 1900 ut
1113 1862 1160 1899 de
1180 1876 1243 1900 me
1264 1861 1304 1899 id
1325 1861 1505 1907 scribam,
1538 1863 1644 1915 quod
1666 1873 1703 1902 te
1723 1877 1771 1901 ex

388 1937 547 1965 tuorum
575 1927 698 1965 literis
727 1936 765 1964 et
795 1926 903 1979 spero
923 1936 962 1965 et
991 1927 1096 1965 malo
1125 1927 1372 1979 cognoscere,
1404 1941 1467 1965 me
1496 1941 1623 1980 neque
1653 1928 1772 1966 deeffe

388 1993 469 2030 ulla
487 1993 528 2030 in
550 2006 603 2037 re,
621 2006 747 2046 neque
768 2006 942 2044 unquam
958 1992 1204 2038 defuturum,
1223 1992 1407 2044 dignitati
1425 2001 1513 2032 tuae.
1538 1994 1616 2031 Fac
1632 1994 1769 2033 valeas.

596 2191 934 2230 D.BR1JTus
977 2192 1396 2232 M.C1eER0N1
1440 2194 1478 2232 S.
1511 2193 1566 2233 D.

389 2317 462 2356 IX.
486 2317 559 2393 P
572 2318 615 2357 A
627 2319 676 2356 N
685 2319 712 2356 S
724 2319 767 2357 A
791 2318 919 2371 amff,
950 2328 1123 2372 quantum
1143 2320 1352 2359 detrimenti
1368 2321 1563 2375 respublica
1582 2322 1770 2374 acceperit,

574 2397 642 2421 non
663 2391 698 2421 te
719 2385 905 2437 praeterit.
950 2387 1062 2424 Nunc
1080 2387 1298 2424 auffloritate
1318 2396 1353 2425 et
1367 2387 1566 2440 prudentia
1594 2396 1660 2425 tua
1681 2395 1772 2438 pro-

375 2448 514 2501 spicias
548 2456 699 2500 oportet,
736 2463 779 2488 ne
809 2449 944 2489 inimici
971 2450 1092 2503 nqstri,
1133 2451 1341 2504 Corffulibus
1365 2452 1539 2505 fitblatis,
1560 2453 1711 2504 sperent
1730 2452 1775 2503 fi

480 2515 546 2552 To
560 2526 611 2552 M.
645 2514 739 2554 VII.
1067 2510 1070 2514 ’
1381 2518 1422 2556 Ν
1453 2532 1478 2555 n
