2351 2997
607 215 700 253 AD
759 203 1226 249 FAMILIARES
1285 199 1545 239 LIB.V1.
1695 208 1769 248 135

690 445 755 484 M.
787 444 841 482 T.
874 443 923 481 C.
957 442 1007 479 A.
1042 440 1300 477 CAECINAE
1343 436 1381 473 S.
1414 434 1470 473 D..

391 579 464 617 VI.
482 575 556 648 V
575 577 608 614 E
626 576 663 613 R
678 575 711 612 E
728 575 764 612 O
781 575 833 618 R,
865 584 912 609 ne
942 567 1127 606 defidereS
1157 565 1333 603 officium
1366 574 1500 601 meum
1517 578 1529 604 3
1562 558 1668 611 quod
1698 556 1773 595 tibi

589 656 659 695 pro
680 641 805 679 nostra
824 649 862 678 et
886 636 1118 674 meritorum
1140 632 1374 674 multorum,
1405 638 1444 667 et
1473 626 1705 669 studiorum,
1736 631 1776 662 et

390 709 577 761 partium,
600 706 877 757 conjunCtione
898 699 1019 739 deeffe
1040 711 1117 735 non
1141 696 1255 734 debet
1274 711 1283 733 :
1317 693 1378 732 sed
1400 702 1529 730 tamen
1550 703 1696 733 vereor,
1729 702 1776 725 ne

390 775 591 812 literarum
621 786 642 809 a
670 784 733 808 me
762 769 940 807 officium
962 764 1132 816 requiras
1151 781 1162 807 ς
1195 774 1289 813 quas
1313 759 1387 797 tibi
1407 767 1445 796 et
1461 759 1543 809 jam
1565 755 1718 808 pridem
1738 764 1777 791 et

390 839 486 891 saepe
516 836 712 880 mififfem,
744 834 814 873 nisi
843 830 1021 886 quotidie
1041 828 1183 866 melius
1204 826 1425 877 expectans,
1457 820 1776 874 gratulationem,

390 918 509 956 quam
530 900 887 943 confirmationem,
918 896 1040 934 animi
1071 893 1130 931 tui
1159 891 1370 943 completffi
1396 888 1520 926 literis
1541 884 1775 924 maluiffem.

390 969 528 1013 Nunc,
560 976 604 1006 ut
625 966 748 1018 spero,
781 963 888 1002 brevi
908 958 1209 1013 gratulabimur.
1256 957 1392 1006 Itaque
1419 954 1459 990 in
1487 951 1594 988 aliud
1620 958 1776 1000 tempus

390 1034 431 1071 id
463 1041 740 1086 argumentum
771 1028 940 1081 epistolae
971 1024 1124 1062 differo.
1176 1022 1254 1060 His
1284 1029 1415 1057 autem
1444 1017 1568 1055 literis
1598 1015 1778 1053 animum

391 1099 520 1143 tuum,
539 1111 658 1150 quem
679 1095 845 1134 minime
866 1090 1109 1130 imbecillem
1125 1087 1196 1126 effe
1217 1096 1255 1124 et
1275 1084 1390 1122 audio
1411 1092 1449 1120 et
1470 1082 1593 1134 spero,
1611 1079 1676 1117 etfi
1698 1091 1779 1116 non

391 1163 671 1216 sapientiffimi,
702 1170 740 1198 at
760 1158 980 1197 amiciffimi
1006 1153 1181 1192 hominis
1208 1150 1435 1189 auetoritate
1462 1144 1778 1185 confirmandum

390 1230 509 1267 etiam
522 1237 645 1278 ⁴atque
665 1226 783 1263 etiam
804 1233 925 1276 put0;
949 1234 1019 1258 nec
1041 1220 1088 1257 iis
1109 1217 1270 1269 quidem
1291 1215 1434 1258 verbis,
1452 1211 1598 1264 quibus
1622 1219 1658 1248 te
1678 1222 1777 1247 con-

392 1295 489 1333 soler
510 1302 554 1331 ut
574 1291 779 1335 afflictum,
797 1290 934 1341 etjam
954 1285 1065 1324 omni
1086 1284 1149 1336 spe
1166 1283 1297 1320 salutis
1315 1280 1512 1323 orbatum,
1530 1277 1593 1314 sed
1610 1284 1653 1313 ut
1668 1288 1776 1319 eum,

392 1360 438 1398 de
458 1361 571 1412 cujus
594 1356 866 1395 incolumitate
888 1366 965 1390 non
987 1351 1076 1403 plus
1098 1349 1293 1391 dubitem,
1317 1359 1435 1398 quam
1458 1353 1495 1382 te
1515 1342 1681 1381 memini
1701 1340 1778 1378 du-

392 1426 515 1463 bitare
544 1424 591 1461 de
619 1436 719 1461 mea.
766 1421 872 1459 Nam
893 1431 986 1456 cum
1006 1430 1069 1454 me
1089 1428 1136 1452 ex
1158 1412 1359 1466 republica
1379 1408 1613 1461 expulissent
1632 1407 1676 1451 ii,
1707 1405 1779 1458 qui

390 1491 501 1528 illam
521 1489 655 1528 cadere
676 1486 778 1540 poffe
800 1485 919 1523 stante
936 1496 998 1520 me
1014 1494 1093 1519 non
1114 1486 1318 1532 putarunt,
1337 1474 1502 1514 memini
1523 1487 1585 1510 me
1601 1486 1648 1510 ex
1669 1471 1778 1509 mul-

392 1557 440 1594 tis
462 1555 700 1608 hospitibus,
731 1551 800 1604 qui
830 1550 876 1588 ad
906 1562 968 1587 me
998 1561 1045 1585 ex
1075 1545 1177 1589 Afia,
1209 1545 1250 1581 in
1278 1556 1354 1595 qua
1381 1551 1424 1578 tu
1451 1553 1547 1583 erem,
1578 1544 1778 1581 venerant,

390 1621 537 1665 audire,
570 1629 607 1657 te
639 1619 685 1656 de
714 1615 883 1668 glorioso
913 1623 951 1651 et
981 1612 1099 1650 celeri
1127 1610 1255 1648 reditu
1281 1622 1369 1645 meo
1390 1607 1635 1644 confirmare.
1683 1603 1721 1640 Si
1742 1611 1781 1640 te

392 1687 489 1724 ratio
510 1684 687 1737 quaedam
710 1681 880 1720 Etruscae
903 1678 1133 1730 disciplinae,
1151 1688 1268 1727 quam
1286 1687 1305 1711 a
1322 1682 1443 1725 patre,
1462 1669 1702 1708 nobiliflimo
1718 1676 1779 1705 at-

392 1766 468 1804 que
489 1751 642 1803 optimo
663 1749 760 1792 viro,
778 1758 992 1798 acceperas,
1018 1756 1096 1779 non
1117 1740 1287 1783 fefellit;
1313 1752 1359 1775 ne
1381 1750 1449 1774 nos
1471 1735 1632 1787 quidem
1654 1732 1781 1770 nostra

392 1816 581 1854 divinatio
601 1814 726 1857 fallet,
757 1825 875 1863 quam
906 1822 999 1846 cum
1030 1805 1397 1858 sapientiffimorum
1427 1802 1601 1838 virorum
1632 1811 1778 1836 monu-

391 1883 535 1920 mentis
556 1890 671 1932 atque
693 1877 911 1931 praeceptis,
944 1874 1210 1926 plurimoque,
1243 1880 1285 1907 ut
1308 1878 1349 1906 tu
1372 1868 1458 1911 scis,
1492 1866 1675 1903 doetrinae
1697 1863 1778 1901 stu-

391 1948 471 1991 dio,
504 1955 590 1984 tum
623 1956 766 1994 magno
798 1941 916 1978 etiam
949 1938 1015 1976 usu
1052 1934 1254 1974 tractandae
1289 1931 1529 1984 reipublicae,
1561 1941 1780 1980 magnaque

393 2012 610 2050 nostrorum
633 2018 857 2060 temporum
879 2005 1074 2047 varietate,
1106 1999 1307 2039 consecuti
1329 1998 1475 2035 sumus,
1519 1995 1597 2032 Cui
1618 1993 1780 2045 quidem

392 2075 625 2116 divinationi
646 2074 722 2112 hoc
744 2072 831 2124 plus
854 2069 1107 2111 confidimus,
1139 2066 1244 2118 quod
1265 2078 1307 2102 ea
1330 2077 1397 2100 nos
1419 2061 1521 2099 nihil
1554 2061 1594 2097 in
1615 2059 1676 2096 his
1700 2068 1780 2096 tam

392 2142 565 2181 obscuris
599 2140 712 2178 rebus
746 2148 904 2188 tamque
936 2133 1172 2187 perturbatis
1210 2143 1384 2182 unquam
1419 2127 1583 2166 omnino
1619 2123 1777 2162 fefellit.

394 2210 593 2251 Dicerem,
625 2220 710 2257 quae
738 2213 825 2241 ante
852 2202 984 2239 futura
1013 2199 1206 2242 dixissem,
1239 2197 1279 2234 ni
1300 2208 1462 2239 vererer,
1495 2207 1542 2230 ne
1563 2206 1609 2229 ex
1630 2191 1778 2229 eventis

393 2276 538 2326 fingere
559 2272 721 2309 viderer.
756 2269 828 2306 Sed
849 2278 977 2305 tamen
1001 2264 1165 2317 plurimi
1187 2262 1275 2300 sunt
1297 2261 1422 2304 testes,
1441 2273 1503 2296 me
1524 2267 1562 2295 et
1584 2257 1713 2300 initio,
1732 2269 1779 2292 ne

393 2341 649 2391 conjungeret
681 2336 716 2374 se
748 2348 840 2373 cum
872 2333 1031 2376 Caesare‚
1065 2328 1255 2368 monuiffe
1288 2325 1540 2378 Pompeium,
1571 2332 1609 2360 et
1636 2321 1776 2373 postea,

392 2420 439 2444 ne
460 2405 704 2456 sejungeret:
737 2400 1014 2452 conjunctione
1042 2396 1171 2447 frangi
1199 2394 1349 2432 senatus
1378 2404 1484 2443 opes,
1517 2387 1779 2440 disjunctione

391 2471 507 2510 civile
534 2468 686 2508 bellum
713 2466 890 2511 excitari,
920 2463 1116 2504 videbam.
1162 2462 1294 2512 Atque
1322 2458 1457 2497 utebar
1484 2452 1786 2494 fiunilia1-ifi‘11ne
