2351 2997
581 271 633 326 76
928 275 1607 315 EPISTOLARUM

584 373 818 425 prudentia?
842 374 895 418 Si,
914 374 1008 425 quid
1027 375 1273 411 rectissimum
1292 375 1349 419 fit,
1369 377 1600 426 quaerimus5
1624 377 1870 429 perspicuum
1889 377 1957 417 est.

585 439 638 482 Si,
669 437 765 490 quid
786 439 955 476 maxime
975 439 1180 490 expediat3
1214 439 1436 477 obscurum.
1470 441 1536 477 Sin
1558 442 1584 477 ii
1607 442 1753 487 sumus,
1776 445 1843 494 qui
1864 456 1956 494 pro-

583 503 684 540 fecto
700 503 771 540 effe
786 503 987 548 debemus,
1007 513 1050 541 ut
1071 503 1171 541 nihil
1192 504 1424 542 arbitremur
1443 506 1638 557 expedire,
1656 508 1725 544 nifi
1747 508 1852 559 quod
1873 522 1958 546 rec-

585 577 671 605 tum
692 566 976 620 honestumque
998 569 1061 613 fit;
1087 582 1162 606 non
1185 569 1308 620 potest
1329 569 1399 607 effe
1420 569 1601 614 dubium,
1619 571 1715 622 quid
1736 571 1958 610 faciendum

584 633 698 670 nobis
725 633 784 670 fit.
829 634 947 685 Qod
974 634 1168 671 existimas
1189 647 1315 671 meam
1335 635 1485 672 causam
1507 637 1755 687 conjunctam
1776 636 1847 674 effe
1867 651 1960 674 cum

583 706 663 743 tua,
695 707 798 735 certe
818 698 953 736 fimilis
974 699 1014 735 in
1037 708 1202 751 utroque
1222 699 1410 743 nostrum,
1433 714 1524 737 cum
1545 701 1694 752 optime
1716 701 1959 746 sentiremus,

584 776 690 800 error
708 761 800 801 fuit.
838 764 944 800 Nam
965 764 1097 800 omnia
1117 764 1317 816 utriusque
1338 765 1495 802 confilia
1514 766 1560 802 ad
1581 766 1830 803 concordiam
1851 766 1960 819 spec-

584 836 788 866 taverunt:
810 842 886 880 qua
905 842 998 866 cum
1019 829 1087 880 ipsi
1111 829 1248 866 Caesari
1270 829 1368 866 nihi]
1391 829 1480 867 esset
1501 830 1653 875 utilius,
1675 832 1839 882 gratiam
1859 844 1959 883 quo-

585 907 662 945 que
690 906 759 930 nos
787 894 885 930 inire
912 894 959 931 ab
985 908 1044 939 eo,
1077 894 1316 932 defendenda
1343 908 1449 946 pace,
1481 896 1776 934 arbitrabamur.
1821 898 1959 948 Qan-

584 968 673 997 tum
705 972 774 996 nos
807 958 1007 1004 fefellerit,
1038 969 1075 997 et
1102 974 1221 1012 quem
1253 961 1293 997 in
1321 961 1455 998 locum
1483 974 1539 998 res
1565 961 1727 998 deducta
1746 962 1806 1006 fit,
1837 962 1958 1000 vides.

586 1024 731 1076 Neque
762 1024 888 1062 solum
919 1038 962 1062 ea
992 1025 1190 1076 perspicis,
1222 1039 1307 1077 quae
1333 1034 1536 1077 geruntur,
1568 1040 1731 1078 quaeque
1752 1028 1835 1078 jam
1862 1026 1963 1078 gesta

585 1089 689 1134 sunt,
706 1087 769 1126 sed
789 1089 906 1126 etiam
927 1090 995 1140 qui
1016 1090 1147 1127 cursus
1171 1104 1314 1135 rerum,
1333 1091 1401 1142 qui
1422 1091 1565 1135 exitus,
1588 1090 1743 1129 futurus
1765 1092 1823 1129 fit.
1856 1093 1962 1144 Ergo

585 1164 652 1193 aut
679 1155 840 1207 probare
867 1165 1021 1207 oportet
1047 1170 1102 1200 ea,
1134 1170 1219 1208 quae
1246 1157 1374 1201 fiunt;
1407 1167 1472 1194 aut
1498 1158 1686 1202 interesse,
1718 1158 1862 1196 etiamfi
1885 1172 1962 1196 non

586 1220 746 1272 probes:
766 1233 933 1271 quorum
950 1221 1067 1258 altera
1083 1220 1183 1258 mihi
1200 1222 1338 1274 turpis,
1357 1221 1473 1258 altera
1488 1222 1604 1259 etiarn
1620 1223 1847 1274 periculosa,
1866 1224 1963 1261 ratio

586 1285 754 1322 videtur.
779 1286 924 1330 Restat,
944 1295 986 1322 ut
1007 1286 1283 1324 discedendum
1304 1296 1440 1339 putem
1458 1302 1465 1324 :
1490 1288 1529 1324 in
1548 1301 1626 1339 quo
1643 1286 1790 1340 reliqua
1809 1288 1963 1326 videtur

586 1350 658 1388 effe
679 1350 921 1395 deliberatio,
953 1351 1059 1402 quod
1086 1352 1292 1389 confilium
1318 1352 1357 1389 in
1379 1352 1552 1397 disceffu,
1584 1367 1669 1405 quae
1696 1353 1794 1398 loca,
1826 1354 1961 1406 sequa-

587 1429 691 1454 mur.
724 1416 903 1453 Omnino
924 1430 1014 1453 curn
1037 1416 1210 1454 miserior
1231 1426 1287 1454 res
1311 1431 1513 1469 nunquam
1534 1418 1691 1463 accidit,
1719 1428 1804 1456 tum
1825 1432 1872 1456 ne
1893 1419 1962 1456 de-

587 1480 767 1517 liberatio
788 1480 947 1531 quidem
970 1480 1195 1526 difficilior3
1229 1480 1329 1518 nihil
1357 1482 1463 1518 enim
1484 1481 1669 1519 constitui
1688 1483 1826 1534 potest,
1857 1484 1966 1534 quod

586 1559 665 1583 non
686 1545 857 1583 incurrat
878 1546 918 1583 in
940 1559 1120 1598 magnam
1142 1547 1312 1599 aliquam
1334 1547 1621 1586 difficultatem.
1655 1550 1736 1592 Tu,
1762 1549 1789 1586 fi
1809 1549 1963 1586 videbi*

587 1619 666 1655 tur,
685 1611 738 1648 ita
754 1610 888 1648 censeo
904 1610 1044 1655 facias;
1069 1622 1125 1656 ut,
1145 1612 1169 1649 fi
1186 1611 1397 1663 habesjam
1414 1612 1615 1657 statutum,
1633 1613 1729 1664 quid
1751 1614 1824 1650 tibi
1844 1627 1962 1666 agen-

586 1676 683 1713 dum
712 1684 839 1727 putes,
871 1677 911 1712 in
942 1690 1020 1727 quo
1048 1690 1125 1713 non
1153 1677 1198 1714 sit
1226 1678 1481 1728 conjunctum
1509 1677 1715 1715 confilium
1736 1687 1850 1715 tuum
1871 1693 1963 1717 cum

586 1753 690 1784 meo,
723 1739 960 1791 supersedeas
990 1740 1065 1778 hoc
1094 1741 1222 1779 labore
1244 1742 1392 1779 itineris
1412 1757 1420 1779 ε
1454 1741 1507 1778 fin
1529 1751 1658 1779 autem
1679 1742 1731 1779 est
1751 1743 1857 1794 quod
1878 1758 1963 1781 me·-

587 1818 680 1842 cum
700 1806 990 1842 communicare
1011 1806 1120 1850 velis,
1138 1820 1209 1857 ego
1231 1815 1267 1843 te
1288 1807 1510 1858 expectabo.
1535 1808 1616 1851 Tu,
1635 1807 1741 1858 quod
1762 1817 1830 1845 tuo
1851 1822 1963 1846 com-

587 1870 706 1907 modo
728 1869 807 1914 fiat,
839 1883 956 1921 quam
979 1871 1152 1922 primum
1174 1871 1292 1909 velim
1312 1873 1468 1916 venias3
1501 1872 1596 1909 ficut
1618 1872 1796 1911 intellexi
1815 1882 1854 1911 et
1875 1874 1961 1912 Sex-2

590 1935 652 1972 vio
673 1943 710 1971 et
733 1933 936 1972 Postumia?
956 1935 1120 1987 placere.
1153 1936 1263 1974 Vale-

834 2132 897 2170 M.
931 2133 983 2170 T.
1018 2133 1066 2170 C.
1104 2134 1225 2171 SER.
1259 2133 1550 2171 SULPICIO
1592 2134 1629 2171 S.
1663 2134 1716 2171 D.

590 2257 746 2328 HLV
757 2260 789 2296 E
803 2260 844 2297 H
858 2260 891 2297 E
905 2260 952 2297 M
965 2261 997 2297 E
1012 2260 1051 2298 N
1065 2261 1102 2297 T
1116 2261 1149 2297 E
1162 2261 1199 2298 R
1224 2268 1261 2297 te
1281 2260 1352 2297 effe
1369 2259 1597 2306 sollicitum,
1615 2271 1653 2299 et
1673 2262 1714 2299 in
1736 2264 1965 2300 communi—

750 2324 822 2361 bus
844 2324 1006 2362 miseriis
1023 2324 1220 2376 praecipuo
1237 2324 1406 2376 quodam
1423 2325 1555 2363 dolore
1571 2327 1675 2378 angi,
1693 2327 1812 2364 multi
1832 2327 1877 2364 ad
1894 2341 1962 2365 nos

588 2388 765 2440 quotidie
789 2388 983 2426 deferunt.
1026 2389 1144 2440 Qod
1171 2403 1396 2441 quanquam
1422 2391 1586 2428 minime
1606 2393 1741 2437 miror,
1773 2401 1811 2430 et
1830 2406 1964 2430 meum

587 2454 878 2505 quodammodo
912 2453 1076 2506 agnosco
1092 2473 1103 2498 3
1146 2454 1258 2491 doleo
1293 2463 1436 2500 tamen,
1474 2465 1510 2493 te
1545 2456 1728 2508 sapientia
1755 2456 1963 2509 praeditum

588 2532 707 2573 prope
727 2519 923 2572 fingulari,
956 2533 1033 2557 non
1056 2520 1132 2558 tuis
1154 2520 1266 2558 bonis
1294 2520 1472 2559 delectari
1501 2522 1648 2574 potius,
1680 2535 1797 2574 quam
1826 2522 1961 2560 alienis
