2351 2997
546 230 593 256 12
885 219 1569 259 EPISTOLARUM

541 318 672 364 armis,
704 319 893 371 potentia,
924 321 1068 365 valent,
1100 321 1301 373 profecisse
1322 331 1476 360 tantum
1498 322 1599 360 mihi
1621 322 1803 361 videntur
1822 324 1918 362 stul-

540 384 627 421 titia
658 393 696 421 et
727 385 983 422 inconstantia
1014 386 1331 431 adversariorum,
1364 396 1408 424 ut
1439 388 1556 425 etiam
1584 389 1809 427 auetoritate
1836 390 1919 441 jam

538 449 628 501 plus
649 450 834 488 valerent.
871 452 1023 502 Itaque,
1045 452 1248 502 perpaucis
1270 451 1573 497 adversantibus,
1596 454 1743 499 omnia,
1765 468 1851 506 quae
1872 469 1919 493 ne

537 528 607 567 per
625 515 819 566 populum
841 515 1002 566 quidem
1024 516 1101 552 fine
1122 516 1310 554 seditione
1330 516 1366 554 se
1386 517 1527 569 affequi
1553 518 1655 569 posse
1676 520 1918 557 arbitraban-

538 589 616 623 tur,
649 593 715 631 pet
735 579 909 618 senatum
930 580 1129 619 consecuti
1151 581 1254 620 sunt.
1301 582 1407 620 Nam
1440 592 1477 620 et
1509 582 1747 634 stipendium
1780 585 1919 623 Caesari

538 644 738 682 decretum
773 645 839 690 est,
871 656 908 683 et
943 646 1077 684 decern
1112 647 1257 699 legati:
1290 656 1342 692 et,
1375 662 1422 686 ne
1454 648 1539 700 lege
1571 649 1799 701 Sempronia
1830 650 1916 688 suc-

537 709 751 755 cederetur,
783 710 897 748 facile
928 711 1145 764 perfectum
1178 712 1243 751 est.
1290 713 1409 764 Qod
1438 713 1487 751 ad
1520 723 1557 751 te
1589 714 1743 752 brevius
1776 715 1916 761 scribo,

537 776 630 827 quia
649 789 713 814 me
732 775 848 814 status
870 776 936 815 hic
958 778 1183 830 reipublicae
1204 792 1282 815 non
1304 778 1489 817 delectat:
1514 779 1641 817 scribo
1657 788 1802 825 tamen,
1821 790 1864 819 ut
1881 790 1918 819 te

535 841 780 887 admoneam,
799 842 905 895 quod
927 843 1020 895 ipse,
1043 844 1165 881 literis
1187 844 1372 882 omnibus
1389 858 1409 882 a
1424 845 1590 897 pueritia
1610 845 1780 891 deditus,
1797 860 1916 900 expe-

536 907 671 946 riendo
701 918 830 946 tamen
859 909 998 960 magis,
1031 923 1149 962 quam
1179 909 1376 955 discendo,
1409 911 1591 962 cognovi,
1623 919 1666 949 tu
1697 912 1810 950 rebus
1839 914 1916 950 tuis

534 973 698 1025 integris
720 973 863 1018 discas;
897 988 1022 1026 neque
1043 974 1174 1012 salutis
1196 975 1330 1013 nostrae
1350 977 1541 1014 rationem
1561 975 1781 1014 habendam
1802 977 1916 1016 nobis

534 1038 607 1077 effe
627 1039 704 1076 fine
725 1039 929 1091 dignitate,
961 1053 1088 1091 neque
1108 1039 1310 1092 dignitatis
1332 1041 1409 1078 fine
1430 1041 1563 1079 salute.
1607 1042 1727 1092 Qod
1749 1042 1849 1080 mihi
1870 1042 1916 1080 de

534 1104 616 1142 filia
643 1113 682 1142 et
714 1104 760 1141 de
791 1104 1009 1156 Craffipede
1033 1105 1252 1155 gratularis,
1283 1106 1449 1157 agnosco
1470 1105 1757 1145 humanitatem
1777 1116 1913 1146 tuam:

535 1169 720 1221 speroque
750 1177 789 1206 et
820 1178 915 1221 opto
949 1169 1063 1206 nobis
1097 1169 1198 1208 hanc
1233 1171 1553 1223 conjundtionem
1587 1172 1781 1224 voluptati
1815 1172 1913 1212 fore.

534 1235 753 1273 Lentulum
774 1233 963 1279 nostrum,
995 1236 1138 1273 eximia
1167 1236 1230 1288 spe
1256 1237 1416 1275 summae
1436 1237 1592 1275 virtutis
1613 1237 1912 1284 adolescentem,

532 1315 625 1339 cum
646 1300 791 1338 caeteris
813 1300 975 1345 artibus,
1008 1301 1152 1352 quibus
1174 1302 1349 1340 studuisti
1371 1303 1518 1355 semper
1539 1302 1631 1355 ipse,
1659 1312 1745 1342 tum
1766 1304 1806 1341 in
1827 1306 1911 1356 pri—

533 1369 608 1405 mis
630 1366 850 1404 imitatione
871 1368 943 1411 tui,
975 1367 1036 1405 fac
1057 1368 1206 1406 erudias
1226 1384 1234 1406 ε
1268 1369 1377 1407 nulla
1405 1371 1511 1407 enim
1540 1370 1613 1407 erit
1637 1368 1709 1407 hac
1730 1371 1912 1422 praestan-

530 1434 608 1471 tior
628 1432 833 1484 disciplina
852 1448 859 1470 :
893 1446 1012 1485 quem
1034 1447 1118 1478 nOS,
1151 1444 1188 1472 et
1216 1436 1308 1486 quia
1333 1445 1436 1480 tuus,
1469 1444 1505 1473 et
1527 1436 1619 1487 quia
1639 1444 1675 1473 te
1696 1435 1838 1487 dignus
1859 1437 1912 1475 est

531 1499 652 1543 filius,
684 1507 722 1535 et
751 1498 843 1549 quia
872 1512 940 1535 nos
971 1499 1117 1550 diligit,
1151 1501 1376 1553 semperque
1397 1501 1551 1546 dilexit,
1584 1502 1622 1538 in
1645 1502 1782 1554 primis
1804 1515 1909 1540 ama-

531 1578 634 1610 mus,
665 1577 876 1616 carumque
897 1564 1100 1603 habemus.

679 1762 742 1800 M.
776 1764 828 1800 T.
863 1764 910 1800 C.
946 1763 989 1800 P.
1023 1764 1314 1801 LENTULO
1349 1764 1593 1802 Pssocos.
1629 1766 1665 1802 S.
1700 1766 1753 1803 D.

530 1890 728 1962 VHI‘D
743 1891 775 1928 E
808 1891 992 1928 omnibus
1014 1891 1143 1936 rebus,
1175 1905 1260 1943 quae
1281 1892 1326 1928 ad
1348 1901 1384 1929 te
1407 1892 1618 1943 pertinent,
1645 1892 1740 1945 quid
1761 1895 1905 1939 aecum,

760 1955 857 2007 quid
877 1955 1135 1994 constitutum
1157 1956 1216 2000 fit,
1239 1957 1335 2009 quid
1357 1958 1567 2009 Pompeius
1589 1958 1810 2011 susceperit,
1833 1973 1906 2012 op—

528 2022 625 2058 time
653 2034 700 2058 ex
730 2021 793 2059 M.
819 2021 1001 2059 Plaetorio
1030 2021 1267 2074 cognoscem
1300 2023 1369 2075 qui
1394 2037 1473 2060 non
1494 2023 1620 2061 solum
1641 2024 1823 2062 interfuit
1844 2024 1905 2063 his

526 2087 655 2130 rebus,
678 2085 741 2123 sed
762 2087 881 2124 etiam
902 2086 1082 2139 praefuit3
1110 2101 1237 2140 neque
1257 2088 1385 2126 ullum
1407 2089 1584 2127 officium
1605 2103 1694 2142 erga
1715 2098 1751 2127 te
1771 2089 1906 2127 homi-

525 2153 586 2189 nis
608 2152 870 2197 amantiffimi,
894 2153 1195 2205 prudentiffimi,
1218 2154 1517 2206 diligentiffimi,
1550 2155 1806 2207 praetermifit.
1844 2156 1906 2193 Ex

525 2217 662 2254 eodem
679 2217 724 2254 de
745 2227 828 2255 toto
849 2218 946 2256 statu
967 2233 1096 2256 rerum
1117 2220 1393 2258 communium
1412 2221 1644 2272 cognosces,
1668 2234 1754 2274 quae
1774 2220 1905 2272 quales

525 2282 612 2326 sint,
645 2296 722 2320 non
750 2283 865 2321 facile
894 2283 946 2321 est
975 2284 1153 2323 scribere.
1201 2286 1299 2323 Sunt
1319 2285 1479 2337 quidem
1500 2295 1603 2323 certe
1623 2287 1664 2324 in
1684 2286 1905 2323 amicorum

525 2349 743 2386 nostrorum
763 2350 963 2402 potestate,
985 2360 1101 2403 atque
1122 2352 1188 2396 ita,
1211 2360 1255 2389 ut
1277 2352 1427 2390 nullam
1447 2353 1708 2390 mutationem
1729 2365 1905 2404 unquam

521 2413 593 2451 hac
615 2413 824 2452 hominum
841 2425 949 2454 aetate
970 2415 1150 2453 habitura
1171 2429 1227 2453 res
1250 2416 1320 2454 effe
1340 2417 1528 2455 videatur.
1563 2419 1649 2469 Ego
1665 2417 1840 2469 quidem,
1858 2425 1902 2454 ut

523 2480 659 2525 debeo,
690 2490 729 2519 et
758 2491 801 2520 ut
832 2491 915 2520 tute
945 2481 1046 2521 mihi
1067 2482 1295 2536 praecepisti‚
1328 2492 1366 2522 et
1387 2493 1430 2523 ut
1451 2497 1513 2523 me
1534 2484 1656 2535 pietas
1679 2482 1903 2534 utilitasque
