2351 2997
659 258 751 295 AD
811 255 1276 294 FAMILIARES
1335 255 1468 293 LIB.
1515 256 1588 294 IX.
1741 270 1818 311 227

433 366 538 395 tuos.
585 357 732 394 Actum
759 355 881 407 igitur
906 354 952 392 de
974 363 1010 392 te
1030 354 1097 400 est,
1130 355 1199 393 nisi
1219 353 1413 407 provides.
1461 354 1575 391 Potes
1597 354 1708 392 mulo
1729 355 1813 400 isto,

429 435 551 474 quem
573 421 647 458 tibi
668 421 866 473 reliquum
887 419 985 458 dicis
1010 420 1097 465 effe,
1128 420 1285 472 quando
1315 418 1564 457 cantherium
1596 420 1813 465 comedisti,

433 487 605 525 Romam
626 486 799 540 pervehi.
833 485 933 523 Sella
954 487 1027 523 tibi
1048 487 1122 523 erit
1152 487 1193 523 in
1222 486 1330 529 ludo,
1363 494 1549 537 tanquam
1578 485 1812 538 hypodidas-

431 552 530 597 calo,
562 554 767 606 proxima:
801 565 885 590 eam
906 553 1092 603 pulvinus
1114 552 1308 604 sequetur.
1342 551 1452 589 Vale.

608 753 850 789 CICERO
893 751 940 789 L.
975 750 1247 787 PAPIRIO
1286 750 1460 787 PAETo
1501 751 1539 787 S.
1574 751 1626 787 D.

428 878 543 917 XIX.
558 876 749 951 TAM
763 882 796 918 E
810 879 850 917 N
880 893 901 917 a
920 879 1069 917 malitia
1090 892 1167 916 non
1190 877 1353 916 discedis
1371 893 1378 915 :
1404 877 1607 916 tenuiculo
1627 889 1810 930 apparatu

660 945 850 996 significas
874 944 1041 981 Balbum
1062 942 1174 980 fuiffe
1194 952 1427 980 contentum
1447 958 1455 980 :
1489 941 1565 980 hoc
1585 943 1726 981 videris
1748 944 1810 982 di-

428 1023 528 1054 cere,
561 1023 653 1047 cum
673 1023 780 1061 reges
803 1018 883 1046 tam
904 1009 977 1046 sint
997 1009 1257 1052 continentes,
1290 1008 1419 1046 multo
1440 1009 1563 1059 magis
1592 1007 1809 1047 consulares

427 1074 499 1111 effe
520 1084 711 1126 oportere.
745 1074 882 1112 Nescis
904 1088 967 1111 me
988 1073 1034 1110 ab
1055 1073 1125 1110 illo
1146 1073 1279 1110 omnia
1298 1072 1563 1124 expiscatum:
1588 1075 1687 1111 reeta
1703 1075 1810 1124 enirn

426 1153 448 1177 a
466 1150 578 1192 porta
598 1140 762 1177 domum
784 1153 909 1177 meam
931 1139 1084 1177 veniss'e.
1128 1139 1269 1190 Neque
1289 1138 1365 1176 hoc
1386 1138 1569 1181 admiror,
1602 1139 1709 1190 quod
1730 1153 1811 1178 non

425 1205 473 1242 ad
495 1215 602 1242 tuam
630 1205 789 1257 potius;
823 1204 886 1242 sed
918 1204 1033 1248 illud,
1065 1204 1172 1256 quod
1204 1217 1283 1241 non
1314 1204 1361 1241 ad
1392 1203 1513 1241 suam.
1561 1205 1648 1255 Ego
1679 1214 1810 1243 autem

425 1271 563 1322 primis
598 1270 722 1308 tribus
755 1270 897 1315 verbis,
931 1269 1040 1321 Qid
1075 1269 1200 1307 noster
1233 1270 1392 1307 Paetus?
1424 1271 1480 1307 At
1513 1269 1582 1306 ille
1613 1270 1808 1322 adjurans,

426 1331 632 1382 Nusquam
661 1331 697 1368 se
730 1344 904 1382 unquam
937 1331 1141 1368 libentius.
1188 1330 1280 1368 Hoc
1313 1330 1339 1368 fi
1371 1330 1498 1368 verbis
1531 1330 1719 1369 ass‘ecutus
1752 1346 1807 1377 es,

424 1411 531 1435 aures
553 1396 600 1434 ad
622 1405 659 1434 te
685 1396 843 1434 afferam
873 1410 951 1434 non
982 1396 1112 1434 minus
1142 1395 1336 1447 elegantes
1359 1411 1368 1434 2
1402 1396 1456 1433 fin
1477 1405 1607 1434 autem
1628 1397 1806 1442 obsonio,

423 1471 514 1515 peto
547 1475 566 1499 a
597 1471 647 1507 te,
680 1475 728 1498 ne
760 1461 889 1514 pluris'
914 1461 986 1500 effe
1018 1461 1170 1506 balbos,
1201 1474 1322 1513 quam
1353 1460 1528 1506 disertos,
1560 1471 1688 1513 putes.
1735 1463 1808 1500 Me

424 1527 602 1580 quotidie
629 1527 735 1564 aliud
762 1541 810 1566 ex
836 1528 913 1566 alio
942 1527 1125 1580 impedit.
1173 1526 1260 1571 Sed,
1292 1527 1318 1564 fi
1346 1540 1410 1565 me
1440 1526 1661 1579 expediero,
1693 1537 1737 1566 ut
1766 1529 1808 1566 in

422 1593 494 1631 ista
512 1593 598 1630 loca
618 1593 748 1630 venire
768 1593 920 1644 poflim,
952 1607 1031 1630 non
1062 1593 1312 1632 committam
1342 1602 1386 1630 ut
1415 1602 1454 1630 te
1481 1592 1561 1631 sero
1591 1608 1611 1631 a
1637 1607 1700 1632 me
1721 1608 1806 1632 cer—

423 1658 565 1695 tiorem
586 1656 731 1694 factum
752 1667 879 1709 putes.
913 1657 1024 1695 Vale.

852 1864 1118 1900 CICERO
1168 1862 1372 1900 PAETo.

422 1993 513 2030 XX.
539 1991 616 2063 D
631 1992 667 2027 U
683 1991 711 2027 P
725 1991 757 2027 L
772 1992 787 2028 Ι
802 1991 833 2027 C
849 1992 915 2028 [T
929 1992 961 2028 E
976 1991 1012 2029 R
1043 1989 1253 2027 deleetatus
1276 1990 1361 2028 sum
1382 1992 1459 2029 tuis
1482 1991 1620 2037 literis,
1638 2002 1676 2030 et
1697 1994 1804 2045 quod

649 2055 728 2107 ipse
749 2055 824 2099 rifi,
857 2064 895 2092 et
916 2055 1022 2107 quod
1052 2063 1089 2092 te
1109 2055 1289 2093 intellexi
1313 2056 1397 2107 jam
1423 2056 1526 2108 pofi‘e
1547 2057 1685 2096 ridere.
1731 2058 1805 2096 Me

417 2131 549 2161 autem
571 2136 591 2159 a
611 2130 648 2158 te
669 2129 713 2158 ut
734 2120 904 2158 scurram
924 2121 1083 2158 velitem
1114 2120 1227 2158 malis
1255 2130 1459 2160 oneratum
1488 2121 1574 2168 effe,
1606 2135 1686 2160 non
1713 2137 1802 2162 mo-

419 2188 509 2226 leste
530 2187 619 2225 tuli.
653 2185 759 2223 Illud
780 2185 908 2230 doleo,
940 2186 979 2222 in
1003 2185 1069 2223 ista
1089 2185 1174 2223 loca
1192 2186 1323 2224 venire
1344 2200 1420 2231 me,
1444 2196 1487 2225 ut
1508 2188 1800 2234 constitueram,

419 2267 499 2291 non
519 2252 710 2306 potuiffe:
742 2251 933 2289 habuisses
959 2252 1065 2289 enim
1095 2265 1174 2289 non
1204 2250 1414 2304 hospitem,
1448 2253 1510 2291 sed
1537 2254 1802 2292 contuberna-

419 2319 513 2356 lem.
552 2319 607 2355 At
627 2331 745 2369 quem
765 2318 894 2355 virum
913 2318 926 2354 ?
959 2330 1036 2354 non
1058 2331 1164 2362 eum,
1196 2331 1316 2369 quem
1338 2327 1381 2356 tu
1401 2332 1440 2356 es
1463 2319 1598 2357 solitus
1620 2320 1800 2372 promul-

418 2383 496 2421 fide
516 2382 721 2420 conficere.
760 2383 956 2434 Integram
978 2382 1122 2420 famem
1144 2382 1190 2420 ad
1211 2396 1331 2421 ovum
1352 2383 1497 2429 affero;
1531 2385 1660 2436 itaque
1681 2384 1801 2436 usque

418 2449 465 2487 ad
486 2448 605 2486 affum
632 2447 847 2486 vitulinum
875 2461 990 2500 opera
1015 2448 1257 2500 perducitur.
1305 2449 1379 2486 Illa
1408 2462 1506 2493 mea,
1539 2464 1623 2501 quae
1653 2449 1800 2486 solebas

419 2524 531 2553 antea
550 2514 718 2560 laudare,
755 2515 790 2552 O
812 2513 1016 2553 hominem
1036 2514 1194 2553 facilem
1214 2515 1221 2552 l
1255 2528 1278 2552 o
1299 2514 1495 2566 hospitem
1518 2529 1595 2553 non
1616 2528 1771 2566 gravem
1791 2515 1799 2552 ἓ

1374 2581 1406 2618 F
1436 2579 1458 2616 f
1484 2593 1503 2618 2
