2351 2997
619 196 711 234 AD
770 191 1235 232 FAMILIARES
1295 191 1430 229 ΜΒ.
1480 192 1599 230 xm.
1736 207 1811 245 343

418 294 740 333 commendatum
771 291 846 330 tibi
875 305 966 330 eum
995 291 1209 329 arbitrabar
1238 291 1285 328 ab
1321 290 1404 343 ipso
1438 304 1548 328 more
1583 292 1806 342 majorum5

417 361 501 413 qui,
534 369 577 397 ut
599 368 636 396 te
657 371 736 396 non
757 356 876 409 fugit,
905 356 1007 394 hanc
1028 356 1226 408 quaesturae
1247 356 1569 408 conjunffionem
1590 356 1807 394 liberorum

418 423 689 462 neceffitudini
706 423 929 475 proximam
946 422 1072 460 voluit
1089 421 1174 460 effe.
1209 421 1281 459 Sed
1302 435 1395 459 cum
1413 421 1483 459 fibi
1504 421 1557 458 ita
1573 420 1807 473 persuafiffet

416 489 511 542 ipse,
530 502 632 526 meas
650 488 696 526 de
713 488 748 525 se
764 497 940 526 accurate
956 487 1116 540 scriptas
1132 487 1262 525 literas
1279 488 1499 525 maximum
1520 487 1623 539 apud
1645 496 1680 524 te
1701 500 1804 538 pon-

417 555 488 592 dus
519 554 734 598 habituras,
766 568 786 590 a
816 567 956 606 meque
987 553 1254 597 contenderet,
1287 562 1331 590 ut
1361 567 1479 604 quam
1510 553 1803 604 diligentissime

416 620 653 665 scriberem,
686 620 809 657 malui
829 618 968 662 facere,
991 618 1098 669 quod
1119 631 1228 655 meus
1250 617 1453 655 familiaris
1475 618 1573 655 tanti
1595 618 1658 655 sua
1679 618 1802 655 inter-

416 685 487 723 effe
503 686 767 723 arbitraretur.
791 685 848 721 Ut
869 684 990 734 igitur
1005 682 1145 720 debere
1160 695 1223 719 me
1239 681 1364 720 facere
1378 681 1457 719 hoc
1472 682 1690 733 intelligam
1710 697 1804 720 cum

415 751 592 802 primum
625 750 688 787 M.
712 748 924 786 Terentius
945 747 986 784 in
1007 746 1140 784 forum
1161 748 1282 791 venit,
1314 747 1361 783 ad
1381 747 1598 784 amicitiam
1618 748 1654 784 se
1675 761 1806 785 meam

415 815 606 853 contulit.
650 813 822 857 Deinde,
853 822 898 850 ut
930 812 965 850 se
995 812 1274 857 corroboravit,
1307 812 1391 850 duae
1411 811 1531 850 causae
1551 812 1800 856 accesserunt,

416 894 500 932 quae
522 893 650 918 meam
669 880 711 917 in
732 879 850 917 illum
872 878 1185 916 benevolentiam
1211 886 1397 931 augerent
1416 892 1424 915 :
1458 891 1548 923 una,
1580 878 1687 929 quod
1716 892 1804 916 ver-

416 946 570 984 sabatur
593 946 635 983 in
654 944 732 983 hoc
753 944 879 982 studio
899 943 1045 988 nostro,
1075 957 1156 995 quo
1175 944 1293 981 etiam
1317 957 1422 981 nunc
1443 944 1615 981 maxime
1636 943 1804 981 delei&-

417 1025 521 1056 mur,
544 1020 582 1048 et
603 1024 695 1049 cum
716 1011 890 1062 ingenio,
909 1018 953 1047 ut
973 1009 1087 1054 nosti,
1105 1023 1177 1047 nec
1197 1009 1275 1047 fine
1295 1008 1501 1046 industria:
1525 1009 1679 1053 deinde,
1699 1009 1807 1061 quod

416 1086 568 1115 mature
589 1077 624 1115 se
645 1077 817 1115 contulit
842 1076 883 1113 in
912 1075 1111 1113 societates
1141 1075 1475 1128 publicanorum3
1506 1075 1613 1126 quod
1640 1075 1804 1126 >quidem

416 1143 594 1188 nollem;
626 1143 810 1181 maximis
837 1142 945 1180 enim
966 1142 1118 1179 damnis
1139 1141 1298 1180 affestus
1319 1141 1386 1180 est.
1433 1141 1506 1179 Sed
1536 1151 1665 1179 tamen
1695 1142 1809 1179 causa

417 1209 642 1247 communis
673 1208 821 1246 ordinis
843 1206 944 1245 mihi
971 1207 1340 1245 commendatiffimi
1361 1206 1457 1244 fecit
1476 1207 1692 1245 amicitiam
1714 1208 1807 1245 nos-

419 1285 517 1312 tram
539 1275 770 1312 firmiorem.
818 1273 975 1312 Deinde
994 1273 1162 1312 versatus
1184 1275 1224 1311 in
1248 1273 1422 1325 utrisque
1442 1273 1633 1311 subselliis
1655 1274 1807 1325 optima

417 1348 455 1376 et
485 1339 561 1377 fide
590 1349 628 1377 et
658 1339 774 1384 fama,
801 1340 886 1391 jam
919 1348 1007 1376 ante
1037 1338 1138 1376 hanc
1173 1338 1526 1376 commutationem
1561 1338 1802 1390 respublicae,

418 1405 602 1457 petitioni
640 1405 715 1442 sese
749 1404 871 1449 dedit,
916 1403 1188 1456 honoremque
1222 1404 1531 1442 honestiffimum
1571 1404 1813 1442 existimavit·

417 1471 592 1508 fruCtum
613 1470 756 1508 laboris
778 1470 850 1509 sui.
898 1471 975 1507 His
1008 1480 1140 1507 autem
1172 1471 1417 1522 temporibus
1450 1484 1470 1506 a
1497 1484 1559 1507 me
1589 1470 1806 1507 Brundufio

417 1551 510 1574 cum
530 1537 653 1574 literis
674 1545 713 1574 et
732 1535 925 1574 mandatis
947 1534 1144 1587 prosterus
1166 1535 1212 1573 ad
1234 1535 1424 1573 Caesarem
1444 1535 1525 1579 est;
1549 1549 1626 1586 qua
1646 1536 1686 1572 in
1709 1549 1746 1573 re
1767 1545 1810 1573 et

418 1616 591 1640 amorem
611 1603 694 1653 ejus
715 1602 756 1638 in
777 1601 1021 1653 suscipiendo
1042 1601 1202 1653 negotio
1221 1601 1412 1653 perspexi,
1438 1611 1476 1638 et
1497 1601 1537 1638 in
1558 1601 1808 1638 conficiendo

418 1682 461 1705 ac
483 1666 743 1705 renuntiando
764 1666 898 1704 fidem.
942 1666 1089 1703 Videor
1113 1665 1230 1710 mihi,
1262 1680 1353 1703 cum
1376 1666 1579 1717 separatim
1601 1667 1647 1704 de
1666 1668 1805 1719 probi-

418 1743 496 1770 tate
517 1734 600 1784 ejus
621 1741 658 1770 et
679 1732 856 1769 moribus
879 1731 1052 1768 diciturus
1073 1729 1243 1775 fuissem,
1262 1731 1286 1768 fi
1309 1730 1416 1782 prius
1438 1731 1605 1775 causam,
1623 1745 1693 1768 cur
1713 1745 1807 1769 eum

418 1808 618 1850 tantopere
640 1798 861 1849 diligerem,
889 1797 961 1834 tibi
983 1796 1253 1849 exposuissem,
1286 1797 1325 1833 in
1348 1796 1427 1848 ipsa
1447 1796 1556 1834 causa
1576 1797 1807 1848 exponenda

419 1865 504 1901 satis
526 1864 643 1901 etiam
665 1863 711 1900 de
732 1863 926 1914 probitate
943 1862 1091 1900 dixiffe.
1126 1862 1199 1899 Sed
1220 1871 1348 1899 tamen
1372 1862 1574 1913 separatim
1596 1863 1803 1913 promitto,

417 1930 457 1966 in
479 1942 619 1980 meque
641 1928 804 1980 recipio,
835 1926 918 1964 fore
945 1941 1037 1964 eum
1065 1927 1139 1964 tibi
1166 1935 1205 1964 et
1226 1927 1420 1979 voluptati
1441 1936 1479 1964 et
1501 1927 1585 1964 usui
1605 1942 1613 1964 ε
1647 1941 1737 1964 nam
1767 1938 1806 1965 et

418 1994 635 2032 modestum
658 1992 864 2031 hominem
884 1993 1109 2044 cognosces,
1142 2002 1180 2029 et
1210 1992 1460 2044 prudentem,
1491 2002 1531 2029 et
1550 2006 1570 2029 a
1591 1993 1806 2044 cupiditate

417 2060 526 2097 omni
544 2059 865 2103 remotiffimum3
888 2068 1069 2110 praeterea
1085 2059 1218 2109 magni
1236 2059 1393 2103 laboris,
1413 2059 1653 2110 summaeque
1669 2060 1805 2096 indus-

418 2126 514 2163 triae.
548 2125 691 2176 Neque
712 2138 785 2176 ego
806 2123 890 2161 haec
911 2123 1091 2175 polliceri
1113 2123 1249 2168 debeo,
1282 2139 1367 2176 quae
1390 2125 1463 2162 tibi
1485 2125 1569 2177 ipfi,
1592 2139 1685 2162 cum
1709 2125 1806 2162 bene

419 2191 615 2242 cognoriS,
628 2189 842 2241 judicanda
862 2189 970 2226 sunt:
995 2188 1057 2226 sed
1074 2198 1203 2226 tamen
1222 2190 1261 2226 in
1279 2191 1465 2228 omnibus
1482 2191 1593 2229 novis
1610 2192 1803 2243 conjunc-

420 2257 594 2294 tionibus
616 2255 787 2300 interest,
819 2255 945 2307 qualis
967 2256 1118 2307 primus
1139 2255 1266 2293 aditus
1289 2256 1348 2301 fit,
1379 2266 1417 2294 et
1445 2270 1521 2309 qua
1548 2257 1803 2294 commenda-

420 2324 525 2359 tione
547 2321 651 2373 quafi
673 2321 855 2358 amicitiae
876 2320 978 2358 fores
1000 2321 1235 2373 aperiantur.
1260 2321 1380 2372 Qod
1401 2335 1474 2374 ego
1494 2321 1555 2359 his
1578 2323 1700 2359 literis
1717 2323 1802 2359 effi-

418 2402 503 2426 cere
524 2387 656 2431 volui,
679 2386 745 2424 etsi
767 2387 807 2423 id
828 2387 908 2439 ipsa
927 2401 994 2439 per
1016 2387 1051 2424 se
1072 2387 1308 2425 neceffitudo
1329 2388 1528 2440 quaesturae
1548 2387 1712 2425 effeciffe
1732 2387 1801 2424 de-

421 2454 509 2491 bet:
536 2452 597 2491 sed
618 2462 747 2490 tamen
770 2451 896 2490 nihilo
913 2452 1109 2491 infirmius
1131 2453 1246 2499 illud,
1266 2453 1340 2491 hoc
1362 2453 1508 2491 addito.
1543 2454 1645 2490 Cura
1666 2453 1801 2503 igitur,
