2351 2997
657 329 750 367 AD
806 324 1276 365 FAMILIARES
1335 323 1468 364 LIB.
1519 325 1636 365 VIII.
1763 336 1835 379 193

455 428 492 467 in
511 418 653 466 tabulas
671 425 864 478 absolutum
883 438 950 463 non
967 423 1108 468 retulit,
1139 422 1300 462 ordinum
1315 422 1457 474 judicia
1478 424 1698 477 persi-rzpstt.
1744 425 1833 477 Pos-

455 493 595 531 tulante
625 492 749 545 rursus
777 491 911 543 Appio,
943 503 1020 528 cum
1050 490 1103 528 L.
1130 487 1247 528 Lollio
1281 490 1470 542 transegit,
1501 498 1537 528 et
1556 492 1602 543 se
1635 490 1836 528 relaturum

454 557 560 596 dixit.
607 558 666 596 Sic
691 571 785 595 nunc
808 571 916 609 neque
938 556 1127 608 absolutus,
1157 568 1266 607 neque
1284 554 1473 594 damnatus
1493 555 1682 600 Servilius,
1713 555 1754 593 de
1772 568 1833 593 reu

449 621 772 675 petundz'sfizucius
791 622 886 660 Pilio
910 620 1091 658 tradetur.
1138 620 1238 658 Nam
1262 619 1303 657 de
1331 620 1550 658 divinatione
1570 620 1726 672 Appius,
1757 633 1834 657 cum

454 688 665 727 calumniam
672 687 841 739 jurcfflt,
871 686 1076 725 contendere
1094 686 1198 735 ausus
1218 699 1285 723 non
1305 685 1361 736 cst,
1385 685 1545 738 Pilioque
1563 685 1653 736 ceffi't
1668 701 1682 723 .·
1712 694 1747 724 et
1766 686 1834 737 ipse

453 754 496 792 de
522 753 681 806 pecuniis
705 751 907 804 repetundis
935 765 959 788 a
993 750 1155 788 Serviliis
1182 750 1227 800 est
1246 749 1456 801 postulatus,
1487 759 1523 787 et
1535 758 1719 802 praeterea
1736 749 1777 788 de
1795 751 1840 788 vi

453 834 535 858 reus
554 834 577 857 a
595 818 742 871 quodam
765 816 1008 869 emfffarz'ostzo
1038 813 1133 854 Titio
1143 815 1275 866 faetus
1305 815 1362 867 cst.
1395 817 1503 854 Reo‘le
1535 816 1598 854 hoc
1616 824 1692 868 par
1711 814 1832 853 habet.

455 885 562 937 Qod
582 884 634 922 ad
658 882 906 936 rempublicam
932 882 1109 934 pertinet,
1140 881 1274 919 omnino
1303 880 1423 919 multis
1452 880 1568 919 diebus
1598 881 1836 934 expeblatione

456 950 660 988 Galliarum
693 950 811 987 abtum
844 948 939 986 nihil
966 947 1024 998 est.
1074 945 1278 999 Aliquando
1313 955 1431 984 tamen
1450 946 1549 999 saepe
1583 960 1623 984 re
1655 945 1770 984 dilata
1801 954 1836 983 et

450 1015 624 1068 graviter
656 1016 753 1057 aeta,
783 1023 818 1052 et
843 1014 953 1065 plane
977 1014 1162 1065 perspecta
1194 1013 1263 1050 Cn.
1286 1011 1449 1064 Pompeii
1478 1012 1667 1050 voluntate
1697 1011 1735 1049 in
1762 1024 1835 1049 eam

447 1090 608 1133 partem,
640 1089 681 1118 ut
711 1093 787 1117 eum
812 1077 970 1117 decedere
995 1078 1070 1130 post
1098 1076 1264 1115 kalendas
1284 1076 1452 1115 Martias
1465 1077 1642 1129 placeret,
1658 1077 1834 1127 senatus-

454 1146 659 1196 corfichum,
689 1143 783 1195 quod
812 1143 882 1181 tibi
910 1143 994 1194 mzst,
1011 1143 1161 1193 finitum
1190 1141 1248 1193 ss,
1284 1142 1581 1194 auotorz'tatesque
1604 1142 1831 1194 perscriptae.

455 1212 928 1249 SENATUS-CONSULTI
966 1210 1297 1246 AUCTORITAS.
1349 1207 1455 1245 Prid.
1493 1207 1571 1246 kal.
1611 1207 1755 1245 Octob.
1793 1208 1834 1245 in

454 1276 533 1315 aede
549 1276 763 1328 Apollinis,
785 1274 988 1312 scribendo
1004 1273 1198 1311 affuerunt
1219 1274 1267 1311 L.
1286 1273 1489 1310 Domitius
1508 1274 1584 1310 Cn.
1602 1272 1705 1310 filius
1722 1271 1833 1310 Ahe-

454 1342 665 1386 nobarbus,
685 1341 939 1392 QCaecilius
957 1340 1132 1391 Qfilius
1150 1339 1340 1376 Metellus
1359 1339 1450 1376 Pius
1469 1339 1614 1390 Scipio,
1632 1339 1833 1376 L.Villius

456 1408 574 1445 Lucii
602 1406 706 1444 filius
736 1406 867 1443 Pomt.
900 1405 1081 1448 Annalis,
1114 1405 1162 1442 C.
1187 1404 1399 1455 Septimius
1430 1405 1483 1441 T.
1513 1403 1619 1440 filius
1651 1403 1833 1454 Qirina,

455 1474 574 1511 Caius
595 1472 790 1510 Lucceius
812 1472 860 1510 C.
885 1470 990 1509 filius
1012 1471 1113 1522 Pup.
1137 1469 1296 1514 Hirrus,
1330 1470 1378 1507 C.
1403 1468 1629 1507 Scribonius
1656 1469 1705 1507 C.
1729 1468 1834 1507 filius

454 1538 553 1591 Pop.
577 1538 715 1582 Curio,
748 1538 796 1575 L.
819 1537 976 1574 Atteius
1007 1536 1056 1574 L.
1080 1535 1184 1573 filius
1207 1536 1286 1572 An.
1311 1535 1468 1587 Capito,
1500 1534 1563 1572 M.
1589 1534 1746 1586 Oppius
1766 1534 1831 1573 M.

453 1603 558 1641 filius
573 1603 801 1641 Terentina.
826 1602 946 1653 Qod
962 1602 1025 1639 M.
1042 1600 1257 1638 Marcellus
1273 1599 1408 1637 consul
1426 1599 1477 1637 V.
1495 1599 1541 1637 F.
1557 1598 1604 1636 de
1620 1599 1833 1651 provinciis

454 1667 737 1706 consularibus.
768 1668 821 1705 D.
841 1668 890 1705 E.
910 1668 961 1704 R.
981 1668 1014 1704 I.
1032 1667 1081 1704 C.
1101 1666 1159 1703 uti
1180 1666 1229 1703 L.
1247 1665 1405 1709 Paulus,
1425 1665 1473 1702 C.
1490 1664 1704 1702 Marcellus
1723 1665 1834 1702 Con-

454 1733 569 1779 sules,
586 1746 679 1770 cum
699 1731 966 1784 magistratum
986 1730 1171 1775 iniissent,
1193 1743 1239 1768 ex
1261 1744 1294 1768 a.
1314 1729 1352 1767 d.
1375 1743 1415 1767 x.
1439 1728 1518 1766 kal.
1542 1730 1664 1767 Mart.
1686 1743 1772 1781 quae
1792 1729 1834 1766 in

455 1799 523 1837 suo
543 1797 766 1850 magistratu
786 1797 928 1835 futurae
948 1796 1080 1841 essent,
1112 1795 1158 1833 de
1179 1795 1445 1833 consularibus
1473 1795 1685 1847 provinciis
1706 1793 1752 1831 ad
1775 1793 1832 1831 se—

452 1874 590 1902 natum
611 1863 812 1907 referrent,
831 1876 925 1900 neve
945 1862 1041 1914 quid
1063 1862 1170 1914 prius
1191 1875 1238 1899 ex
1258 1860 1337 1899 kal.
1361 1861 1484 1898 Mart.
1507 1874 1601 1897 neve
1618 1859 1714 1912 quid
1734 1873 1832 1897 con-

446 1930 619 1982 junctim
641 1928 688 1966 de
708 1943 750 1967 ea
769 1942 808 1966 re
829 1928 1035 1966 referretur
1055 1941 1075 1964 a
1096 1926 1336 1964 Consulibus
1354 1944 1364 1970 ς
1389 1926 1526 1978 utique
1545 1927 1627 1977 ejus
1649 1927 1703 1963 rei
1723 1925 1834 1963 causa

454 2010 522 2049 per
541 1996 621 2034 dies
651 1995 869 2033 comitiales
896 1995 1071 2033 senatum
1096 1993 1301 2037 haberent,
1334 1993 1371 2030 S.
1397 1994 1522 2043 QC.
1546 1992 1744 2029 facere-nt:
1777 2001 1829 2035 et,

454 2075 547 2099 cum
567 2061 613 2098 de
628 2075 671 2098 ea
687 2075 725 2098 re
741 2060 787 2097 ad
808 2061 982 2098 senatum
1004 2059 1210 2097 referretur
1226 2072 1245 2095 a
1262 2057 1517 2102 Consulibus,
1535 2071 1684 2102 eorum,
1703 2058 1770 2109 qui
1791 2058 1833 2094 in

456 2139 538 2164 ccc
555 2125 758 2177 judicibus
779 2125 912 2169 effent,
944 2125 1006 2162 sex
1027 2123 1216 2162 abducere
1238 2123 1386 2160 liceret.
1424 2123 1462 2159 Si
1483 2122 1579 2174 quid
1600 2121 1645 2160 de
1666 2135 1708 2159 ea
1728 2136 1767 2160 re
1787 2121 1833 2159 ad

453 2190 662 2244 populum,
680 2190 727 2227 ad
746 2189 965 2242 plebemve,
987 2190 1065 2226 lato
1085 2202 1183 2241 opus
1204 2188 1308 2233 effet,
1327 2188 1386 2226 uti
1407 2188 1511 2226 Serv.
1531 2187 1743 2240 SulpiciuS‚
1765 2187 1830 2225 M.

455 2255 668 2294 Marcellus
691 2254 896 2299 Consules,
928 2255 1129 2299 Praetores,
1151 2253 1404 2305 Tribunique
1424 2252 1566 2306 plebis,
1596 2252 1742 2304 quibus
1763 2265 1831 2290 eo-

453 2334 543 2359 rum
562 2320 771 2365 videretur,
802 2319 848 2357 ad
868 2319 1078 2373 populum,
1109 2318 1329 2371 plebemve,
1360 2317 1531 2356 ferrent:
1564 2317 1671 2370 quod
1695 2318 1723 2355 ii
1753 2330 1832 2355 non

453 2386 643 2431 tulissent,
661 2385 734 2430 uti,
751 2385 977 2438 quicunque
997 2384 1180 2437 deinceps
1201 2384 1333 2429 essent,
1356 2383 1401 2421 ad
1421 2383 1631 2436 populum,
1652 2383 1832 2435 plebem-

454 2465 514 2497 ve,
536 2450 696 2489 ferrent.
720 2451 752 2488 I.
767 2450 819 2488 V.
843 2450 949 2488 Prid.
968 2450 1047 2489 kal.
1068 2450 1213 2488 Οξῒοῖ).
1236 2450 1276 2487 in
1299 2449 1376 2487 aede
1397 2448 1611 2501 Apollinis,
1630 2446 1832 2485 scribendo

454 2516 664 2561 affuerunt,
683 2516 732 2553 L.
752 2515 955 2553 Domitius
973 2516 1050 2554 Cn.
1067 2515 1171 2553 filius
1189 2514 1490 2558 Ahenobarbus,
1509 2512 1758 2564 QCaecilius
1775 2512 1839 2562 Q

454 2582 560 2621 filius
582 2580 773 2620 Metellus
794 2581 888 2620 Pius
909 2581 1055 2634 Scipio,
1078 2581 1279 2620 L.Villius
1302 2582 1351 2619 L.
1370 2580 1474 2618 filius
1496 2580 1627 2616 Pomt.
1652 2577 1831 2622 Annalis,

540 2648 607 2686 To
620 2659 672 2686 M.
706 2647 800 2685 VII.
1450 2645 1480 2682 B
1511 2643 1536 2681 b
