2351 2997
593 237 666 262 122
935 225 1623 265 EPISTOLARUM

588 326 780 372 civitates,
814 327 1095 365 Laodicensem
1126 336 1165 364 et
1194 325 1493 378 Apameensem,
1530 339 1615 378 quae
1650 324 1764 364 nobis
1794 324 1976 368 maximae

587 392 835 437 videbantur,
854 394 1040 444 quoniam
1062 392 1115 428 ita
1137 391 1282 429 neceffe
1303 400 1396 435 erat,
1415 392 1581 429 rationes
1602 390 1796 429 confectas
1819 400 1857 428 et
1877 404 1976 429 con-

589 459 767 495 solidatas
790 458 1085 510 deponeremus.
1132 457 1268 507 Itaque
1297 455 1392 493 huic
1422 456 1511 493 loco
1540 457 1716 508 primum
1747 456 1973 509 respondeo,

588 537 665 568 me,
695 535 918 574 quanquam
936 522 1048 573 justis
1072 521 1118 558 de
1139 521 1258 558 causis
1280 521 1446 558 rationes
1469 520 1617 558 deferre
1638 522 1891 573 properarim,
1916 531 1974 559 ta-

589 602 678 625 men
702 597 738 624 te
759 589 1054 639 expectaturum
1075 585 1200 631 fuiffe,
1233 586 1303 624 nisi
1332 587 1372 623 in
1401 586 1603 638 provincia
1631 586 1780 623 relictas
1808 587 1974 623 rationes

589 668 660 705 pro
685 653 773 690 latis
800 652 998 690 haberem.
1044 652 1315 703 Qamobrem
1336 651 1382 689 de
1404 652 1565 689 Volufio
1586 651 1692 704 quod
1714 651 1865 696 scribis,
1898 664 1977 688 non

588 719 641 756 est
668 718 708 756 id
737 718 961 755 rationum:
995 717 1213 755 docuerunt
1241 717 1348 755 enim
1376 730 1438 755 me
1471 717 1587 769 periti
1618 715 1815 761 homines,
1847 716 1888 753 in
1915 715 1978 753 his

589 797 682 823 cum
703 784 884 822 omnium
905 783 1171 836 peritiffimus,
1204 792 1290 821 tum
1319 782 1422 821 mihi
1448 782 1716 827 amiciffimus,
1749 783 1797 820 C.
1822 781 1976 819 Camil-

588 851 666 896 lus,
688 850 735 888 ad
756 850 963 891 Volufium
984 849 1184 887 transferri
1204 863 1349 888 nomen
1370 863 1391 887 a
1411 849 1569 887 Valerio
1589 862 1668 886 non
1691 847 1881 901 potuiffe3
1914 846 1977 885 sed

589 917 735 970 praedes
757 917 983 956 Valerianos
1007 916 1128 953 teneri
1148 931 1156 954 :
1190 929 1317 967 neque
1337 916 1379 953 id
1397 924 1477 953 emt
1498 915 1590 953 H—S
1618 928 1726 959 xxx,
1758 923 1802 952 ut
1824 913 1975 957 scribis,

589 983 654 1021 sed
676 996 771 1020 XIX.
805 983 900 1019 Erat
919 982 1026 1019 enim
1048 981 1162 1020 nobis
1183 991 1315 1019 curata
1334 981 1501 1033 pecunia
1521 980 1668 1017 Valerii
1689 979 1881 1030 mancipis
1903 992 1978 1016 no-

589 1049 724 1086 mine:
757 1061 804 1086 ex
834 1061 910 1099 qua
938 1047 1137 1099 reliquum
1167 1046 1274 1098 quod
1301 1056 1395 1090 erat,
1427 1047 1468 1083 in
1489 1045 1708 1083 rationibus
1729 1044 1861 1082 retuli.
1906 1042 1980 1082 Sed

590 1113 640 1150 fic
662 1126 725 1150 me
746 1122 784 1150 et
804 1111 1051 1150 liberalitatis
1072 1110 1201 1149 fructu
1224 1111 1366 1163 privas,
1384 1120 1422 1148 et
1443 1110 1673 1163 diligentiae,
1691 1118 1730 1147 et
1754 1107 1879 1162 (quod
1899 1108 1979 1146 mi-

590 1178 698 1216 nime
719 1186 848 1216 tamen
870 1176 1023 1227 laboro)
1047 1176 1256 1215 mediocris
1279 1177 1398 1214 etiam
1418 1176 1649 1228 prudentiae.
1696 1174 1978 1218 Liberalitatis,

589 1243 697 1296 quod
718 1244 840 1282 mavis
862 1243 995 1283 scribae
1016 1243 1095 1280 mei
1116 1241 1323 1287 beneficio,
1355 1255 1475 1294 quam
1505 1255 1608 1286 meo,
1639 1241 1813 1292 legatum
1843 1252 1979 1277 meum

592 1309 897 1362 praefecmmque
919 1310 1090 1347 maxima
1109 1308 1329 1346 calamitate
1349 1307 1510 1352 levatos,
1542 1320 1635 1345 cum
1661 1305 1873 1359 praesertim
1898 1318 1979 1342 non

591 1376 777 1414 deberent
798 1375 869 1413 effe
890 1374 1056 1426 obligati
1075 1389 1083 1411 :
1116 1373 1346 1425 diligentiae‚
1369 1372 1476 1425 quod
1496 1372 1691 1410 existimas
1715 1371 1762 1408 de
1784 1379 1892 1408 tanto
1913 1368 1977 1408 of-

591 1441 683 1481 ficio
704 1455 807 1486 meo,
839 1450 949 1479 tanto
968 1441 1086 1478 etiam
1109 1439 1299 1492 periculo,
1331 1452 1403 1476 nec
1430 1438 1535 1476 scisse
1559 1451 1623 1476 me
1643 1437 1874 1488 quidquam,
1907 1449 1979 1474 nec

592 1506 834 1559 cogitavisse3
858 1506 1038 1550 scribam,
1057 1505 1252 1557 quidquid
1269 1503 1462 1548 voluisset,
1481 1517 1573 1541 cum
1595 1503 1635 1540 id
1651 1502 1754 1540 mihi
1774 1515 1822 1539 ne
1838 1502 1978 1539 recita-

591 1573 700 1611 viffet
716 1572 892 1624 quidem,
911 1571 1098 1609 retuliffe:
1124 1570 1353 1623 prudentiae‚
1373 1583 1464 1607 cum
1482 1582 1563 1606 rem
1580 1582 1600 1605 a
1615 1582 1678 1605 me
1696 1581 1774 1605 non
1790 1567 1978 1619 infipien·

591 1649 650 1676 ter
670 1638 947 1690 excogitatam,
980 1651 1027 1674 ne
1048 1637 1260 1688 cogitatam
1281 1635 1443 1687 quidem
1464 1643 1593 1686 putes.
1639 1633 1745 1671 Nam
1767 1641 1806 1671 et
1826 1632 1979 1669 Volusii

591 1703 784 1742 liberandi
806 1716 939 1741 meum
960 1701 1038 1740 fuit
1068 1701 1305 1744 confilium;
1337 1709 1375 1737 et
1406 1709 1449 1737 ut
1478 1699 1605 1737 multa
1634 1707 1713 1735 tam
1744 1698 1869 1750 gravis
1898 1697 1979 1734 Va-

592 1770 747 1807 lerianis
770 1768 978 1821 praedibus,
1010 1768 1159 1819 ipfique
1180 1768 1234 1804 T.
1258 1766 1403 1809 Mario,
1435 1764 1709 1816 depelleretur,
1742 1777 1762 1800 a
1789 1776 1852 1801 me
1880 1762 1980 1800 inita

594 1836 691 1874 ratio
711 1835 791 1880 est;
824 1848 943 1887 quam
964 1834 1125 1886 quidem
1147 1845 1281 1870 omnes
1306 1845 1382 1868 non
1405 1830 1531 1868 solum
1554 1829 1734 1881 probant,
1768 1828 1831 1866 sed
1860 1828 1981 1865 etiam

593 1903 779 1941 laudant:
812 1911 864 1945 et,
898 1901 922 1938 fi
944 1912 1079 1937 verum
1104 1899 1199 1935 scire
1219 1898 1291 1942 vis,
1323 1896 1399 1934 hoc
1428 1896 1496 1934 uni
1524 1895 1656 1933 scribae
1684 1907 1775 1932 meo
1800 1894 1980 1931 intellexi

595 1980 674 2004 non
699 1967 870 2004 nimium
900 1966 1065 2018 placere.
1113 1963 1184 2001 Sed
1214 1976 1286 2014 ego
1308 1962 1442 2014 putavi
1462 1961 1533 1999 effe
1554 1960 1627 1998 viri
1648 1960 1758 2004 boni,
1790 1972 1883 1997 cum
1903 1972 1978 2010 po-

595 2033 712 2085 pulus
734 2033 846 2070 suum
869 2031 1044 2075 servaret,
1076 2029 1276 2068 consulere
1298 2027 1466 2065 fortunis
1491 2035 1548 2064 tot
1569 2026 1629 2064 vel
1654 2026 1887 2069 amicorum,
1918 2025 1981 2062 vel

594 2099 758 2136 civium.
792 2098 897 2136 Nam
920 2097 965 2134 de
987 2096 1160 2133 Lucceio
1181 2094 1234 2132 est
1254 2094 1308 2131 ita
1327 2095 1471 2136 actum,
1495 2101 1552 2136 ut,
1579 2093 1733 2128 auftore
1756 2091 1833 2128 Cn.
1858 2090 1980 2127 Pom-

594 2165 698 2217 peio,
730 2163 798 2201 ista
823 2163 988 2216 pecunia
1014 2162 1055 2198 in
1076 2160 1167 2198 fano
1189 2168 1397 2212 poneretur
1415 2174 1423 2196 :
1458 2158 1497 2195 id
1518 2171 1590 2209 ego
1610 2157 1752 2208 agnovi
1772 2169 1861 2194 meo
1875 2155 1982 2208 juffu.

594 2229 665 2268 effe
681 2228 848 2267 facium:
868 2241 943 2280 qua
959 2226 1123 2280 pecunia
1142 2225 1352 2277 Pompeius
1370 2224 1422 2262 est
1440 2224 1542 2268 usus,
1559 2232 1602 2260 ut
1620 2232 1698 2267 tua,
1715 2235 1833 2274 quam
1851 2230 1892 2259 tu
1910 2221 1979 2259 de-

594 2296 786 2348 posueras,
812 2295 981 2333 Sextius.
1007 2292 1079 2330 Sed
1099 2291 1181 2330 haec
1198 2291 1244 2328 ad
1267 2300 1303 2328 te
1320 2289 1420 2328 nihil
1443 2289 1626 2340 intelligo
1642 2288 1849 2340 pertinere.
1874 2285 1982 2325 Illud

594 2375 657 2400 me
684 2375 763 2399 non
793 2357 1101 2398 animadvertisse
1130 2356 1289 2394 moleste
1320 2355 1477 2400 ferrem,
1509 2364 1553 2392 ut
1573 2354 1848 2397 adscriberem,
1881 2362 1918 2390 te
1938 2353 1981 2390 in

593 2427 684 2466 fano
700 2426 908 2480 pecuniam
924 2423 1029 2477 jussu
1046 2435 1135 2462 meo
1152 2421 1379 2474 deposuiffe‚
1399 2421 1467 2459 nifi
1489 2419 1557 2458 ista
1572 2420 1739 2473 pecunia
1754 2417 1982 2471 graviffimis
