2351 2997
566 261 614 314 78
909 261 1591 299 EPISTOLARUM

563 370 694 400 autem
713 362 760 399 ab
781 361 895 399 initio
916 362 1036 398 aetatis
1057 361 1245 398 memoria
1271 369 1383 398 teneo
1411 362 1560 399 summe
1587 361 1767 400 omnium
1791 360 1936 399 doetri„

565 440 701 464 narum
721 426 935 464 studiosum
954 425 1080 469 fuisse,
1098 425 1321 475 omniaque,
1339 439 1424 476 quae
1439 439 1460 462 a
1475 427 1755 478 sapientissimis
1772 427 1817 464 ad
1840 428 1938 464 bene

564 492 773 528 vivendum
795 490 933 527 tradita
952 489 1084 533 effent,
1116 489 1268 526 summo
1290 488 1414 526 studio
1434 503 1602 542 curaque
1622 491 1820 536 didicisse,
1853 505 1939 543 quae

562 557 738 608 quidem,
762 555 821 592 vel
842 555 1003 606 optimis
1026 554 1154 599 rebus,
1180 563 1218 591 et
1240 554 1323 591 usui
1344 563 1382 592 et
1402 554 1648 592 delectationi
1669 556 1739 593 effe
1759 557 1907 608 poffent
1922 574 1935 601 5

561 621 623 659 his
645 635 733 659 vero
752 621 993 672 temporibus
1014 619 1202 657 habemus
1219 620 1324 657 aliud
1347 620 1462 664 nihil,
1481 621 1521 658 in
1538 634 1616 673 quo
1633 621 1935 673 acquiescamus.

563 687 681 725 Nihil
701 687 842 724 faciam
863 686 1085 731 insolenter,
1119 699 1243 737 neque
1265 695 1301 723 te
1323 687 1389 724 tali
1414 687 1474 724 vel
1503 687 1674 732 scientia,
1706 688 1766 725 vel
1788 696 1937 731 natura,

560 752 770 804 praeditum
790 750 988 795 hortabor,
1020 760 1064 788 ut
1083 751 1130 788 ad
1154 764 1213 788 eas
1236 759 1272 788 te
1293 751 1430 788 referas
1452 760 1564 796 artes,
1595 752 1737 803 quibus
1759 765 1780 789 a
1799 752 1937 804 primis

561 817 804 868 temporibus
825 817 945 854 aetatis
967 815 1138 853 studium
1160 824 1273 853 tuum
1295 816 1429 853 dedisti
1449 832 1457 854 z
1491 826 1644 854 tanturn
1665 817 1807 861 dicam,
1830 815 1936 869 quod

560 892 598 920 te
626 882 733 934 spero
764 882 1084 934 approbaturum,
1116 895 1194 925 me,
1225 881 1471 934 posteaquam
1493 882 1552 918 illi
1573 882 1660 926 arti,
1692 883 1755 920 cui
1777 882 1935 919 studue—

559 961 657 992 ram,
689 946 790 983 nihil
811 946 882 984 effe
907 947 984 983 loci
1013 960 1137 998 neque
1164 947 1205 983 in
1232 947 1352 991 curia,
1384 960 1509 998 neque
1542 947 1581 983 in
1615 946 1714 991 foro,
1746 946 1933 991 viderem,

558 1026 718 1050 omnem
739 1025 866 1049 meam
883 1025 1015 1048 curam
1032 1021 1148 1062 atque
1164 1025 1320 1063 operam
1335 1011 1381 1048 ad
1404 1011 1699 1063 Philosophiam
1715 1011 1933 1049 contulisse.

559 1079 658 1115 Tuae
690 1076 858 1114 scientiae
889 1077 1098 1114 excellenti
1129 1090 1171 1113 ac
1203 1077 1400 1128 singulari,
1432 1091 1509 1114 non
1532 1077 1659 1114 multo
1680 1077 1783 1129 plus,
1815 1090 1935 1128 quam

558 1142 707 1186 nostrae,
740 1142 918 1179 relietum
951 1141 1003 1178 est
1035 1142 1127 1179 loci.
1173 1143 1302 1192 Qare
1324 1155 1400 1179 non
1422 1142 1605 1194 equidem
1627 1152 1663 1180 te
1683 1156 1839 1186 moneO,
1871 1141 1935 1179 sed

557 1207 658 1246 mihi
679 1208 731 1244 ita
751 1207 927 1259 persuasi,
951 1216 987 1245 te
1008 1221 1164 1259 quoque
1185 1207 1224 1244 in
1246 1207 1382 1245 iisdem
1403 1208 1539 1245 versari
1560 1208 1688 1253 rebus,
1711 1222 1796 1260 quae
1816 1208 1934 1245 etiam

557 1275 582 1311 fi
604 1274 735 1311 minus
756 1273 986 1325 prodessent,
1008 1273 1185 1310 animum
1207 1281 1336 1310 tamen
1357 1287 1377 1310 a
1397 1273 1661 1311 sollicitudine
1680 1274 1932 1311 abducerent.

558 1340 708 1377 Servius
730 1338 891 1390 quidem
912 1348 1000 1376 tuus
1023 1340 1062 1376 in
1079 1338 1263 1376 omnibus
1284 1339 1464 1390 ingenuis
1481 1339 1643 1383 artibus,
1662 1340 1701 1376 in
1718 1339 1933 1391 primisque

554 1406 595 1442 in
617 1405 704 1450 hac,
736 1405 774 1442 in
798 1419 874 1457 qua
893 1419 966 1456 ego
986 1418 1049 1442 me
1069 1404 1197 1456 scripsi
1220 1405 1473 1457 acquiescere,
1505 1406 1558 1442 ita
1577 1405 1758 1450 versatur,
1792 1415 1834 1442 ut
1861 1418 1931 1442 ex-

554 1472 684 1509 cellat.
717 1472 753 1508 A
773 1484 836 1508 me
856 1484 945 1509 vero
965 1471 1014 1509 fic
1036 1471 1228 1522 diligitur,
1252 1480 1296 1508 ut
1317 1471 1390 1508 tibi
1412 1471 1480 1508 uni
1501 1471 1728 1516 concedam,
1750 1480 1931 1523 praeterea

553 1537 732 1581 nemini;
766 1536 944 1589 mihique
971 1537 1017 1574 ab
1042 1550 1087 1574 eo
1107 1537 1229 1588 gratia
1249 1536 1413 1574 refertur
1431 1552 1439 1575 :
1472 1537 1512 1574 in
1535 1550 1614 1588 quo
1634 1537 1701 1574 ille
1721 1536 1930 1581 existimat,

553 1603 659 1656 quod
680 1602 794 1640 facile
813 1613 1004 1655 appareat,
1036 1617 1128 1641 cum
1159 1616 1222 1639 me
1253 1603 1355 1640 colat
1386 1612 1425 1640 et
1455 1603 1643 1647 observet,
1676 1602 1750 1640 tibi
1771 1615 1930 1655 quoque

553 1670 594 1707 in
614 1683 659 1707 eo
679 1669 714 1706 se
735 1667 859 1706 facere
878 1669 1150 1720 gratissimum.
1184 1668 1293 1706 Vale.

798 1865 860 1902 M.
894 1865 946 1903 T.
981 1865 1028 1902 C.
1067 1864 1188 1901 SER.
1222 1863 1513 1901 SULPICIO
1554 1863 1591 1900 S.
1624 1862 1680 1900 D.

553 1991 750 2064 IV.A·C
764 1993 796 2030 C
810 1993 827 2029 1
840 1992 869 2029 P
883 1993 899 2029 I
914 1993 950 2028 O
975 1990 1263 2029 excusationem
1285 1999 1406 2034 tuam,
1425 2003 1501 2041 qua
1520 1989 1608 2027 usus
1630 2002 1683 2033 es,
1702 2002 1771 2027 cur
1791 1988 1927 2041 saepius

741 2056 788 2094 ad
808 2070 870 2094 me
891 2057 1018 2094 literas
1040 2069 1119 2094 uno
1139 2055 1320 2107 exemplo
1341 2054 1498 2092 dediffes
1518 2070 1526 2092 :
1560 2054 1622 2091 sed
1649 2054 1799 2106 accipio
1819 2067 1866 2090 ex
1886 2067 1929 2091 ea

551 2132 672 2175 parte,
703 2132 892 2174 quatenus
923 2130 988 2159 aut
1017 2121 1269 2173 negligentia,
1301 2129 1365 2158 aut
1394 2120 1646 2171 improbitate
1675 2132 1825 2163 eorum,
1857 2119 1927 2170 qui

550 2189 727 2241 epistolas
748 2187 956 2240 accipiant,
989 2186 1070 2224 fieri
1091 2186 1241 2230 scribis,
1273 2199 1320 2223 ne
1340 2186 1387 2222 ad
1414 2198 1484 2223 nos
1512 2184 1766 2237 perferantur.
1811 2183 1927 2221 Illam

551 2262 701 2305 partem
735 2252 1008 2296 excusationis,
1040 2265 1116 2304 qua
1147 2260 1185 2289 te
1216 2251 1351 2288 scribis
1383 2251 1567 2287 orationis
1599 2257 1823 2301 paupertate
1858 2249 1926 2300 (fic

551 2320 659 2357 enim
696 2318 884 2371 appellas)
921 2318 1058 2355 iisdem
1095 2317 1222 2355 verbis
1257 2316 1437 2368 epistolas
1471 2315 1606 2367 saepius
1646 2315 1816 2359 mittere,
1856 2328 1927 2351 nec

551 2385 682 2429 nosco,
714 2397 784 2422 nec
805 2383 943 2436 probo„
986 2384 1039 2421 Et
1067 2396 1139 2434 ego
1160 2382 1253 2434 ipse,
1283 2395 1403 2434 quem
1423 2391 1466 2419 tu
1487 2394 1555 2433 per
1569 2382 1707 2432 jocum
1731 2380 1799 2431 (fic
1820 2379 1926 2417 enim

552 2450 721 2503 accipio)
745 2449 898 2488 divitias
919 2448 1104 2487 orationis
1124 2447 1265 2486 habere
1285 2448 1398 2491 dicis,
1429 2460 1491 2485 me
1519 2459 1597 2484 non
1627 2446 1698 2484 effe
1717 2446 1925 2483 verborum

552 2515 766 2557 admodum
794 2515 954 2567 inopem
982 2513 1149 2567 agnosco
1164 2533 1177 2561 5
1208 2509 1397 2562 εἷρωνεόειθτη
1424 2512 1533 2551 enim
1562 2525 1641 2550 non
1671 2510 1814 2549 neceffe
1842 2510 1923 2548 est:
