2351 2997
570 233 662 271 AD
722 228 1185 269 FAMILIARES
1246 229 1378 266 ΜΒ.
1431 229 1545 267 XIII.
1677 244 1751 283 357

757 467 1000 503 CICERO
1051 466 1279 502 SERVIO
1330 466 1367 503 S.

371 595 570 632 XXVIII.
596 593 661 665 E
676 595 713 632 T
730 594 750 630 S
770 594 786 630 I
817 593 985 630 libenter
1011 601 1140 644 petere
1166 606 1187 629 a
1213 601 1248 629 te
1270 592 1385 637 soleo,
1419 592 1443 629 fi
1466 593 1562 644 quid
1582 606 1679 646 opus
1701 592 1754 630 est

689 671 867 696 meorum
888 658 1080 709 cuipiam;
1105 666 1235 694 tamen
1255 657 1384 694 multo
1405 657 1592 695 libentius
1614 659 1753 709 gratias

373 725 446 761 tibi
468 738 554 775 ago,
585 737 678 761 cum
698 722 823 760 fecisti
844 721 993 773 aliquid
1014 721 1356 759 commendatione
1377 735 1488 765 mea;
1522 723 1627 774 quod
1652 723 1753 760 sem-

371 803 440 841 per
460 788 571 827 facis.
604 787 841 826 Incredibile
863 786 915 824 est
935 788 1056 830 enim,
1074 799 1168 838 quas
1186 786 1285 824 mihi
1307 787 1446 838 gratias
1467 801 1602 824 omnes
1624 797 1753 839 agant,

373 855 491 891 etiam
522 854 774 891 mediocriter
805 865 825 888 a
856 865 919 888 me
952 852 1025 889 tibi
1058 851 1350 889 commendati:
1383 865 1468 903 quae
1496 852 1597 889 mihi
1624 853 1757 890 omnia

372 927 493 970 grata,
526 918 587 956 sed
618 918 665 955 de
697 919 746 955 L.
771 916 966 954 Mescinio
996 916 1268 968 gratissimum.
1315 917 1377 953 Sic
1398 917 1504 953 enim
1525 916 1577 954 est
1598 931 1756 955 mecum

372 984 545 1028 locutus,
578 993 629 1028 te,
662 992 704 1021 ut
731 996 834 1020 meas
855 982 983 1019 literas
1006 982 1159 1033 legeris,
1191 981 1319 1019 statim
1340 982 1656 1034 procuratoribus
1679 983 1755 1021 suis

374 1050 602 1101 pollicitum
623 1049 694 1086 effe
715 1049 860 1092 omnia,
893 1047 1020 1085 multo
1042 1061 1130 1085 vero
1150 1047 1262 1099 plura
1282 1056 1319 1084 et
1347 1049 1492 1099 majora
1520 1047 1662 1086 feciffe.
1710 1049 1756 1086 ld

373 1115 496 1165 igitur
519 1116 634 1165 (puto
655 1114 763 1151 enim
783 1113 902 1150 etiam
923 1122 1038 1164 atque
1058 1113 1176 1150 etiam
1206 1111 1307 1149 mihi
1337 1112 1548 1150 dicendum
1576 1113 1665 1163 effe)
1689 1128 1756 1151 ve-

374 1180 446 1216 lim
467 1180 677 1224 existimes,
709 1178 809 1216 mihi
831 1188 867 1216 te
888 1177 1016 1215 feciffe
1036 1178 1310 1230 gratiffimum.
1358 1178 1477 1229 Qod
1497 1179 1657 1230 quidem
1680 1179 1757 1218 hoc

374 1245 644 1283 vehementius
675 1245 798 1289 laetor,
830 1244 936 1296 quod
968 1258 1014 1282 ex
1045 1244 1128 1296 ipso
1158 1244 1354 1281 Mescinio
1383 1254 1419 1281 te
1440 1244 1552 1282 video
1574 1259 1757 1296 magnam

374 1320 583 1362 capturum
604 1311 861 1361 voluptatem.
909 1309 976 1346 Est
995 1309 1103 1346 enim
1123 1310 1163 1346 in
1185 1323 1230 1346 eo
1251 1323 1344 1347 cum
1366 1310 1487 1347 virtus
1509 1319 1546 1347 et
1568 1310 1756 1362 probitas,

372 1385 411 1414 et
433 1375 633 1413 summum
652 1375 845 1419 officium,
877 1374 1105 1426 summaque
1126 1375 1393 1419 observantia;
1426 1384 1513 1413 tum
1540 1376 1664 1413 studia
1692 1376 1759 1413 illa

374 1441 514 1485 nostra,
536 1441 681 1493 quibus
702 1449 813 1478 antea
832 1439 1134 1484 delectabamur,
1156 1453 1262 1477 nunc
1283 1441 1400 1477 etiam
1422 1441 1606 1479 vivimus.
1639 1441 1759 1492 Qod

375 1507 572 1558 reliquum
593 1506 659 1550 est,
690 1506 810 1543 velim
831 1519 968 1557 augeas
990 1514 1056 1542 tua
1083 1506 1122 1542 in
1151 1518 1241 1542 eum
1273 1505 1462 1543 beneficia
1488 1506 1674 1543 omnibus
1697 1520 1757 1543 re-

376 1572 464 1615 bus,
483 1584 568 1622 quae
590 1579 760 1623 teperunt
781 1570 922 1621 dignae.
957 1569 1028 1607 Sed
1049 1570 1126 1607 duo
1148 1570 1310 1622 quidem
1332 1579 1368 1607 te
1390 1570 1624 1608 nominatim
1647 1585 1756 1622 rogo.

376 1637 571 1680 Primum,
598 1645 656 1680 ut,
688 1635 714 1674 fi
735 1635 831 1687 quid
852 1635 1111 1673 satisdandum
1132 1636 1219 1680 erit,
1242 1636 1411 1687 amplius
1433 1649 1478 1673 eo
1500 1638 1658 1673 nomine
1680 1650 1758 1674 non

378 1702 472 1753 peti,
504 1715 629 1746 cures,
662 1710 705 1738 ut
726 1700 926 1738 satisdetur
947 1699 1022 1738 fide
1043 1714 1142 1738 mea.
1175 1701 1344 1745 Deinde,
1368 1714 1459 1738 cum
1481 1700 1561 1738 fere
1581 1702 1759 1739 confistat

376 1767 568 1805 hereditas
590 1767 631 1803 in
658 1767 705 1804 iis
734 1766 863 1809 rebus,
895 1779 989 1817 quas
1020 1767 1157 1803 avertit
1186 1766 1331 1817 Oppia,
1363 1780 1448 1817 quae
1480 1780 1577 1803 uxor
1608 1767 1759 1804 Mindii

376 1831 481 1875 fuit;
516 1831 687 1882 adjuves,
719 1830 898 1882 ineasque
933 1831 1138 1874 rationem,
1172 1830 1506 1881 quemadmodum
1541 1843 1583 1867 ea
1617 1831 1760 1868 mulier

377 1899 548 1935 Romam
568 1897 828 1948 perducatur:
861 1895 967 1947 quod
989 1896 1014 1932 fi
1035 1896 1182 1947 putarit
1203 1896 1271 1932 illa
1292 1895 1388 1940 fore,
1416 1905 1458 1933 ut
1479 1897 1614 1948 opinio
1637 1897 1762 1934 nostra

376 1963 442 2007 est,
476 1962 677 2013 negotium
700 1961 969 1999 conficiemus.
1017 1961 1108 1999 Hoc
1139 1970 1183 1998 ut
1203 1961 1457 2013 assequamur,
1490 1971 1526 1998 te
1547 1961 1759 1999 vehemen-

377 2038 435 2066 ter
455 2029 572 2065 etiam
593 2036 709 2078 atque
730 2027 847 2064 etiarn
869 2040 978 2077 rogo.
1025 2026 1146 2071 Illud,
1178 2027 1284 2078 quod
1312 2027 1423 2078 supra
1443 2027 1587 2078 scripsi,
1619 2027 1658 2064 id
1686 2028 1760 2065 tibi

377 2093 584 2135 confirmo,
616 2092 655 2128 in
678 2104 818 2142 meque
840 2091 1001 2142 recipio,
1034 2101 1071 2128 te
1091 2105 1147 2136 ea,
1176 2105 1261 2143 quae
1283 2091 1407 2129 fecisti
1429 2092 1614 2130 Mescinii
1635 2093 1759 2138 causa,

378 2172 543 2211 quaeque
563 2158 715 2201 feceris,
747 2158 800 2194 ita
822 2157 919 2194 bene
940 2157 1243 2202 collocaturum,
1276 2167 1319 2195 ut
1339 2158 1419 2209 ipse
1435 2159 1603 2209 judices,
1626 2158 1760 2196 homi-

378 2226 418 2263 ni
441 2234 477 2262 te
497 2223 723 2275 gratiffimo,
750 2222 1045 2274 jucundiffimo‚
1078 2223 1247 2274 benigne
1268 2222 1410 2262 feciffe.
1457 2225 1560 2261 Volo
1587 2226 1693 2262 enim
1715 2225 1760 2262 ad

378 2290 432 2334 id,
465 2289 570 2340 quod
591 2302 676 2325 mea
695 2287 805 2325 causa
824 2286 964 2332 fecisti,
996 2288 1072 2325 hoc
1092 2289 1210 2326 etiam
1230 2289 1423 2327 accedere.
1468 2290 1555 2327 Nec
1576 2290 1759 2327 Lacedae-

377 2355 532 2393 monios
561 2353 738 2390 dubitare
765 2353 945 2398 arbitror,
978 2354 1074 2404 quin
1106 2354 1175 2405 ipfi
1207 2353 1270 2391 sua
1300 2355 1572 2406 majorumque
1603 2354 1761 2391 suorum

379 2421 603 2458 auctoritate
626 2419 712 2456 satis
734 2418 998 2456 commendati
1025 2419 1098 2456 fint
1125 2419 1215 2456 fidei
1246 2419 1458 2470 etjustitiae
1480 2429 1581 2463 tuae;
1613 2428 1650 2454 et
1671 2432 1757 2469 ego,

377 2486 447 2539 qui
470 2494 506 2523 te
534 2485 684 2537 optime
712 2483 911 2529 novissem,
943 2496 1022 2522 non
1051 2483 1243 2529 dubitavi,
1275 2485 1370 2537 quin
1400 2485 1473 2523 tibi
1504 2482 1695 2522 notiffima
1720 2493 1760 2521 et
