2351 2997
533 284 609 336 356
872 249 1564 317 *EPISTOLARUM

535 389 622 417 tum
643 377 743 416 illud
764 376 911 420 laboro,
944 383 987 412 ut
1015 387 1094 411 non
1121 372 1337 410 minimum
1362 368 1435 408 hac
1465 380 1550 406 mea
1575 363 1916 405 commendatione

536 444 571 481 se
592 443 845 482 consecutum
866 440 1088 477 arbitretur.
1120 437 1233 474 Vale.

921 640 1164 676 CICERO
1215 635 1445 672 SERVIO
1496 633 1534 669 S.

541 769 717 807 XXVII.
743 765 837 838 LI
853 767 885 804 C
901 767 934 804 E
950 767 987 803 T
1017 763 1155 802 eodem
1174 759 1356 812 exemplo
1377 759 1512 811 saepius
1534 757 1608 795 tibi
1628 756 1747 810 hujus
1768 756 1918 811 generis

839 832 966 868 literas
1002 829 1175 870 mittam,
1211 839 1305 863 cum
1338 824 1477 875 gratias
1512 836 1637 875 agam,
1677 824 1783 875 quod
1816 834 1919 860 meas

541 897 900 936 commendationes
932 904 1010 932 tam
1042 892 1251 942 diligenter
1282 888 1486 932 observes;
1518 887 1624 938 quod
1650 887 1727 925 feci
1757 888 1798 924 in
1819 887 1919 930 aliis,

542 973 581 1001 et
601 963 756 1006 faciam,
790 971 832 998 ut
853 959 979 1003 video,
1011 957 1145 1008 saepius
1165 971 1174 993 ε
1208 954 1269 992 sed
1290 963 1419 991 tamen
1443 965 1519 989 non
1541 965 1694 1003 parcam
1715 965 1853 1003 operae‚
1885 961 1922 987 et

544 1038 588 1065 ut
608 1041 674 1065 vos
697 1027 825 1064 soletis
847 1025 887 1060 in
909 1023 1107 1065 formulis,
1139 1020 1188 1057 fic
1209 1032 1281 1070 ego
1301 1019 1342 1055 in
1363 1016 1534 1069 epistolis
1556 1017 1603 1053 de
1623 1016 1755 1053 eadem
1781 1029 1819 1052 re
1847 1016 1923 1052 alio

484 1129 490 1130 ἶ
543 1092 677 1130 modo.
725 1092 773 1128 C.
798 1089 971 1127 Avianus
1000 1087 1122 1138 igitur
1149 1083 1415 1122 Hammonius
1443 1081 1692 1118 incredibiles
1714 1079 1815 1118 mihi
1835 1093 1923 1131 gra-

544 1157 615 1194 tias
637 1170 703 1208 per
722 1155 851 1192 literas
873 1153 967 1204 egit,
996 1160 1034 1188 et
1055 1150 1136 1194 suo,
1158 1158 1196 1186 et
1216 1146 1373 1186 AEmilii
1394 1145 1550 1190 Aviani,
1582 1145 1733 1197 patroni
1756 1144 1829 1188 sui,
1850 1156 1923 1181 no-

545 1223 680 1266 mine3
720 1233 790 1258 nec
825 1217 1039 1260 liberalius,
1078 1228 1148 1252 nec
1182 1211 1522 1254 honorificentius,
1561 1209 1723 1262 potuiffe
1758 1209 1924 1253 traetari‚

545 1300 616 1324 nec
648 1286 682 1323 se
712 1284 952 1336 praesentem,
985 1294 1056 1318 nec
1088 1293 1170 1317 rem
1205 1277 1437 1315 familiarem
1469 1275 1635 1312 absentis
1665 1274 1818 1326 patroni
1852 1273 1925 1311 sui.

548 1351 593 1388 Id
614 1350 714 1388 mihi
735 1362 826 1386 cum
842 1346 1066 1399 jucundum
1087 1344 1139 1382 est
1159 1357 1294 1380 eorum
1316 1340 1439 1384 causa,
1471 1353 1568 1391 quos
1591 1339 1664 1376 tibi
1684 1353 1756 1390 ego
1776 1339 1928 1376 summa

548 1414 823 1453 neceffimdine
850 1422 887 1450 et
917 1411 1069 1448 summa
1097 1407 1373 1459 con-iunetione
1407 1404 1594 1441 adduetus
1626 1402 1926 1440 commendave-

548 1494 644 1523 ram,
676 1478 783 1530 quod
804 1477 866 1514 Μ.
890 1474 1078 1513 lEmilius
1100 1485 1200 1509 unus
1231 1471 1283 1508 est
1303 1484 1349 1507 ex
1371 1469 1466 1506 meis
1488 1467 1791 1505 familiariffimis
1812 1477 1927 1518 atque

548 1543 717 1586 intimis,
748 1541 918 1580 maxime
939 1538 1163 1576 necessarius
1184 1535 1320 1579 homo,
1352 1544 1389 1571 et
1420 1533 1569 1583 magnis
1603 1533 1698 1569 meis
1727 1531 1926 1568 beneficiis

549 1610 766 1650 devinetus,
797 1616 835 1644 et
866 1618 985 1658 prope
1017 1603 1213 1646 omnium,
1245 1600 1313 1651 qui
1344 1597 1444 1636 mihi
1465 1598 1602 1634 debere
1622 1596 1771 1648 aliquid
1791 1596 1927 1633 viden-

549 1684 628 1717 tur,
659 1670 920 1723 gratiffimus5
954 1678 1039 1705 tum
1061 1667 1189 1704 multo
1204 1663 1435 1716 jucundius,
1468 1671 1504 1698 te
1525 1660 1596 1698 esse
1626 1661 1665 1697 in
1688 1674 1750 1697 me
1772 1661 1838 1698 tali
1859 1674 1928 1697 vo-

551 1740 715 1780 luntate,
748 1745 791 1772 ut
812 1735 899 1786 plus
922 1733 1039 1785 prolis
1060 1731 1196 1768 amicis
1218 1730 1330 1772 meis,
1363 1741 1480 1779 quam
1501 1740 1572 1777 ego
1597 1725 1757 1778 praesens
1779 1716 1931 1763 fortasse

552 1801 792 1856 prodessem:
826 1798 955 1843 credo,
988 1797 1093 1849 quod
1125 1795 1249 1846 magis
1281 1807 1353 1845 ego
1385 1792 1620 1835 dubitarem,
1652 1790 1748 1842 quid
1771 1791 1931 1828 illorum

552 1869 661 1907 causa
681 1866 863 1909 facerem,
893 1877 1010 1915 quam
1033 1873 1090 1906 tu,
1113 1861 1209 1912 quid
1229 1873 1327 1898 mea.
1370 1857 1441 1894 Sed
1461 1857 1536 1894 hoc
1559 1870 1637 1893 non
1659 1856 1811 1900 dubito,
1834 1857 1932 1907 quin

553 1932 747 1971 existimes
780 1929 880 1966 mihi
911 1927 982 1965 effe
1012 1936 1181 1978 gratum.
1234 1923 1339 1961 Illud
1374 1931 1410 1959 te
1440 1935 1549 1972 rogo,
1582 1929 1624 1957 ut
1654 1920 1743 1957 illos
1775 1933 1932 1971 quoque

553 2006 681 2049 gratos
714 1994 892 2031 homines
925 1991 996 2029 esse
1029 2000 1170 2041 putes;
1202 1987 1307 2039 quod
1340 1987 1392 2023 ita
1420 1985 1490 2022 effe
1513 1985 1585 2021 tibi
1607 1984 1797 2036 promitto
1818 1993 1932 2034 atque

553 2060 758 2098 confirmo.
792 2058 922 2106 Qare
942 2054 1075 2098 velim,
1107 2052 1300 2104 quidquid
1321 2050 1465 2088 habent
1487 2049 1650 2100 negotii,
1673 2048 1737 2085 des
1759 2062 1932 2100 operam,

555 2125 661 2178 quod
682 2121 892 2160 commodo
914 2130 982 2157 tuo
1003 2118 1082 2162 fiat,
1108 2127 1163 2161 ut,
1187 2127 1224 2154 te
1244 2116 1448 2153 obtinente
1469 2113 1675 2157 Achaiam,
1707 2113 1931 2150 conficiant.

556 2193 644 2242 Ego
684 2201 775 2225 cum
815 2196 883 2223 tuo
918 2185 1046 2222 Servio
1081 2181 1360 2234 jucundiffime
1394 2177 1782 2230 conjunetiffimeque
1815 2178 1931 2221 vivo3

557 2265 815 2306 magnamque
837 2263 929 2287 cum
949 2263 995 2286 ex
1017 2248 1176 2299 ingenio
1197 2247 1277 2297 ejus
1310 2243 1571 2296 singularique
1601 2242 1740 2286 studio,
1773 2251 1859 2280 tum
1887 2255 1934 2280 ex

500 2316 503 2318 v
557 2321 700 2359 virtute
721 2327 757 2355 et
780 2316 987 2368 probitate,
1019 2314 1261 2365 voluptatem
1283 2311 1407 2362 capio.
1442 2309 1552 2346 Vale.
