2351 2997
547 278 623 318 280
889 280 1568 321 EPISTOLARUM

545 379 633 429 Jan.
658 391 735 415 non
756 378 899 422 venire,
933 387 1060 415 tamen
1082 392 1172 415 cum
1194 392 1237 415 eo
1259 379 1319 416 die
1346 380 1427 431 ipso
1447 381 1617 418 edietum
1639 388 1752 418 tuum
1772 393 1917 433 propo-

545 443 660 480 situm
690 443 793 487 effet,
826 442 930 479 nefas
952 442 1022 478 effe
1043 443 1137 479 duxi
1158 452 1222 479 aut
1243 443 1296 480 ita
1315 443 1448 481 haberi
1470 446 1658 490 senatum,
1691 454 1735 483 ut
1762 446 1807 482 de
1838 446 1915 483 tuis

544 509 686 545 divinis
714 508 753 544 in
782 508 1067 558 rempublicam
1093 508 1242 544 meritis
1274 508 1459 554 sileretur,
1494 511 1617 561 (quod
1644 510 1790 548 factum
1811 511 1914 554 effet,

545 572 613 608 nifi
635 585 706 622 ego
732 571 933 620 venissem)
956 580 1022 608 aut
1050 572 1168 608 etiam
1189 572 1214 608 si
1236 572 1331 623 quid
1352 573 1398 610 de
1419 582 1455 610 te
1475 573 1690 611 honorifice
1710 574 1915 618 diceretur,

543 649 606 673 me
627 649 705 672 non
726 635 858 673 adeffe.
896 637 1033 687 Itaque
1053 636 1093 673 in
1115 635 1288 673 senatum
1308 638 1397 674 veni
1418 651 1529 675 mane
1547 653 1555 676 ε
1589 638 1694 690 quod
1715 652 1807 676 cum
1827 638 1918 676 effet

542 701 864 745 animadversum,
895 700 1193 753 frequentiffimi
1213 702 1400 740 senatores
1422 713 1700 742 convenerunt.
1747 705 1846 755 Qae
1870 703 1918 741 de

544 776 581 804 te
600 767 641 804 in
663 767 794 804 senatu
814 767 973 818 egerim,
1005 780 1090 818 quae
1120 767 1159 804 in
1188 768 1377 805 concione
1402 769 1574 806 maxima
1603 769 1784 814 dixerim,
1816 768 1916 806 alio-

543 845 631 869 rum
652 840 688 868 te
709 831 831 868 literis
852 832 955 868 malo
971 831 1214 882 cognoscere.
1248 832 1353 869 Illud
1370 832 1443 869 tibi
1464 833 1685 884 persuadeas
1701 834 1835 877 velim,
1853 845 1918 870 me

542 897 688 941 onmia,
719 910 804 948 quae
835 896 881 933 ad
909 906 1016 933 tuam
1043 896 1276 947 dignitatem
1296 897 1511 948 augendam
1532 898 1800 949 pertinebunt,
1830 910 1917 949 quae

542 960 596 997 est
618 974 683 1011 per
703 960 738 997 se
759 960 1003 1012 ampliffima,
1021 959 1175 997 summo
1192 960 1339 1011 semper
1359 960 1484 997 studio
1505 960 1772 1012 suscepturum
1788 971 1826 999 et
1846 961 1915 998 de·-

542 1024 742 1062 sensurum
761 1040 769 1062 :
803 1025 908 1077 quod
937 1038 1159 1076 quanquam
1189 1025 1370 1076 intelligo
1390 1038 1453 1062 me
1474 1038 1565 1062 cum
1584 1026 1722 1063 multis
1743 1026 1814 1065 effe
1832 1024 1915 1063 fac-

541 1098 690 1133 turum,
723 1098 852 1127 tamen
872 1098 1051 1141 appetam
1071 1087 1189 1139 hujus
1210 1089 1265 1125 rei
1283 1089 1564 1142 principatum.
1598 1089 1708 1128 Vale.

609 1293 674 1332 M.
709 1295 936 1332 CICERO
976 1293 1031 1331 D.
1064 1293 1266 1331 BRUTO
1308 1294 1433 1332 IMP.
1475 1293 1598 1331 Cos.
1642 1305 1760 1332 DEs.
1801 1293 1841 1331 S.

539 1421 633 1459 VII.
660 1421 726 1492 C
743 1422 781 1459 U
795 1421 844 1459 M
875 1419 1107 1459 adhibuisset
1127 1420 1235 1458 domi
1256 1434 1349 1458 meae
1371 1422 1506 1473 Lupus
1529 1432 1605 1464 me,
1635 1426 1674 1456 et
1702 1419 1913 1465 Libonem,

748 1496 787 1524 et
807 1486 998 1529 Servium,
1020 1485 1299 1522 consobrinum
1320 1495 1449 1530 tuum,
1478 1497 1563 1537 quae
1583 1496 1668 1520 mea
1688 1482 1806 1522 fuerit
1827 1484 1913 1522 sen-

540 1551 675 1596 tentia,
705 1550 884 1602 cognoffe
905 1559 941 1588 te
961 1564 1008 1588 ex
1028 1551 1092 1587 M.
1116 1551 1202 1588 Seio
1222 1550 1400 1595 arbitror,
1424 1550 1493 1601 qui
1514 1548 1641 1586 nostro
1662 1547 1829 1586 sermoni
1850 1550 1913 1586 in-

538 1615 688 1653 terfuit.
726 1616 908 1666 Reliqua,
940 1628 1161 1666 quanquam
1182 1614 1309 1651 statim
1331 1615 1463 1651 Seium
1483 1613 1682 1652 Graeceius
1704 1612 1757 1649 est
1781 1612 1913 1650 subse-

539 1689 667 1724 cutus,
691 1689 820 1716 tamen
840 1693 887 1716 ex
909 1679 1085 1716 Graeceio
1105 1679 1248 1731 poteris
1270 1678 1515 1729 cognoscere.
1561 1678 1691 1729 Caput
1711 1685 1842 1714 autem
1862 1676 1916 1714 est

536 1743 628 1788 hoc,
651 1744 757 1795 quod
778 1753 815 1781 te
835 1743 1124 1794 diligentiffime
1144 1743 1340 1795 percipere
1361 1752 1399 1780 et
1419 1742 1635 1780 meminisse
1650 1741 1784 1785 velim,
1803 1750 1846 1778 ut
1866 1755 1915 1779 ne

536 1808 577 1845 in
599 1808 777 1846 libertate
803 1816 841 1845 et
868 1807 987 1844 salute
1013 1807 1151 1859 populi
1181 1807 1352 1844 Romani
1371 1806 1627 1844 conservanda
1646 1806 1915 1843 auctoritatem

538 1873 687 1910 senatus
709 1874 885 1924 expectes
907 1872 1084 1909 nondum
1104 1871 1246 1915 liberi;
1279 1885 1326 1908 ne
1353 1880 1391 1908 et
1421 1881 1535 1908 tuum
1555 1869 1702 1907 factum
1723 1870 1913 1907 condem-

538 1951 620 1982 neS,
655 1938 784 1989 (nullo
804 1938 908 1974 enim
930 1937 1092 1988 publico
1112 1936 1272 1973 confilio
1292 1936 1577 1987 rempublicam
1607 1934 1802 1978 liberasti,
1834 1947 1913 1985 quo

537 2003 655 2039 etiam
675 2001 726 2038 est
747 2015 804 2039 res
826 2002 893 2038 illa
913 2002 1035 2052 major
1055 2010 1092 2038 et
1114 2000 1269 2050 clarior)
1293 2010 1330 2038 et
1350 2000 1647 2044 adolescentem,
1665 2000 1725 2037 vel
1747 2012 1913 2051 puerum

538 2067 684 2118 potius,
705 2065 1056 2117 Caesaremjudices
1072 2074 1215 2102 temere
1231 2064 1372 2109 feciffe,
1391 2066 1460 2117 qui
1477 2074 1623 2102 tantam
1640 2064 1790 2101 causam
1807 2063 1912 2115 pub-

537 2132 655 2169 licam
685 2132 836 2183 privato
865 2131 1026 2168 confilio
1054 2130 1287 2182 susceperit3
1321 2130 1503 2181 denique,
1534 2129 1714 2167 homines
1736 2129 1911 2172 rustico&

538 2196 601 2234 sed
621 2195 845 2234 fortiffimos
873 2196 973 2233 viros
1004 2195 1182 2246 civesque
1209 2194 1396 2247 optimos,
1433 2195 1630 2232 dementes
1662 2193 1774 2231 fuiss'e
1799 2192 1911 2245 judi-

538 2275 615 2306 ces,
647 2262 821 2313 primum
843 2260 987 2298 milites
1009 2270 1221 2305 veteranos,
1253 2260 1544 2297 commilitones
1567 2268 1668 2303 tuos,
1695 2258 1834 2295 deinde
1854 2258 1912 2295 le-

537 2328 696 2380 gionem
730 2326 931 2370 Martiam,
970 2326 1165 2377 legionem
1199 2334 1390 2377 quartam,
1432 2339 1517 2377 quae
1550 2324 1663 2361 suum
1698 2323 1911 2361 Consulem

537 2392 687 2430 hostem
712 2391 1000 2443 judicaverunt,
1032 2390 1146 2442 seque
1175 2390 1221 2426 ad
1251 2390 1413 2428 salutem
1443 2389 1667 2442 reipublicae
1696 2388 1909 2426 defenden-

538 2458 627 2496 dam
647 2457 912 2495 contulerunt.
956 2456 1147 2493 Voluntas
1175 2455 1325 2493 senatus
1352 2469 1422 2507 pro
1443 2454 1667 2493 auctoritate
1687 2453 1821 2492 haberi
1840 2453 1909 2489 de-

538 2524 619 2569 bet,
650 2536 742 2561 cum
762 2522 965 2561 auctoritas
986 2520 1201 2574 impeditur
1224 2529 1347 2560 metu.
1394 2520 1607 2565 Postremo,
1637 2519 1809 2571 suscepta
1836 2516 1910 2555 tibi
