2351 2997
511 296 587 336 374
857 281 1546 319 EPISTOLARUM

748 515 989 553 CicizRo
1030 513 1304 550 THERMO
1347 512 1569 551 PROPR.
1612 514 1650 551 S.

508 644 640 683 LVII.
666 641 794 730 QU
814 643 850 679 O
881 640 1006 692 magis
1036 640 1214 692 quotidie
1243 653 1291 677 ex
1326 640 1449 678 literis
1482 640 1709 693 nuntiisque
1740 641 1892 681 bellum

772 719 961 758 magnum
981 705 1052 743 effe
1073 705 1114 743 in
1136 705 1242 756 Syria
1261 705 1470 756 cognosco,
1502 720 1547 744 eo
1570 706 1841 746 vehementius
1871 721 1892 745 a

508 785 546 814 te
567 788 637 828 pro
657 774 784 812 nostra
803 770 1080 810 neceffitudine
1100 770 1311 815 contendo,
1334 780 1377 808 ut
1397 770 1499 809 mihi
1520 772 1585 810 M.
1608 773 1811 811 Anneium
1831 773 1892 811 le-

507 851 644 893 gatum
666 840 794 892 primo
814 850 971 889 quoque
993 845 1168 888 tempore
1188 836 1362 874 remittas
1382 851 1390 873 :
1423 850 1514 874 nam
1534 838 1617 889 ejus
1638 851 1766 890 opera,
1793 851 1891 876 con-

508 907 607 949 filio,
639 905 798 944 scientia
818 903 873 941 rei
893 902 1091 946 militaris,
1123 902 1183 938 vel
1211 902 1382 939 maxime
1409 902 1591 954 intelligo
1622 917 1685 940 me
1715 913 1754 941 et
1786 917 1892 942 rem-

508 972 711 1024 publicam
731 968 902 1021 adjuvari
924 967 1040 1019 poffe.
1074 967 1193 1017 Qod
1215 967 1284 1004 nifi
1308 976 1413 1004 tanta
1433 981 1490 1005 res
1512 969 1594 1019 ejus
1611 978 1801 1020 ageretur,
1820 983 1891 1007 nec

507 1037 588 1089 ipse
608 1036 748 1074 adduci
768 1033 951 1087 potuisset
972 1042 1016 1070 ut
1036 1046 1057 1070 a
1076 1047 1139 1070 me
1160 1032 1386 1077 discederet,
1419 1047 1545 1085 neque
1564 1047 1652 1085 ego,
1684 1043 1727 1071 ut
1754 1048 1844 1071 eum
1873 1048 1895 1071 a

505 1117 571 1141 me
591 1102 848 1140 dimitterem.
882 1101 969 1151 Ego
989 1099 1030 1136 in
1053 1099 1239 1137 Ciliciam
1258 1098 1454 1150 proficisci
1475 1099 1608 1151 cogito
1624 1099 1780 1137 circiter
1800 1099 1891 1138 Kal.

507 1169 610 1206 Mai.
656 1169 761 1205 Ante
788 1179 873 1203 eam
900 1165 1006 1202 diem
1032 1165 1210 1202 Anneius
1238 1164 1284 1202 ad
1312 1178 1375 1202 me
1396 1164 1538 1210 redeat,
1569 1174 1738 1217 oportet.
1786 1165 1893 1203 Illud

507 1233 616 1286 quod
638 1242 769 1270 tecum
789 1240 827 1269 et
847 1243 993 1275 coram,
1025 1239 1062 1268 et
1089 1243 1157 1282 per
1188 1230 1333 1275 literas,
1365 1230 1658 1282 diligentissime
1684 1231 1762 1282 egi,
1794 1231 1834 1267 id
1855 1239 1894 1268 et

508 1312 614 1337 nunc
635 1299 752 1336 etiam
773 1305 888 1348 atque
908 1297 1026 1334 etiam
1047 1309 1157 1347 rogo,
1188 1309 1290 1333 curae
1310 1296 1385 1334 tibi
1407 1296 1452 1333 fit
1473 1305 1516 1333 ut
1537 1296 1649 1333 suum
1670 1296 1890 1348 negotium,

507 1364 614 1416 quod
641 1363 759 1401 habet
785 1376 877 1401 cum
905 1361 1054 1414 populo
1083 1362 1279 1406 Sardiano,
1315 1375 1386 1414 pro
1417 1362 1536 1399 causae
1566 1362 1726 1399 veritate
1753 1370 1791 1398 et
1822 1374 1893 1413 pro

510 1431 573 1468 sua
604 1429 794 1482 dignitate
824 1428 1022 1466 conficiat.
1070 1427 1255 1465 Intellexi
1275 1441 1322 1464 ex
1344 1436 1410 1464 tua
1428 1427 1616 1471 oratione,
1648 1440 1739 1463 cum
1762 1436 1895 1464 tecum

510 1496 653 1548 Ephefi
681 1496 836 1533 locutus
866 1494 964 1538 sum,
997 1503 1035 1531 te
1066 1493 1183 1545 ipfius
1215 1493 1278 1531 M.
1302 1494 1449 1530 Anneii
1478 1493 1587 1531 causa
1616 1493 1749 1530 omnia
1777 1493 1891 1531 velle.

510 1563 582 1601 Sed
613 1572 742 1599 tamen
773 1561 822 1598 fic
853 1560 972 1598 velim
1001 1559 1213 1603 existimes,
1245 1569 1282 1597 te
1312 1558 1413 1597 mihi
1449 1559 1549 1597 nihil
1585 1559 1732 1610 gratius
1767 1558 1897 1597 facere

508 1627 625 1682 poffe,
658 1639 777 1678 quam
809 1625 835 1663 fi
865 1625 1110 1669 intellexero,
1142 1638 1210 1676 per
1240 1634 1277 1662 te
1307 1624 1421 1662 illum
1453 1624 1582 1676 ipsum
1614 1623 1818 1675 negotium
1846 1637 1893 1662 ex

509 1692 697 1731 sententia
718 1690 937 1729 confecisse.
981 1691 1105 1743 quue
1126 1703 1244 1742 quam
1265 1690 1442 1743 primum
1464 1699 1507 1728 ut
1528 1690 1686 1734 efficias,
1719 1698 1756 1728 te
1776 1690 1894 1728 etiam

510 1768 626 1811 atque
647 1758 766 1795 etiam
786 1770 895 1809 rogo.
929 1756 1041 1794 Vale.

570 1960 634 1996 M.
667 1959 716 1995 C.
750 1958 799 1995 C.
832 1958 978 1994 T1T10
1019 1956 1068 1993 L.
1101 1956 1148 1993 F.
1182 1955 1326 2000 Rufo,
1368 1955 1527 1993 PRAET.
1564 1967 1752 1992 URBANo
1794 1955 1831 1991 S.

509 2087 665 2126 LVIII.
690 2084 972 2157 LUCIUS
1005 2082 1204 2122 Custidius
1237 2082 1289 2120 est
1321 2083 1493 2127 tribulis,
1531 2092 1567 2120 et
1602 2084 1824 2135 municeps,
1855 2091 1894 2119 et

788 2149 992 2188 familiaris
1014 2161 1137 2186 meus.
1186 2149 1222 2186 Is
1251 2147 1403 2185 causam
1423 2147 1541 2185 habet
1559 2166 1569 2192 3
1603 2161 1721 2200 quam
1742 2147 1894 2185 causam

509 2217 556 2256 ad
578 2226 615 2255 te
642 2216 802 2255 deferet.
850 2215 1098 2253 Commendo
1130 2214 1204 2251 tibi
1235 2204 1458 2258 hominem]
1490 2213 1602 2251 ficuti
1634 2223 1699 2251 tua
1731 2213 1824 2250 fides
1857 2222 1896 2250 et·

509 2297 621 2322 meus
643 2284 768 2336 pudor
789 2282 956 2334 postulat
975 2296 983 2319 :
1017 2290 1171 2318 tantum
1202 2289 1245 2317 ut
1266 2278 1400 2317 faciles
1431 2279 1476 2316 ad
1508 2289 1544 2317 te
1574 2279 1700 2317 aditus
1722 2278 1890 2323 habeat;

510 2365 597 2403 quae
618 2364 725 2402 sequa
744 2348 970 2401 postulabit,
994 2356 1037 2384 ut
1057 2346 1206 2384 libente
1228 2355 1265 2383 te
1286 2346 1497 2398 impetret,
1531 2345 1746 2398 sentiatque
1767 2357 1894 2382 meam

511 2417 583 2454 fibi
603 2417 832 2460 amicitiam,
855 2415 972 2454 etiam
993 2427 1084 2452 cum
1105 2412 1325 2465 longissime
1346 2412 1480 2458 absim,
1503 2411 1674 2464 prodeffe
1695 2412 1734 2450 in
1756 2411 1894 2463 primis

510 2481 613 2536 apud
634 2492 686 2522 te.
719 2482 830 2521 Vale.
