2351 2997
612 257 706 295 AD
765 248 1232 291 FAMILIARES
1292 246 1424 284 LIB.
1476 246 1549 282 XI.
1694 245 1768 296 283

391 367 644 397 ¹‘veteranorum
674 363 709 392 et
741 359 962 390 armatorum
978 349 1078 402 satis
1089 348 1267 400 frequens
1295 359 1372 384 cum
1404 341 1576 382 Ventidio.
1623 342 1770 392 Consilia

395 421 552 462 Antonii
578 421 653 458 haec
665 419 761 469 sint,
792 430 870 454 nece
896 415 912 453 e
935 415 979 465 cst
995 430 1007 452 :
1038 423 1104 451 aut
1137 411 1187 450 ad
1213 410 1387 462 Lepidum
1411 419 1452 446 ut
1471 410 1514 461 se
1542 408 1716 461 conferat,
1733 407 1775 456 st

396 487 594 539 recipitum
625 493 691 523 aut
711 483 898 535 Apennino
919 479 1133 532 Alpiblffqlte
1141 480 1185 530 fi
1205 485 1338 521 teneat,
1368 484 1402 513 et
1430 473 1681 524 decuifionibus
1704 481 1773 524 per

395 553 539 605 equites,
557 565 638 603 quos
652 548 758 587 habet
773 548 910 589 multos,
928 545 1042 595 vastet
1056 558 1096 581 ea
1110 543 1197 585 loca,
1214 542 1250 579 in
1266 555 1344 594 qua>
1359 539 1555 578 incurrerit
1568 555 1578 581 ;
1600 547 1665 575 aut
1683 551 1770 574 rur-

381 619 448 669 stcs
456 619 500 671 st
515 617 550 654 in
568 614 761 653 Etruriam
779 613 929 664 reserat,
949 608 1042 661 quod
1052 622 1091 646 ea
1102 616 1193 658 pars
1207 605 1409 656 Italiaestne
1424 604 1578 642 exercitu
1595 602 1650 655 cst.
1675 600 1779 652 Qcod

381 685 425 735 st
440 698 492 721 me
512 682 635 731 Caesar
654 678 809 731 oudiſjet,
825 686 932 729 atque
948 673 1177 726 Apenninum
1192 671 1378 723 tranfiſjet,
1400 669 1436 706 in
1457 677 1580 706 tantas
1598 667 1776 719 angzstias

396 747 595 787 Antonium
621 742 855 796 compulfffi’m,
887 748 928 777 ut
958 738 1073 790 inopia
1096 737 1230 789 potius,
1261 749 1364 787 quam
1379 733 1504 786 ferro,
1535 733 1774 784 cmficeretur.

399 813 470 852 Sed
492 825 598 864 neque
626 808 766 862 Ccestzri
791 804 964 858 imperari
986 802 1105 857 fotcst,
1137 815 1198 840 nec
1228 800 1351 852 Casar
1380 796 1632 848 evercituifiio
1646 812 1659 834 .·
1691 794 1782 848 quod

398 888 586 928 utrumque
599 873 773 928 peffi'mum
793 871 849 924 est.
884 874 972 908 Cum
991 869 1067 907 hac
1086 867 1175 906 talia
1179 866 1260 917 sint
1274 883 1285 910 3
1318 879 1382 917 quo
1400 864 1528 906 mimas,
1559 861 1651 914 quod
1664 861 1714 898 ad
1728 874 1779 897 me

394 941 602 997 pertinebit,
633 939 782 977 homines
801 936 1035 988 interpellent,
1067 943 1108 971 ut
1114 934 1234 985 supra
1240 930 1382 983 strspfi,
1412 942 1478 967 non
1499 926 1654 979 impedio.
1686 927 1780 964 Hic

401 1004 680 1062 quemadmodum
699 1002 873 1056 explicari
882 1001 1022 1053 pffnt,
1044 1007 1124 1043 aut,
1147 1013 1169 1036 a
1189 1008 1223 1035 te
1241 1010 1319 1034 cum
1340 993 1625 1047 explicabuntur,
1651 1006 1693 1030 ne
1711 992 1779 1029 im·-

394 1073 605 1126 pediantur,
637 1070 749 1108 timeo.
786 1067 986 1118 Alere-jam
1004 1064 1130 1103 milites
1148 1077 1215 1100 non
1230 1061 1370 1115 soffitm.
1417 1061 1507 1098 Cum
1525 1057 1575 1096 ad
1589 1056 1780 1110 rempubli-

403 1154 480 1177 cam
498 1136 714 1176 liberandam
733 1133 861 1185 accff,
894 1134 941 1171 H
941 1133 988 1171 -S
1015 1130 1104 1168 mihi
1112 1129 1197 1181 sicit
1210 1126 1370 1180 pecunia>
1389 1140 1455 1162 cccc
1472 1125 1633 1176 amplius.
1681 1120 1781 1161 ‘Tan-

402 1214 478 1243 tum
503 1202 607 1253 abest,
638 1211 680 1239 ut
706 1214 790 1238 meae
819 1198 875 1236 rei
888 1195 1092 1248 familiaris
1121 1194 1268 1232 liberum
1284 1192 1341 1243 stt
1370 1189 1570 1243 quidquam,
1601 1196 1641 1226 ut
1673 1202 1784 1226 omnes

391 1269 473 1321 jam
492 1282 578 1306 meos
596 1266 722 1304 amicos
740 1278 812 1303 aere
831 1263 940 1301 alieno
965 1259 1218 1313 olssrinxerim.
1267 1259 1453 1310 Septenum
1481 1268 1663 1292 numerum
1691 1265 1784 1291 nunc

403 1333 572 1385 legionum
591 1332 658 1375 alo,
689 1344 759 1383 qua
780 1327 997 1380 dffcultate,
1028 1335 1070 1363 tu
1088 1324 1286 1363 arbitrare.
1330 1323 1429 1367 Non,
1444 1320 1486 1371 st
1511 1319 1681 1358 Varronis
1702 1318 1783 1356 the-

388 1401 521 1453 sauros
541 1396 716 1439 haberem,
733 1390 1092 1445 subssserefitmptui
1100 1389 1239 1442 βψω.
1287 1389 1377 1425 Cum
1389 1385 1548 1438 primum
1567 1384 1606 1423 de
1626 1383 1786 1423 Antonio

403 1463 624 1516 exploratum
642 1460 810 1503 habuero,
821 1457 965 1510 faciam
985 1465 1021 1495 te
1041 1455 1239 1494 certiorem.
1284 1449 1339 1491 Tu
1359 1465 1411 1489 me
1429 1449 1563 1488 amabis
1583 1450 1651 1493 ita,
1667 1449 1710 1500 st
1725 1448 1788 1486 hoc

404 1528 491 1568 idem
510 1542 562 1566 me
579 1528 615 1566 in
637 1523 977 1578 tefhcerefinseris.
1009 1538 1047 1561 ιη
1064 1521 1162 1559 Non.
1186 1518 1298 1562 Maii,
1320 1531 1362 1556 ex
1379 1515 1516 1568 castris,
1551 1515 1736 1554 Dertona.

485 1729 547 1779 D.
573 1729 760 1766 Bam-us
793 1725 897 1762 ΙΜΡ.
930 1721 1033 1760 Cos.
1068 1731 1164 1757 DES.
1206 1717 1271 1755 M.
1304 1717 1534 1756 CICERONI
1577 1717 1615 1755 S.
1647 1716 1703 1755 D.

411 1858 485 1896 XI.
509 1855 580 1929 E
592 1853 724 1892 ODE
737 1851 791 1890 M
813 1850 962 1903 exemplo
981 1863 1004 1887 a
1024 1856 1059 1886 te
1076 1846 1166 1885 mihi
1180 1845 1296 1883 literae
1315 1843 1577 1893 redditaesunt‚
1609 1857 1674 1896 quo
1686 1842 1797 1895 pueri

611 1919 679 1957 mei
694 1918 913 1956 attulerunt.
959 1911 1118 1953 ‘santum
1136 1925 1188 1949 me
1206 1910 1276 1948 tibi
1289 1907 1411 1948 debere
1428 1908 1589 1960 exssimo,
1621 1918 1793 1961 quantum

404 1987 604 2041 persolvere
622 1982 755 2032 difficile
774 1982 832 2033 est.
864 1979 997 2032 Scribst
1012 1978 1092 2022 tibi,
1113 1990 1192 2029 quce
1209 1976 1267 2014 hic
1281 1983 1509 2027 gererentur.
1540 1976 1586 2013 In
1607 1974 1734 2012 itinere
1751 1974 1795 2026 1st

411 2052 594 2092 Antonius
610 2065 623 2088 .·
655 2048 706 2087 ad
721 2046 896 2099 Lepidum
907 2044 1147 2098 profi'cfiitur
1158 2060 1170 2087 5
1192 2056 1235 2079 ne
1254 2041 1294 2079 de
1313 2041 1448 2079 Planco
1467 2039 1601 2092 quidem
1606 2040 1708 2092 spem
1727 2038 1793 2077 ad-

411 2119 481 2157 huc
498 2116 638 2168 abjecit,
655 2123 697 2152 ut
716 2128 758 2152 ex
776 2111 897 2150 libellis
916 2110 987 2162 ejus
1005 2107 1260 2151 animadverti,
1279 2106 1343 2158 qui
1358 2106 1394 2144 in
1414 2120 1465 2144 me
1485 2105 1696 2144 inciderunt.
1728 2106 1794 2143 In-

414 2183 537 2237 quibus
556 2195 638 2234 quos
656 2178 707 2218 ad
720 2178 898 2229 Asinium,
919 2189 1001 2228 quos
1020 2173 1070 2212 ad
1085 2172 1273 2225 Lepidum,
1299 2186 1379 2224 quos
1398 2171 1449 2209 ad
1463 2171 1653 2214 Plancum,
1674 2170 1796 2208 mitte-

414 2258 486 2293 ret,
496 2245 693 2300 scribebat.
726 2245 805 2296 Ego
824 2251 942 2280 tamen
963 2255 1030 2278 non
1050 2238 1162 2277 habui
1177 2237 1390 2290 ambiguum,
1421 2247 1456 2275 et
1463 2236 1590 2289 statim
1611 2236 1662 2274 ad
1677 2237 1795 2274 Plan-

415 2328 493 2352 cum
518 2312 593 2363 mili
604 2327 618 2349 .·
649 2319 683 2348 et
715 2308 815 2347 biduo
844 2307 890 2346 ab
920 2303 1178 2357 Allobrogibus,
1210 2313 1245 2341 et
1276 2302 1385 2340 totius
1412 2301 1555 2346 Gallia,
1586 2302 1716 2354 legatos
1735 2315 1796 2338 ex-

412 2380 524 2432 peft'o,
556 2391 638 2429 quos
657 2375 878 2426 confirmatos
897 2371 1030 2410 domum
1050 2370 1244 2408 remittam.
1292 2364 1362 2413 Tu,
1394 2381 1472 2420 quae
1500 2367 1572 2419 istic
1591 2376 1674 2418 opus
1693 2373 1797 2402 erunt

416 2441 671 2494 adminssrari,
694 2439 896 2493 prespicies,
926 2446 968 2476 ut
990 2451 1032 2475 ex
1061 2445 1126 2474 tua
1154 2436 1354 2478 voluntate,
1384 2433 1502 2485 reique
1524 2431 1677 2485 publiea?
1706 2444 1797 2468 com-

420 2509 528 2554 modo,
544 2508 660 2561 fiant.
707 2504 973 2545 Malevolentiae
999 2502 1174 2541 hominmn
1194 2500 1229 2538 in
1249 2515 1313 2543 me,
1330 2500 1372 2549 st
1382 2498 1530 2550 poteris,
1560 2510 1719 2536 occurres
1736 2510 1748 2532 .·
1763 2537 1773 2544 Β

1359 2565 1398 2602 N
1431 2577 1455 2600 n
1488 2576 1507 2601 2

1774 2494 1806 2541 N

1792 2509 1800 2530 1
