2351 2997
577 251 628 290 62
925 252 1610 292 EPISTOLARUM

576 352 717 396 desim,
748 365 841 390 cum
873 353 1085 404 praesertim
1114 352 1215 391 mihi
1247 353 1315 391 usu
1337 363 1549 394 venturum
1570 369 1648 394 non
1670 355 1889 402 arbitrarer,
1919 365 1965 396 ut

576 432 650 471 ego
670 432 827 470 quoque
848 417 981 455 absens
1003 432 1023 455 a
1044 427 1081 455 te
1108 417 1375 456 defendendus
1403 420 1532 465 effem,
1564 435 1670 460 nunc
1696 423 1962 468 committere,

577 494 620 522 ut
642 493 684 521 tu
699 486 788 535 jure
808 484 962 535 optimo
983 497 1046 520 me
1067 482 1264 521 absentem
1286 483 1455 522 deserere
1481 485 1602 537 poffes
1623 488 1636 524 ?
1669 488 1809 526 Unum
1837 502 1962 540 genus

574 549 730 600 excipio
765 548 977 593 sermonis,
1009 548 1050 586 in
1085 561 1164 600 quo
1198 549 1363 601 persaepe
1398 550 1549 602 aliquid
1583 551 1750 597 dicitur,
1785 553 1892 604 quod
1926 562 1964 592 te

573 623 713 667 putem
735 614 841 651 nolle
862 613 955 659 dici,
987 614 1014 651 fi
1035 623 1101 652 aut
1122 614 1342 666 legatorum
1362 624 1522 653 tuorum
1550 617 1739 668 cuipiam,
1770 626 1836 656 aut
1862 632 1961 671 prae-

573 679 785 725 sectorum,
807 689 873 718 aut
895 681 1146 718 tribunorum
1167 681 1360 726 militum,
1383 681 1484 720 male
1505 681 1674 722 dicitur:
1705 683 1812 736 quod
1832 692 1964 723 tamen

574 746 703 798 ipsum
725 760 804 784 non
824 745 1048 784 mehercule
1069 746 1196 784 adhuc
1218 747 1361 785 accidit
1387 761 1451 785 me
1477 747 1672 794 audiente,
1705 758 1749 787 ut
1778 758 1845 788 aut
1873 763 1962 802 gra-

573 812 660 848 vius
682 810 889 856 diceretur,
921 820 987 849 aut
1020 811 1059 848 in
1092 811 1238 863 plures,
1271 826 1387 864 quam
1410 826 1568 851 mecum
1591 815 1772 865 Corcyrae
1795 814 1961 853 Clodius

574 875 627 913 est
648 877 803 914 locutus
821 895 832 921 余
865 890 958 914 cum
980 876 1019 914 in
1042 890 1087 914 eo
1107 890 1247 928 genere
1268 878 1439 915 maxime
1464 888 1704 930 quereretur,
1737 888 1774 917 te
1794 879 1963 919 aliorum

573 941 828 992 improbitate
849 941 980 978 minus
1003 940 1162 979 felicem
1182 941 1308 980 fuisse.
1354 943 1441 980 Hos
1461 956 1534 994 ego
1556 943 1764 988 sermoneS,
1796 944 1903 996 quod
1923 953 1962 982 et

573 1008 692 1045 multi
714 1007 816 1052 sunt,
848 1017 886 1045 et
908 1017 1016 1046 tuam
1036 1008 1381 1053 existimationem,
1414 1018 1457 1046 ut
1477 1023 1550 1061 ego
1571 1009 1709 1053 sentio,
1732 1023 1811 1048 non
1832 1010 1960 1049 offen-

572 1073 687 1118 dunt,
720 1073 885 1111 laceffivi
916 1086 1134 1125 nunquam,
1167 1073 1230 1110 sed
1258 1087 1336 1110 non
1361 1074 1472 1112 valde
1492 1075 1659 1126 repreffl.
1706 1075 1745 1112 Si
1772 1076 1860 1127 quis
1892 1075 1959 1121 est,

572 1138 642 1191 qui
664 1139 864 1176 neminem
886 1138 988 1176 bona
1008 1138 1083 1175 fide
1104 1139 1144 1176 in
1166 1139 1330 1191 gratiam
1353 1148 1465 1192 putet
1485 1139 1609 1178 redire
1629 1140 1747 1192 poffe,
1769 1154 1848 1179 non
1869 1141 1959 1180 nos-

572 1212 672 1241 tram
702 1204 734 1240 is
765 1202 969 1255 perfidiam
998 1204 1190 1256 coarguit,
1222 1203 1285 1242 sed
1315 1204 1463 1242 indicat
1493 1204 1627 1250 suam5
1660 1206 1853 1258 simulque
1880 1220 1961 1246 non

571 1269 619 1307 de
639 1283 702 1307 me
722 1271 754 1307 is
775 1271 901 1322 pejus,
933 1283 1052 1322 quam
1073 1270 1120 1308 de
1141 1279 1192 1314 te,
1223 1270 1431 1309 existimat.
1478 1271 1545 1309 Sin
1575 1281 1706 1310 autem
1734 1286 1853 1324 quem
1874 1287 1961 1312 mea

570 1335 748 1373 instituta
767 1336 808 1372 in
830 1336 1031 1388 provincia
1051 1349 1131 1374 non
1151 1335 1358 1381 delectant,
1390 1346 1428 1374 et
1449 1337 1616 1389 quadam
1645 1337 1961 1377 diffimilitudine

571 1400 843 1438 institutorum
864 1414 1044 1438 meorum
1072 1414 1115 1438 ac
1146 1409 1306 1439 tuorum
1334 1401 1423 1439 laedi
1452 1402 1488 1440 se
1508 1412 1647 1455 putat3
1680 1416 1773 1442 cum
1794 1413 1961 1457 uterque

571 1466 748 1504 nostrum
769 1468 868 1505 recte
889 1465 1040 1512 fecerit,
1072 1467 1135 1505 sed
1156 1481 1235 1506 non
1256 1468 1362 1506 idem
1384 1477 1546 1520 uterque
1571 1469 1723 1507 secutus
1745 1470 1818 1515 fit余
1850 1469 1959 1510 hunc

570 1545 644 1584 ego
665 1533 837 1570 amicum
858 1531 1000 1570 habere
1019 1546 1099 1572 non
1120 1546 1229 1572 curo.
1264 1534 1496 1571 Liberalitas
1518 1543 1597 1579 tua,
1624 1544 1667 1572 ut
1687 1534 1862 1574 hominis
1884 1549 1958 1574 no-

571 1596 762 1642 biliffimi,
794 1598 910 1636 latius
943 1599 983 1636 in
1013 1599 1215 1651 provincia
1244 1600 1399 1651 patuit:
1433 1599 1559 1638 nostra
1583 1600 1609 1638 fi
1630 1600 1841 1652 angustior,
1873 1611 1912 1639 et
1932 1601 1958 1639 fi

571 1663 618 1701 de
639 1673 705 1701 tua
724 1664 877 1715 prolixa
897 1664 1148 1716 beneficaque
1168 1673 1304 1703 natura
1324 1665 1476 1704 limavit
1495 1665 1646 1717 aliquid
1675 1665 1862 1718 posterior
1887 1680 1958 1705 an-

569 1743 659 1773 nus,
678 1738 836 1782 propter
856 1729 1051 1781 quandam
1074 1729 1271 1768 tristitiam
1292 1740 1537 1782 temporum余
1560 1745 1640 1768 non
1661 1731 1806 1769 debent
1825 1733 1959 1770 mirari

568 1794 766 1839 homines,
798 1808 891 1832 cum
921 1804 959 1832 et
989 1804 1124 1833 natura
1144 1795 1293 1847 semper
1313 1795 1358 1832 ad
1383 1796 1631 1848 largiendum
1652 1810 1700 1834 ex
1720 1796 1847 1835 alieno
1867 1797 1958 1835 fue-

517 1866 521 1870 '
570 1861 646 1898 rim
679 1860 899 1905 restrictior,
931 1869 969 1898 et
999 1861 1258 1912 temporibus,
1291 1861 1435 1912 quibus
1466 1861 1532 1899 alii
1564 1871 1787 1907 moventur,
1819 1863 1958 1900 iisdem

569 1939 642 1977 ego
664 1939 832 1970 movear,
864 1938 927 1963 me
947 1925 1019 1963 effe
1038 1926 1224 1964 acerbum
1244 1926 1330 1970 fibi,
1358 1934 1400 1963 ut
1422 1926 1492 1964 s1m
1513 1926 1639 1965 dulcis
1661 1925 1778 1965 mihi.
1812 1928 1873 1966 De
1893 1941 1956 1966 re-

571 1991 643 2029 bus
666 1991 823 2028 urbanis
844 1991 951 2043 quod
972 2005 1035 2029 me
1055 1992 1263 2029 certiorem
1284 1990 1424 2037 fecisti,
1455 2006 1548 2030 cum
1582 2006 1649 2045 per
1675 1992 1712 2031 se
1737 1992 1839 2031 mihi
1866 2007 1956 2045 gra-

569 2066 656 2095 tum
676 2056 769 2102 fuit,
801 2066 888 2095 tum
909 2057 1016 2110 quod
1036 2057 1271 2110 fignificasti,
1305 2058 1378 2095 tibi
1399 2059 1533 2096 omnia
1551 2072 1638 2096 mea
1656 2059 1837 2097 mandata
1856 2073 1958 2100 curae

568 2121 665 2162 fore.
700 2124 745 2160 In
768 2123 913 2175 quibus
935 2136 1060 2160 unum
1080 2123 1181 2161 illud
1203 2133 1240 2161 te
1260 2123 1455 2176 praecipue
1476 2137 1571 2176 rogo
1587 2134 1631 2162 ut
1652 2138 1776 2169 cures,
1796 2138 1844 2161 ne
1860 2124 1957 2176 quid

568 2187 670 2226 mihi
700 2188 746 2226 ad
774 2188 852 2226 hoc
882 2190 1029 2241 negotii
1061 2198 1126 2227 aut
1155 2190 1282 2227 oneris
1304 2189 1475 2235 accedat,
1507 2199 1573 2228 aut
1595 2191 1810 2242 temporis余
1843 2191 1954 2228 Hor-

568 2255 814 2306 tensiumque
831 2254 1004 2292 nostrum
1020 2255 1213 2307 collegam
1230 2265 1268 2293 et
1283 2254 1518 2293 familiarem
1534 2269 1660 2308 roges,
1676 2265 1720 2293 ut
1736 2256 1762 2293 fi
1780 2269 1955 2307 unquam

568 2334 654 2358 mea
673 2320 784 2358 causa
803 2319 1020 2372 quidquam
1040 2330 1106 2359 aut
1127 2321 1254 2365 senfit,
1284 2330 1351 2358 aut
1380 2320 1491 2366 fecit,
1521 2321 1568 2358 de
1589 2321 1661 2359 hac
1686 2335 1845 2374 quoque
1864 2321 1951 2359 sen-

568 2387 690 2424 tentia
711 2386 817 2424 bima
836 2386 1010 2432 decedat,
1041 2400 1116 2438 qua
1137 2385 1239 2425 mihi
1260 2386 1362 2425 nihil
1383 2387 1507 2439 potest
1527 2387 1598 2425 effe
1628 2387 1845 2426 inimicius.
1891 2388 1954 2426 De

569 2451 706 2490 nostris
729 2452 843 2490 rebus
869 2452 975 2504 quod
1004 2451 1100 2490 scire
1129 2453 1201 2497 vis,
1234 2452 1357 2491 Tarso
1389 2453 1502 2490 nonis
1538 2453 1722 2491 octobris
1753 2454 1954 2490 Amanum

566 2517 696 2558 versus
723 2518 889 2571 profecti
920 2518 1068 2558 sumus.
1115 2519 1213 2558 Haec
1246 2518 1376 2571 scripsi
1408 2518 1592 2571 postridie
1623 2520 1706 2572 ejus
1738 2518 1830 2564 diei,
1861 2531 1954 2557 cum
