2351 2997
632 230 727 268 AD
783 225 1252 267 FAMILIARES
1310 226 1445 266 LIB.
1494 227 1607 268 XVI.
1731 242 1812 286 445

425 338 500 364 rem
506 324 653 378 statim.
699 321 964 378 Tergiversari
985 323 1097 370 nolui,
1128 338 1172 362 ne
1190 337 1267 362 mea
1287 324 1400 362 nimia
1419 318 1762 380 waffnficspicionem
1782 330 1817 369 ei

425 391 585 444 aliquam
615 392 848 445 importaret.
894 390 1040 430 Deinde
1065 391 1159 430 illud
1174 390 1284 429 etiam
1303 390 1396 430 mihi
1397 392 1662 445 sttccurrebat,
1689 408 1813 447 grave

426 457 500 510 effi’,
531 472 584 496 me
603 458 644 496 de
651 458 792 509 judicio
806 457 934 511 patris
941 456 1129 509 judicare.
1168 453 1288 496 Tuum
1308 466 1428 496 tamen
1434 457 1614 510 studium,
1643 468 1681 498 et
1701 462 1812 513 const-

426 521 528 568 lium,
555 533 711 576 gratum
744 533 1000 577 acceptumque
1030 523 1076 575 cst
1108 523 1209 562 mihi.
1254 523 1533 577 Excustztionem
1562 525 1814 578 angustiarum

427 588 489 626 tui
505 590 675 642 temporis
693 590 829 643 accipio
845 605 858 629 :
874 590 956 643 scio
975 589 1081 635 enim,
1114 603 1221 642 quam
1226 590 1348 641 soleas
1366 589 1429 642 effe
1447 598 1653 643 occupatus.
1691 593 1815 647 Emis-

413 654 460 705 st
478 662 515 692 te
527 655 711 707 praedium
731 656 962 694 vehementer
976 654 1129 707 gaudeo,
1147 654 1388 707 feliciterque
1417 654 1490 693 tibi
1513 671 1588 694 rem
1608 658 1625 694 i
1650 672 1709 696 am
1728 673 1815 698 eve-

427 718 509 757 nire
539 720 655 772 cupio.
701 721 785 758 Hoc
814 721 885 758 loco
915 734 969 758 me
1000 719 1072 757 tibi
1089 720 1288 771 gratulari
1308 720 1384 758 noli
1399 720 1561 759 mirari:
1592 722 1706 761 eodem
1725 725 1816 763 enim

412 784 505 835 fere
523 785 594 822 loco
614 794 657 823 tu
677 799 827 838 quoque,
858 785 969 838 emiſje
987 794 1037 831 te,
1054 785 1185 838 fecssi
1200 800 1253 823 me
1273 785 1476 825 certiorem.
1523 787 1651 826 Habes
1670 788 1735 827 ubi
1751 789 1813 828 de-

419 848 597 901 ponendae
616 849 688 888 tibi
689 851 774 902 sint
794 849 1042 889 urbanitates.
1088 850 1258 903 Rusticus
1276 851 1462 889 Romanus
1468 851 1604 903 fabius
1623 867 1670 892 es.
1713 855 1815 906 Qe-

426 912 524 952 modo
554 929 616 966 ego
646 915 738 953 mihi
765 930 862 954 nunc
887 925 975 955 ante
1005 916 1120 954 oculos
1149 925 1253 954 tuum
1272 915 1566 968 jucundfffi'mum
1598 920 1817 972 conspec‘Jum

421 987 583 1032 propono
599 998 611 1025 ;
642 980 770 1019 videor
795 981 887 1020 enim
919 981 1045 1019 videre
1073 992 1242 1020 ementem
1263 990 1300 1020 te
1319 981 1473 1034 rusticas
1492 997 1565 1028 res,
1595 997 1676 1022 cum
1695 986 1818 1025 villico

427 1045 640 1097 loquentem,
671 1047 709 1085 in
742 1047 879 1086 lacinia
889 1049 1111 1100 firvantem
1142 1062 1185 1086 ex
1214 1049 1332 1100 mensa
1345 1048 1511 1101 ficunda
1527 1050 1686 1102 fimina.
1745 1052 1820 1091 Sed

429 1108 553 1164 (quod
579 1111 631 1150 aa'
652 1127 727 1151 rem
753 1113 947 1168 pertinet)
982 1128 1036 1151 me
1067 1123 1145 1151 tum
1177 1112 1250 1151 tibi
1276 1111 1434 1166 defztssk,
1464 1129 1565 1167 aeque
1582 1129 1627 1153 ac
1646 1124 1689 1154 tu
1707 1116 1814 1156 doleo.

429 1175 503 1215 Sed
517 1177 592 1216 noli
608 1177 792 1223 dubitare,
823 1179 874 1217 mi
893 1176 994 1223 Tiro,
1027 1179 1114 1232 quin
1135 1188 1172 1217 te
1176 1176 1451 1231 sublevaturus
1455 1180 1544 1231 stm,
1560 1180 1603 1231 si
1619 1180 1715 1219 modo
1720 1183 1816 1234 for-

429 1250 522 1280 tuna
550 1257 604 1281 me
618 1259 632 1281 .·
656 1244 867 1297 praest‘rtim
893 1244 1114 1297 cumsczkzm,
1145 1257 1361 1282 communem
1381 1243 1480 1282 nobis
1500 1253 1658 1297 emptum
1688 1247 1750 1300 effe
1768 1248 1817 1301 is-

430 1316 508 1346 tum
513 1308 694 1360 fundum.
740 1310 804 1348 De
834 1309 1018 1348 mandatis
1038 1309 1134 1362 quod
1149 1309 1222 1348 tibi
1238 1311 1448 1363 curaefuit,
1479 1310 1524 1363 est
1543 1311 1634 1350 mihi
1645 1322 1817 1365 gratum.

429 1372 504 1411 Sed
511 1382 598 1426 peto
617 1389 641 1412 a
660 1384 709 1418 te,
741 1386 785 1412 ut
804 1389 911 1427 quam
932 1376 1116 1414 celerrime
1135 1374 1226 1413 mihi
1242 1374 1422 1414 librarius
1440 1376 1634 1423 mittatur,
1666 1379 1821 1418 maxime

429 1438 568 1490 quidem
591 1439 746 1477 Graecus
763 1456 776 1478 .·
812 1441 966 1479 multum
985 1440 1077 1479 mihi
1094 1441 1187 1478 enim
1206 1440 1368 1493 eripitur
1387 1450 1505 1495 operae
1524 1443 1561 1481 in
1582 1443 1821 1497 enfscribendz}

428 1503 721 1556 hypomnematis.
763 1502 821 1543 Tu
840 1505 949 1544 velim
970 1506 1007 1544 in
1022 1505 1157 1557 primis
1175 1518 1281 1544 cures
1301 1516 1343 1545 ut
1363 1508 1504 1553 valeas,
1535 1516 1579 1546 ut
1598 1523 1673 1547 una
1692 1514 1822 1559 συμφι-

430 1566 575 1616 λολσγεῖν
588 1570 767 1622 pofflmus.
799 1571 1013 1610 Antberum
1035 1570 1109 1609 tibi
1124 1568 1336 1612 commendo.
1372 1573 1471 1611 Vale.

711 1771 1000 1810 TULLlus
1043 1773 1443 1812 T1R0N1S.P.
1477 1773 1531 1812 D.

432 1897 568 1936 XXII.
594 1898 727 1969 SPE
745 1899 831 1937 RO
862 1913 909 1937 ex
932 1901 1008 1938 tuis
1031 1901 1170 1946 literis,
1204 1902 1278 1939 tibi
1300 1901 1442 1940 melius
1463 1902 1562 1942 effe:
1595 1904 1714 1958 cupio
1735 1918 1829 1944 cer--

673 1974 723 2002 te.
770 1965 847 2002 Cui
874 1965 1035 2016 quidem
1058 1967 1112 2004 rei
1133 1967 1244 2005 omni
1265 1967 1414 2005 ratione
1434 1981 1526 2006 cura
1546 1977 1590 2007 ut
1610 1970 1791 2009 inservias
1809 1987 1820 2011 z

432 2037 471 2067 et
501 2042 592 2067 cave
623 2029 841 2082 suspiceri8‚
873 2041 1009 2069 contra
1040 2046 1168 2070 meam
1201 2033 1446 2072 voluntatem
1480 2043 1518 2072 te
1543 2033 1683 2081 facere,
1714 2037 1825 2089 quod

433 2107 512 2132 non
536 2094 579 2132 fis
601 2109 775 2133 mecum.
821 2096 987 2135 Mecum
1009 2111 1063 2142 εδ,
1096 2098 1121 2135 fi
1144 2107 1181 2135 te
1201 2112 1327 2136 curas.
1373 2101 1506 2151 Qare
1525 2101 1631 2139 malo
1652 2111 1690 2140 te
1714 2103 1821 2141 vale-

434 2159 564 2197 tudini
586 2169 661 2198 tuae
683 2160 835 2205 servire,
867 2175 986 2212 quam
1009 2163 1106 2200 meis
1127 2164 1254 2201 oculis
1275 2172 1314 2201 et
1334 2165 1508 2204 auribus.
1551 2167 1634 2204 Ets1
1655 2168 1762 2205 enim
1783 2177 1822 2207 et

434 2225 549 2263 audio
573 2236 623 2271 te,
654 2236 693 2264 et
714 2227 827 2264 video
848 2227 1045 2267 libenter:
1079 2237 1208 2267 tamen
1230 2228 1306 2268 hoc
1326 2230 1457 2268 multo
1481 2232 1569 2276 erit,
1601 2233 1628 2271 fi
1660 2233 1821 2279 valebis,

428 2292 660 2344 jucundius.
707 2293 795 2345 Ego
821 2291 888 2331 hic
909 2290 1023 2340 celso,
1055 2295 1149 2347 quia
1168 2295 1249 2348 ipse
1269 2294 1372 2334 nihil
1394 2296 1549 2336 scribo:
1582 2298 1671 2351 lego
1691 2309 1831 2338 autem.

434 2357 699 2396 libentiffirne.
743 2361 810 2397 Tu
841 2359 940 2405 istic,
973 2361 998 2398 fi
1031 2361 1128 2412 quid
1148 2361 1298 2401 librarii
1320 2376 1406 2401 mea
1427 2377 1546 2402 manu
1567 2377 1647 2403 non
1668 2364 1820 2403 intelli-

433 2432 542 2475 gent,
564 2424 810 2462 monstrabis.
834 2425 923 2464 Una
943 2427 1109 2464 omnino
1128 2427 1373 2482 interpofitio
1393 2429 1595 2467 difficilior
1613 2429 1680 2474 est,
1702 2443 1822 2482 quam

434 2502 483 2527 ne
509 2488 590 2542 ipse
617 2489 780 2543 quidem
800 2489 917 2530 facile
941 2492 1069 2546 legere
1091 2493 1207 2541 soleo,
1239 2494 1286 2534 de
1306 2495 1513 2548 quadrimo
1535 2496 1712 2535 Catone..
1758 2495 1828 2534 De*
