2351 2997
622 276 713 312 AD
773 274 1236 317 FAMILIARES
1297 280 1427 320 LIB.
1481 284 1595 322 ΧΙΙΙ,
1725 290 1796 341 383

418 372 562 424 optimi
584 372 693 409 testes
715 373 816 418 estis,
847 388 940 413 cum
961 375 1060 414 mihi
1082 378 1302 430 persuasum
1323 381 1426 426 esset,
1459 382 1558 420 nihil
1581 384 1665 429 effe,
1693 389 1797 437 quod

418 450 440 473 a
468 437 579 474 vobis
613 438 818 489 impetrare
849 454 926 478 non
957 442 1116 493 possem,
1148 458 1351 496 nunquam
1384 461 1446 485 me
1479 458 1607 486 tamen
1643 465 1797 502 gravem

418 502 529 539 vobis
551 502 621 540 ess'e
642 504 813 543 voluiffe.
862 506 1125 546 Vehementer
1151 511 1272 561 igitur
1298 526 1364 550 vos
1392 514 1508 551 etiam
1536 525 1651 567 atque
1679 519 1796 555 etiam

416 579 526 618 rogo,
559 577 603 604 ut
633 567 792 607 honoris
822 572 900 608 mei
930 572 1039 610 causa
1063 573 1322 614 liberaliffime
1344 578 1392 616 C.
1412 579 1599 630 Valgium
1622 582 1794 633 Hippia-

417 645 513 669 num
546 634 730 678 tradetis,
763 648 923 687 remque
950 650 1042 674 cum
1069 651 1114 675 eo
1135 640 1367 686 conficiatis,
1398 652 1441 680 ut
1463 657 1580 696 quam
1602 647 1791 697 poss'effio-

417 710 506 734 uem
527 696 644 735 habet
664 699 703 734 in
725 712 816 750 agro
838 701 1082 752 Fregellano,
1113 715 1134 738 a
1158 704 1269 742 vobis
1299 716 1487 758 emptam,
1519 722 1603 746 eam
1633 711 1791 749 liberam

414 771 453 798 et
474 762 695 799 immunem
714 762 855 801 habere
875 765 1001 816 posfit.
1035 767 1080 804 Id
1101 767 1126 805 fi
1148 781 1169 805 a
1184 771 1294 808 vobis
1316 772 1540 824 impetrare,
1559 774 1711 813 summo
1733 791 1794 814 me

417 827 607 864 beneficio
627 827 748 865 vestro
769 829 950 868 affectum
973 832 1201 872 arbitrabor.

561 1056 563 1058 -
605 1030 667 1067 M.
704 1031 757 1068 T.
791 1030 839 1068 C.
874 1033 917 1070 P.
952 1033 1432 1076 SULP1CIOIMP.
1476 1040 1512 1078 S.
1547 1041 1599 1078 D.

414 1155 626 1195 LXXVII.
652 1156 719 1230 C
737 1159 774 1196 U
790 1159 838 1196 M
868 1158 928 1197 his
949 1163 1192 1213 temporibus
1214 1176 1292 1201 non
1320 1165 1406 1203 sane
1432 1166 1472 1204 in
1502 1167 1675 1207 senatum
1696 1184 1791 1209 ven-2

750 1224 919 1269 titarem,
951 1233 1095 1272 tamen,
1125 1237 1169 1266 ut
1190 1236 1272 1266 tuas
1294 1229 1422 1268 literas
1444 1231 1536 1284 legi,
1560 1247 1637 1271 non
1658 1236 1791 1274 existi-

412 1287 529 1331 mavi,
562 1300 624 1325 me
644 1288 746 1326 salvo
760 1290 849 1340 jure
870 1289 1004 1328 nostrae
1025 1293 1162 1330 veteris
1184 1294 1380 1340 amicitiae‚
1409 1298 1706 1352 multorumque
1726 1301 1790 1340 in-

408 1360 469 1388 ter
489 1365 557 1390 nos
579 1353 816 1399 officiorum,
838 1353 963 1392 facere
983 1357 1100 1408 poffe,
1124 1367 1167 1395 ut
1187 1358 1328 1398 honori
1350 1370 1418 1399 tuo
1439 1362 1615 1404 deessem.
1654 1368 1792 1420 Itaque

408 1415 533 1461 adfui,
565 1417 970 1472 supplicationemque
1006 1421 1079 1458 tibi
1114 1422 1282 1461 libenter
1315 1425 1495 1473 decrevi3
1533 1443 1604 1468 nec
1638 1432 1792 1485 reliquo

408 1490 586 1534 tempore
619 1484 703 1522 ullo
737 1494 803 1522 aut
837 1485 906 1530 rei,
946 1495 1012 1524 aut
1046 1486 1338 1535 existimationi,
1379 1501 1445 1530 aut
1480 1492 1663 1546 dignitati
1697 1507 1789 1544 tuae,

406 1546 536 1585 deero.
587 1550 735 1601 Atque,
771 1549 847 1587 hoc
882 1560 926 1588 ut
960 1550 1018 1588 tui
1052 1553 1247 1591 necessarii
1281 1555 1417 1602 sciant,
1450 1556 1527 1596 hoc
1561 1573 1624 1598 me
1657 1563 1791 1602 animo

403 1625 497 1664 erga
517 1622 554 1650 te
573 1614 659 1659 effe,
691 1615 809 1653 velim
830 1606 946 1654 facias
967 1630 1030 1654 eos
1059 1631 1126 1669 per
1153 1619 1281 1658 literas
1314 1623 1511 1669 certiores,
1543 1635 1601 1671 ut,
1633 1628 1659 1665 fi
1690 1629 1788 1681 quid

406 1678 480 1715 tibi
503 1692 601 1731 opus
622 1680 681 1724 fit,
714 1694 761 1718 ne
791 1681 973 1720 dubitent
1003 1683 1103 1721 mihi
1125 1686 1214 1735 jure
1245 1686 1310 1724 suo
1327 1687 1572 1730 denuntiare.
1618 1693 1682 1732 M.
1707 1696 1786 1733 Bo-

406 1743 557 1789 lanum,
588 1746 718 1783 virum
738 1746 888 1785 bonum
909 1758 946 1786 et
966 1747 1125 1794 fortem,
1156 1759 1195 1789 et
1226 1753 1410 1791 omnibus
1441 1756 1554 1794 rebus
1586 1768 1784 1806 ornatum,

406 1821 618 1861 meumque
637 1820 807 1849 veterem
825 1815 1014 1858 amicum,
1046 1815 1121 1852 tibi
1141 1829 1376 1871 magnopere
1395 1823 1644 1862 commendo.
1689 1826 1784 1864 Per-

402 1882 562 1925 gratum
593 1875 694 1913 mihi
725 1875 878 1922 feceris,
908 1878 936 1916 fi
970 1880 1130 1925 curaris,
1163 1891 1205 1919 ut
1240 1883 1271 1921 is
1306 1883 1502 1938 intelligat
1534 1886 1637 1927 hanc
1670 1903 1784 1930 com—

403 1940 696 1979 mendationem
723 1942 794 1980 fibi
823 1956 967 1996 magno
992 1945 1218 1997 adjumento
1248 1948 1372 1988 fuisse.
1423 1952 1635 2006 Ipsumque
1655 1957 1784 1997 virum

402 2006 602 2056 optimum
639 2008 977 2061 gratiffimumque
1014 2012 1237 2063 cognosces.
1295 2015 1490 2055 Promitto
1529 2019 1617 2064 tibi,
1663 2031 1699 2059 te
1736 2037 1785 2062 ex

402 2071 486 2121 ejus
521 2072 694 2110 amicitia
725 2087 908 2125 magnam
942 2076 1185 2129 voluptatem
1218 2080 1289 2118 effe
1323 2091 1544 2134 capturum.
1598 2087 1784 2128 Praeterea

403 2148 424 2172 a
450 2145 488 2173 te
513 2145 604 2188 peto
630 2139 818 2190 majorem
838 2140 878 2177 in
897 2141 1077 2188 modum,
1109 2157 1179 2195 pro
1201 2145 1325 2184 nostra
1344 2149 1531 2194 amicitia,
1562 2161 1601 2190 et
1619 2166 1690 2205 pro
1712 2164 1780 2194 tuo

402 2210 591 2252 perpetuo
612 2202 652 2240 in
672 2217 736 2241 me
756 2203 895 2250 studio,
928 2216 971 2243 ut
1002 2207 1041 2244 in
1073 2208 1145 2246 hac
1176 2223 1214 2247 re
1243 2211 1359 2249 etiam
1390 2213 1575 2254 elabores.
1622 2218 1779 2271 Diony-

402 2265 492 2310 fius,
524 2265 650 2305 servus
671 2281 796 2314 meus,
821 2271 890 2321 qui
912 2284 1039 2309 meam
1061 2272 1327 2313 bibliothecen
1350 2278 1568 2318 multorum
1591 2295 1777 2322 nummo-

402 2342 491 2367 rum
513 2333 701 2377 traetavit3
733 2346 824 2371 cum
851 2336 998 2374 multos
1028 2337 1149 2377 libros
1178 2339 1437 2393 subripuisset,
1470 2358 1541 2383 nec
1561 2345 1597 2384 se
1617 2347 1778 2399 impune

401 2394 574 2434 laturum
608 2407 773 2449 putaret,
803 2400 972 2454 aufugit.
1024 2404 1060 2442 Is
1093 2405 1145 2443 est
1177 2407 1216 2444 in
1247 2407 1447 2459 provincia
1476 2419 1554 2450 tua.
1606 2413 1710 2451 Eum
1738 2422 1776 2452 et

484 2462 549 2500 To
563 2475 614 2502 M.
648 2464 741 2502 VII.
1343 2474 1377 2511 C
1407 2487 1428 2511 c
1457 2489 1479 2512 c
