2351 2997
646 323 737 360 AD
796 316 1267 357 FAMILIARES
1327 316 1459 354 LIB.
1512 317 1583 354 VI.
1737 331 1806 370 143

427 421 507 474 ipse
527 430 565 459 et
585 420 737 458 moliar.
786 417 946 469 Singula
978 415 1155 469 persequi
1188 429 1267 453 non
1300 415 1352 452 est
1382 415 1527 453 neceffe
1547 430 1554 452 :
1588 416 1811 453 universum

429 486 599 523 studium
621 497 754 522 meum
776 491 813 520 et
835 482 1148 519 benevolentiam
1169 480 1214 518 ad
1237 490 1272 518 te
1299 480 1444 518 defero.
1479 480 1549 520 Sed
1572 482 1705 532 magni
1726 494 1812 518 mea

428 550 597 594 interest,
620 549 696 586 hoc
718 558 804 585 tuos
826 561 961 585 omnes
984 547 1092 591 scire,
1116 546 1221 599 quod
1243 547 1320 584 tuis
1342 547 1464 584 literis
1489 546 1569 583 fieri
1591 547 1739 598 potest3
1768 557 1812 583 ut

427 616 652 667 intelligant
673 615 805 652 omnia
826 613 1028 651 Ciceronis
1051 622 1179 664 patere
1200 612 1413 649 Trebiano.
1448 612 1539 649 Hoc
1560 626 1605 648 eo
1626 612 1810 663 pertinet,

428 690 472 718 ut
501 680 603 718 nihil
631 680 852 717 existiment
881 678 952 716 effe
983 691 1062 715 tam
1093 677 1268 721 difficile,
1301 676 1407 728 quod
1434 690 1528 720 non,
1561 690 1630 728 pro
1653 686 1689 713 te
1711 676 1812 714 mihi

428 745 664 798 susceptum,
691 744 915 796 jucundum
938 744 981 780 fit
1002 742 1198 779 futurum.

484 813 612 849 Antea
631 810 811 848 misissem
832 809 878 846 ad
899 817 936 846 te
958 809 1101 852 literas,
1134 808 1159 844 si
1189 820 1311 858 genus
1343 806 1535 843 scribendi
1566 807 1782 844 invenirem
1801 823 1810 844 ε

428 877 497 914 tali
518 877 625 913 enim
647 885 836 926 tempore,
868 883 934 911 aut
964 873 1153 911 consolari
1183 873 1400 909 amicorum
1432 871 1498 915 est,
1531 881 1595 908 aut
1616 871 1810 923 polliceri.

429 941 706 979 Consolatione
728 953 806 976 non
829 939 978 983 utebar,
1001 938 1106 990 quod
1127 951 1173 974 ex
1195 937 1332 974 multis
1354 936 1573 980 audiebam,
1592 950 1709 987 quam
1731 935 1813 974 for-

428 1007 520 1044 titer
541 1006 807 1058 sapienterque
828 1003 945 1041 ferres
968 1004 1152 1055 injuriam
1170 1013 1408 1054 temporum,
1427 1015 1624 1053 quamque
1643 1011 1678 1038 te
1695 1001 1813 1039 vehe-

429 1080 581 1109 menter
610 1071 873 1108 consolaretur
901 1069 1138 1107 conscientia
1167 1067 1359 1107 factorum
1389 1077 1427 1105 et
1449 1067 1700 1104 consiliorum
1724 1077 1814 1105 tuo-

429 1152 540 1176 rum:
574 1137 680 1189 quod
701 1136 863 1189 quidem
884 1137 909 1174 fi
930 1135 1041 1179 facis,
1064 1148 1253 1187 magnum
1274 1133 1447 1171 frustum
1469 1134 1685 1171 studiorum
1707 1135 1813 1186 opti-

432 1217 589 1240 morum
610 1204 730 1254 capis,
754 1203 793 1240 in
815 1202 959 1253 quibus
981 1211 1018 1239 te
1038 1201 1187 1253 semper
1208 1200 1286 1238 scio
1307 1200 1377 1237 effe
1398 1199 1609 1244 versatum5
1634 1199 1751 1251 idque
1772 1209 1815 1237 ut

430 1267 562 1312 facias,
593 1269 711 1305 etiam
740 1277 855 1319 atque
883 1267 1001 1304 etiam
1032 1276 1069 1304 te
1093 1265 1243 1303 hortor.
1291 1265 1416 1302 Simul
1438 1274 1475 1302 et
1497 1265 1596 1302 illud
1620 1265 1707 1308 tibi,
1739 1264 1813 1302 ho-

431 1334 531 1371 mini
561 1333 790 1385 peritiflimo
821 1346 964 1377 rerum,
996 1342 1034 1370 et
1064 1331 1352 1383 exemplorum,
1385 1340 1421 1368 et
1450 1331 1579 1367 omnis
1601 1330 1813 1375 vetustatis,

432 1413 479 1436 ne
499 1398 580 1450 ipse
600 1398 761 1450 quidem
782 1398 903 1443 rudis,
935 1397 999 1435 sed
1027 1398 1068 1435 In
1098 1397 1225 1434 studio
1254 1397 1385 1433 minus
1417 1395 1568 1433 fortasse
1591 1409 1710 1447 quam
1732 1396 1814 1433 vel-

430 1464 523 1507 lem,
555 1472 593 1499 at
624 1463 664 1499 in
691 1463 804 1500 rebus
826 1472 941 1513 atque
963 1462 1031 1500 usu
1053 1461 1141 1513 plus
1163 1461 1280 1498 etiam
1302 1473 1420 1512 quam
1443 1460 1599 1504 vellem,
1631 1461 1813 1505 versatus,

432 1529 628 1581 spondeo,
649 1529 722 1566 tibi
744 1528 854 1566 istam
874 1529 1126 1566 acerbitatem
1147 1536 1185 1564 et
1205 1527 1391 1578 injuriam
1413 1539 1490 1563 non
1512 1525 1696 1563 diuturne
1715 1525 1813 1564 fore.

432 1597 539 1633 Nam
574 1605 612 1632 et
642 1595 721 1646 ipse
752 1597 820 1647 qui
851 1595 1070 1647 plurimum
1100 1593 1239 1646 potest,
1271 1592 1449 1645 quotidie
1479 1591 1581 1629 mihi
1613 1591 1740 1629 delabi
1770 1593 1816 1629 ad

433 1662 654 1712 aequitatem
676 1670 714 1698 et
735 1661 780 1697 ad
802 1675 930 1698 rerum
953 1670 1130 1698 naturam
1150 1659 1323 1698 videtur:
1347 1668 1385 1696 et
1406 1658 1487 1711 ipsa
1505 1658 1616 1695 causa
1631 1672 1672 1695 ea
1688 1658 1754 1703 est,
1775 1669 1818 1696 ut

427 1729 510 1778 jam
532 1726 643 1764 simul
666 1740 759 1763 cum
781 1726 993 1778 republica,
1013 1740 1097 1777 quae
1118 1726 1159 1762 in
1181 1734 1415 1777 perpetuum
1429 1725 1557 1775 jacere
1579 1737 1655 1761 non
1677 1724 1816 1776 potest,

434 1791 638 1829 necessario
671 1791 869 1829 reviviscat
902 1801 1017 1842 atque
1050 1799 1241 1828 recreetur
1259 1805 1268 1827 :
1301 1789 1557 1841 quotidieque
1589 1788 1739 1840 aliquid
1773 1789 1819 1827 fit

434 1857 560 1894 lenius
582 1865 619 1893 et
640 1856 855 1900 liberalius,
887 1870 1004 1907 quam
1026 1856 1277 1893 timebamus.
1322 1856 1420 1905 Qae
1442 1854 1629 1905 quoniam
1650 1855 1690 1891 in
1714 1863 1815 1892 tem-

431 1935 572 1975 porum
593 1922 919 1958 inclinationibus
942 1921 1037 1972 saepe
1058 1921 1183 1973 parvis
1205 1920 1326 1972 posita
1346 1919 1450 1964 sunt,
1468 1920 1601 1956 omnia
1617 1930 1818 1957 momenta

432 1986 739 2031 observabimus,
772 2000 897 2038 neque
920 1986 1048 2023 ullum
1070 1986 1415 2037 praetermittemus
1437 1985 1496 2021 tui
1511 1984 1675 2036 juvandi
1696 1995 1733 2022 et
1759 1985 1816 2023 le·-

433 2052 547 2090 vandi
569 2053 717 2090 locum.
752 2054 888 2104 Itaque
909 2052 1008 2090 illud
1029 2052 1210 2096 alterum,
1228 2051 1335 2103 quod
1356 2050 1453 2095 dixi,
1471 2050 1673 2088 literarum
1694 2065 1817 2104 genus

433 2117 611 2169 quotidie
632 2117 747 2162 mihi,
774 2127 817 2155 ut
840 2119 961 2170 spero,
984 2118 1051 2155 fiet
1072 2117 1301 2169 proclivius,
1324 2125 1368 2154 ut
1388 2117 1506 2154 etiam
1527 2116 1706 2168 polliceri
1728 2117 1818 2168 pos-

433 2183 517 2220 sim.
553 2182 597 2219 Id
618 2196 671 2227 re,
695 2196 813 2234 quam
834 2183 976 2228 verbis,
995 2182 1136 2220 faciam
1156 2182 1361 2219 libentius.
1386 2183 1451 2219 Tu
1470 2181 1588 2219 velim
1605 2180 1815 2227 existimes,

432 2257 469 2285 et
490 2248 619 2300 plures
643 2257 679 2286 te
700 2249 845 2286 amicos
868 2248 1022 2294 habere,
1054 2262 1173 2301 quam
1200 2248 1270 2300 qui
1296 2248 1338 2285 in
1366 2247 1436 2285 isto
1461 2247 1548 2285 casu
1570 2247 1643 2284 sint
1663 2260 1705 2284 ac
1728 2246 1816 2285 fue-

434 2315 526 2359 rint,
550 2323 745 2366 quantum
766 2316 927 2367 quidem
948 2329 1021 2367 ego
1041 2314 1261 2366 intelligere
1281 2314 1505 2366 potuerim;
1531 2323 1570 2351 et
1590 2327 1653 2350 me
1673 2327 1816 2351 conce-

421 2380 523 2437 'dere
544 2394 677 2418 eorum
699 2382 863 2420 nemini.
910 2382 1072 2420 Fortem
1098 2380 1160 2419 fac
1188 2380 1367 2419 animum
1392 2379 1532 2418 habeas
1553 2389 1591 2417 et
1612 2393 1815 2431 magnum,

435 2446 540 2498 quod
561 2445 613 2483 est
634 2446 674 2483 in
696 2460 774 2484 uno
796 2456 846 2486 te.
870 2449 969 2500 Qae
990 2447 1079 2486 sunt
1099 2448 1140 2485 in
1161 2446 1334 2492 fortuna,
1353 2445 1597 2500 temporibus
1619 2454 1815 2498 regentur,

434 2521 472 2550 et
493 2511 664 2550 consiliis
684 2512 822 2553 nostris
844 2514 1169 2566 providebuntur.
1201 2513 1313 2554 Vale.
