2351 2997
520 269 596 310 230
869 255 1551 295 EPISTOLARUM

944 489 1209 526 CICERO
1260 488 1464 526 PAETo.

515 616 651 654 XXII.
669 613 748 686 A
762 616 810 654 M
829 616 864 653 O
892 615 1180 660 verecundiam,
1212 616 1272 653 vel
1293 616 1424 668 potius
1446 615 1667 653 libertatem
1688 615 1890 668 loquendi.²

763 682 889 734 Atqui
905 681 981 719 hoc
1000 681 1153 719 Zenoni
1170 681 1334 733 placuit,
1352 680 1505 718 homini
1522 680 1746 718 mehercule
1762 690 1891 727 acuto,

512 746 579 784 ets1
602 746 822 785 Academiae
845 747 977 784 nostrae
993 761 1087 784 cum
1102 760 1147 783 eo
1168 760 1308 798 magna
1324 747 1405 783 rixa
1420 746 1486 784 est.
1521 746 1606 790 Sed,
1625 755 1668 784 ut
1685 746 1787 791 dico,
1805 747 1892 799 pla-

512 821 575 849 cet
596 813 750 857 Stoicis,
774 813 840 850 suo
861 826 1057 864 quamque
1079 826 1159 849 rem
1182 812 1341 849 nomine
1362 812 1566 863 appellare.
1603 812 1663 849 Sic
1685 813 1791 849 enim
1813 812 1891 850 dis-

512 877 657 922 serunt,
680 877 797 915 Nihil
814 878 884 915 effe
901 878 1145 921 obscoenum,
1164 876 1265 914 nihil
1287 887 1398 928 turpe
1415 877 1535 914 dictu.
1559 877 1664 915 Nam
1681 877 1707 914 fi
1724 877 1831 930 quod
1846 878 1893 915 fit

511 941 553 979 in
574 941 827 979 obscoenitate
848 942 1057 993 flagitium,
1090 942 1128 979 id
1149 951 1214 978 aut
1235 942 1275 978 in
1297 955 1335 978 re
1355 941 1439 985 effe,
1463 950 1528 978 aut
1549 941 1589 978 in
1610 942 1728 979 verbo
1747 957 1755 979 :
1788 941 1892 979 nihil

509 1006 583 1043 effe
605 1007 779 1044 tertium.
824 1008 868 1044 In
891 1021 931 1044 re
951 1021 1029 1044 nou
1050 1006 1116 1044 est.
1151 1007 1287 1057 Itaque
1308 1019 1385 1043 non
1407 1006 1525 1043 modo
1546 1006 1586 1042 in
1607 1006 1812 1044 comoediis
1833 1019 1891 1044 res

511 1071 592 1123 ipsa
610 1081 797 1115 narratur,
830 1081 873 1108 ut
904 1071 972 1109 ille
1003 1072 1043 1108 in
1078 1072 1298 1122 Demiurgo
1329 1070 1446 1107 modo
1481 1069 1600 1122 (forte
1632 1071 1730 1108 nosti
1760 1073 1888 1109 canti-

510 1150 603 1173 cum
623 1152 630 1174 :
665 1136 876 1175 meministi
907 1136 1116 1185 Roscium)
1139 1137 1202 1173 Ita
1221 1150 1272 1173 me
1292 1135 1447 1186 destituit
1466 1135 1596 1173 nudum
1616 1166 1624 1174 .
1645 1166 1653 1173 .
1673 1166 1682 1174 .
1702 1145 1807 1174 totus
1837 1136 1891 1174 est

510 1201 634 1239 sermo
660 1202 787 1239 verbis
818 1203 956 1245 tectus,
988 1215 1027 1239 re
1056 1201 1352 1253 impudentium
1385 1201 1447 1238 sed
1472 1202 1589 1238 etiam
1611 1201 1650 1238 in
1674 1201 1888 1253 tragoediis.

510 1267 620 1317 Qid
646 1267 698 1304 est
725 1268 832 1304 enim
864 1266 964 1304 illud
984 1268 996 1303 ?
1028 1267 1119 1317 Qae
1148 1266 1271 1303 mztllk’r
1301 1280 1373 1303 una
1392 1296 1400 1303 .
1420 1296 1428 1304 .
1448 1296 1456 1304 .
1478 1266 1588 1317 quid,
1621 1266 1783 1318 inquam
1803 1266 1888 1304 est?

508 1333 683 1385 usta-pata
702 1332 829 1385 duplex
856 1332 978 1370 cubile.
1025 1331 1166 1383 Qid?
1198 1331 1301 1382 hujus
1331 1331 1481 1369 Pheraei
1504 1332 1562 1369 hic
1591 1331 1700 1369 cubzle
1726 1331 1818 1369 inire
1844 1331 1890 1383 ss

507 1399 623 1451 austu.
672 1398 782 1450 Qid
801 1397 885 1435 est?
918 1397 1100 1448 Virginem
1125 1410 1177 1434 me
1196 1396 1366 1448 quondam
1385 1395 1540 1433 invitam
1558 1404 1629 1447 per
1654 1396 1729 1434 vim
1758 1395 1886 1434 violat.

508 1464 665 1515 Jupiter
685 1462 807 1500 bone!
832 1462 979 1499 violat?
1002 1470 1118 1513 atque
1138 1460 1243 1498 idem
1264 1460 1478 1512 fignificat:
1502 1460 1565 1498 sed
1585 1460 1751 1498 alterum
1772 1474 1888 1499 nemo

509 1528 668 1566 tuliffet.
707 1528 827 1565 Vides
848 1527 984 1579 igitur,
1016 1539 1108 1565 cum
1128 1526 1262 1564 eadem
1282 1539 1339 1564 res
1362 1526 1420 1570 fit,
1452 1527 1543 1578 quia
1561 1526 1677 1564 verba
1696 1539 1775 1564 non
1797 1526 1886 1572 sint,

507 1592 609 1631 nihil
632 1593 752 1632 videri
775 1603 901 1645 turpe.
934 1594 1040 1644 Ergo
1062 1593 1101 1629 in
1122 1606 1161 1629 re
1182 1606 1261 1630 non
1282 1591 1358 1629 est:
1382 1591 1511 1629 multo
1527 1593 1658 1629 minus
1679 1592 1721 1628 in
1742 1592 1886 1630 verbis.

508 1659 547 1695 Si
568 1660 674 1696 enim
689 1658 796 1711 quod
811 1658 930 1695 verbo
947 1657 1198 1709 significatur,
1217 1656 1256 1694 id
1273 1666 1384 1708 turpe
1401 1670 1479 1693 non
1500 1656 1567 1701 est,
1585 1656 1763 1702 verbum,
1781 1656 1889 1709 quod

505 1724 710 1776 fignificat,
729 1733 841 1775 turpe
861 1723 932 1761 effe
949 1736 1026 1760 non
1042 1722 1180 1775 potest.
1214 1724 1349 1760 Anum
1366 1722 1535 1774 appellas
1556 1722 1682 1760 alieno
1703 1722 1885 1761 nomine:

505 1803 575 1827 cur
596 1803 673 1827 non
695 1789 761 1827 suo
781 1789 943 1841 potius?
968 1789 1005 1826 Si
1027 1798 1139 1840 turpe
1159 1787 1224 1833 est,
1248 1802 1295 1825 ne
1316 1787 1441 1825 alieno
1458 1788 1644 1840 quidem:
1669 1788 1694 1824 fi
1716 1801 1794 1826 non
1816 1787 1883 1833 est,

505 1854 572 1891 suo
593 1855 740 1906 potius.
765 1854 941 1891 Caudam
962 1853 1114 1904 antiqui
1127 1862 1252 1904 penem
1266 1852 1475 1890 vocabant:
1500 1866 1547 1890 ex
1564 1866 1643 1904 quo
1659 1852 1711 1889 est
1726 1861 1887 1904 propter

506 1919 802 1956 similitudinem
828 1918 1053 1970 penicillus.
1099 1919 1155 1955 At
1176 1917 1291 1955 hodie
1311 1918 1420 1969 penis
1442 1917 1494 1954 est
1514 1918 1554 1954 in
1575 1917 1783 1955 obscoenis.
1829 1918 1886 1955 At

505 1997 595 2021 vero
613 1983 699 2021 Piso
716 1984 783 2021 ille
799 1982 905 2035 frugi
921 1983 961 2020 in
979 1983 1200 2020 Annalibus
1218 1983 1292 2020 suis
1310 1983 1500 2035 queritur,
1519 1982 1777 2020 adolescentes
1793 1983 1885 2034 peni

504 2049 655 2087 deditos
677 2048 762 2086 effe.
796 2048 915 2100 Qod
937 2058 979 2086 tu
1000 2049 1040 2086 in
1062 2048 1221 2101 epistola
1240 2048 1409 2100 appellas
1431 2048 1498 2085 suo
1514 2049 1689 2092 nomine,
1712 2048 1779 2085 ille
1800 2057 1884 2085 tec-

505 2115 582 2152 tius
604 2127 759 2166 penem.
795 2113 867 2150 Sed
889 2114 980 2164 quia
1000 2113 1132 2158 multi,
1154 2112 1301 2150 fac'tum
1323 2113 1375 2150 est
1396 2122 1476 2150 tarn
1496 2113 1741 2157 obscoenum,
1764 2126 1884 2165 quam

503 2179 544 2217 id
565 2180 742 2223 verbum,
775 2192 854 2230 quo
876 2187 917 2216 tu
940 2179 1027 2216 usus
1056 2193 1108 2216 es.
1157 2178 1280 2229 Qid,
1312 2179 1418 2230 quod
1445 2178 1564 2229 vulgo
1595 2178 1754 2223 dicitur,
1793 2180 1883 2216 Cum

503 2259 562 2283 nos
582 2254 617 2282 te
637 2244 807 2282 voluimus
828 2244 1027 2288 convenire,
1060 2258 1156 2281 num
1177 2244 1407 2282 obscoenum
1428 2244 1480 2280 est
1499 2245 1511 2281 ?
1544 2244 1732 2287 Niemini,
1761 2244 1802 2280 in
1823 2244 1881 2282 se—

503 2320 597 2348 natu
618 2309 803 2347 disertum
825 2310 1065 2347 consularem
1086 2310 1139 2346 ita
1158 2310 1290 2361 eloqui
1310 2325 1317 2347 ε
1350 2311 1461 2346 Hanc
1479 2309 1617 2360 culpam
1635 2309 1812 2360 majorem,
1833 2324 1881 2347 cm

502 2376 598 2414 illam
614 2375 725 2413 dicam
740 2375 759 2412 ,ἲ
780 2376 910 2428 potuit
930 2375 1149 2413 obscoenius
1165 2376 1176 2412 ?
1201 2376 1310 2419 Non,
1329 2375 1459 2426 inquis
1475 2391 1483 2412 2
1508 2388 1585 2412 non
1602 2376 1708 2412 enim
1725 2375 1778 2412 ita
1793 2375 1878 2412 sen—

502 2442 561 2480 fit.
594 2443 688 2480 Non
711 2455 801 2493 ergo
822 2441 862 2478 in
884 2441 1000 2479 verbo
1021 2440 1086 2478 est.
1127 2441 1258 2478 Docui
1279 2450 1407 2477 autem
1429 2441 1469 2478 in
1492 2454 1529 2477 re
1551 2453 1628 2478 non
1650 2440 1735 2478 effe.
1769 2440 1877 2478 Nus-

502 2521 619 2561 quam
649 2507 771 2560 igitur
791 2507 857 2546 est.
907 2505 1051 2545 Liberis
1071 2505 1157 2544 dare
1177 2514 1331 2558 operam,
1363 2519 1481 2558 quam
1513 2505 1671 2544 honeste
1702 2505 1876 2543 dicitur?
