2351 2997
993 198 1036 288 i[
1094 246 1171 287 403
1232 232 1246 284 ]

677 485 1596 544 EPISTOLARUM

520 718 691 774 AD
823 701 1759 769 FAMILIARES

907 927 1184 969 LIBER
1274 925 1375 963 XV.

506 1130 570 1168 M.
602 1131 810 1167 TULLIUS
853 1126 916 1164 M.
951 1126 998 1163 F.
1031 1125 1207 1169 CrcERo
1251 1121 1538 1163 PssocoNsnr,
1582 1118 1619 1156 S.
1653 1117 1697 1155 P.
1730 1116 1785 1154 D.

659 1195 784 1232 Coss.
830 1193 1026 1230 PRAETT.
1070 1190 1236 1226 TRIBB.
1281 1186 1356 1224 PL.
1401 1186 1628 1222 SENATUI.

459 1324 492 1360 Ι.
518 1319 617 1423 SI
649 1336 714 1360 vos
747 1321 897 1364 valetis,
929 1319 1027 1355 bene
1057 1315 1138 1353 est:
1171 1327 1243 1366 ego
1275 1312 1435 1365 quidem
1468 1311 1590 1350 valeo.
1642 1309 1724 1347 Etfi
1758 1321 1838 1346 non

616 1387 734 1424 dubie
765 1384 867 1423 mihi
899 1382 1166 1425 nuntiabatur,
1199 1378 1362 1416 Parthos
1395 1377 1559 1416 tranfiffe
1594 1374 1839 1427 Euphratem

457 1468 552 1492 cum
572 1452 757 1491 omnibus
779 1450 858 1489 fere
879 1449 956 1487 suis
986 1446 1140 1499 copiis;
1173 1453 1318 1488 tamen,
1349 1443 1456 1496 quod
1484 1441 1697 1480 arbitrabar
1724 1453 1744 1477 a
1774 1439 1840 1477 Μ.

460 1520 605 1558 Bibulo
633 1516 863 1570 proconsule
890 1513 1055 1552 certiora
1084 1510 1132 1548 de
1163 1509 1225 1548 his
1258 1509 1372 1546 rebus
1405 1508 1452 1546 ad
1483 1521 1550 1546 vos
1578 1506 1695 1544 scribi
1721 1504 1839 1557 poffe,

460 1583 674 1622 statuebam
704 1580 806 1619 mihi
837 1593 916 1618 non
948 1575 1092 1616 neceffe
1120 1575 1192 1613 effe
1222 1574 1382 1627 publice
1412 1572 1576 1611 scribere
1601 1584 1658 1615 ea,
1690 1584 1776 1622 quae
1797 1569 1843 1605 de

460 1649 619 1687 alterius
641 1646 842 1699 provincia
862 1644 1149 1682 nuntiarentur.
1196 1639 1329 1678 Postea
1357 1651 1447 1676 vero
1477 1651 1595 1689 quam
1625 1634 1842 1673 certiffimis

462 1714 701 1757 meroribus,
732 1710 884 1762 legatis,
924 1707 1088 1751 nuntiis,
1126 1705 1264 1749 literis,
1297 1703 1381 1741 sum
1416 1703 1558 1740 certior
1590 1700 1742 1744 factus3
1783 1699 1843 1736 vel

463 1779 570 1832 quod
592 1787 696 1816 tanta
716 1790 773 1815 res
795 1784 889 1820 erat,
921 1774 981 1812 vel
1003 1772 1108 1824 quod
1130 1769 1307 1808 nondum
1327 1769 1569 1807 audieramus
1592 1765 1781 1803 Bibulum
1803 1765 1844 1801 in

465 1845 614 1896 Syriam
641 1842 796 1886 venisse,
827 1840 888 1879 vel
919 1839 1012 1891 quia
1040 1835 1321 1875 administratio
1351 1833 1469 1885 hujus
1500 1832 1595 1869 belli
1624 1829 1725 1868 mihi
1753 1843 1847 1868 cum

465 1910 610 1948 Bibulo
630 1921 728 1961 pene
749 1906 801 1944 est
821 1905 1070 1947 communi53
1094 1916 1179 1954 quae
1200 1901 1246 1939 ad
1266 1914 1328 1938 me
1349 1900 1473 1937 delata
1492 1897 1624 1941 effent,
1648 1896 1848 1934 scribenda

465 1975 512 2013 ad
533 1988 599 2012 vos
620 1972 769 2025 putavi.
817 1971 938 2022 Regis
966 1967 1159 2007 Antiochi
1188 1965 1445 2017 Commageni
1468 1963 1586 2014 legati
1607 1962 1725 2014 primi
1747 1960 1848 1998 mihi

467 2041 713 2082 nuntiarunt,
737 2037 971 2074 Parthorum
994 2046 1151 2084 magnas
1173 2032 1302 2083 copias
1325 2029 1569 2082 Euphratem
1590 2027 1744 2064 tranfire
1765 2040 1849 2063 coe-

467 2105 584 2158 piffe:
618 2116 697 2155 quo
720 2101 859 2139 nuntio
879 2100 1010 2144 allato,
1042 2112 1134 2136 cum
1155 2097 1273 2134 effent
1294 2096 1491 2139 nonnulli,
1524 2094 1592 2146 qui
1613 2094 1647 2130 ei
1668 2093 1748 2144 regi
1770 2092 1848 2128 mi-

470 2183 605 2208 norem
635 2167 753 2205 fidem
782 2164 1000 2204 habendam
1027 2171 1222 2216 putarent,
1253 2161 1366 2199 statui
1395 2159 1679 2212 expectandum
1705 2157 1790 2202 effe,
1823 2157 1849 2193 fi

467 2235 567 2287 quid
588 2233 729 2271 certius
757 2231 971 2269 afferretur.
1018 2230 1069 2266 A.
1093 2228 1132 2266 d.
1158 2240 1245 2264 xnr
1270 2227 1359 2264 Kal.
1391 2225 1556 2263 Octobr.
1585 2237 1678 2261 cum
1699 2222 1849 2260 exerci-

470 2310 558 2338 tum
579 2300 619 2336 in
642 2298 826 2335 Ciliciam
847 2296 1045 2339 ducerem,
1076 2294 1117 2331 in
1139 2292 1283 2330 finibus
1307 2290 1512 2342 Lycaoniae
1532 2299 1570 2327 et
1596 2287 1850 2340 Cappadocia}

472 2364 574 2403 mihi
594 2364 714 2401 literae
736 2361 893 2399 redditae
914 2361 1003 2399 sunt
1024 2373 1044 2397 a
1063 2357 1390 2401 Tarcondimoto,
1420 2357 1490 2408 qui
1521 2354 1760 2392 fideliffimus
1789 2351 1849 2387 so-

470 2431 556 2468 cius
579 2439 682 2467 trans
704 2429 898 2471 Taurum,
929 2424 1257 2475 amiciffimusque
1278 2422 1415 2475 populi
1437 2420 1622 2463 Romani,
1653 2416 1850 2455 existima-

473 2505 560 2542 tur3
585 2495 776 2533 Pacorum
799 2491 959 2537 Orodis,
977 2491 1077 2543 regis
1099 2489 1349 2533 Parthorum,
1368 2487 1512 2529 filium,
1531 2498 1622 2522 cum
1643 2494 1854 2536 pennagno

1374 2552 1408 2589 E
1439 2564 1458 2588 e
1487 2563 1507 2588 c
1537 2562 1559 2588 2
