2351 2997
546 298 638 335 AD
697 295 1164 335 FAMILIARES
1226 296 1357 335 ΜΒ.
1410 298 1526 336 ΧΠΙ.
1655 312 1721 349 37¹

534 532 777 569 CICERO
818 531 1093 568 THERMO
1136 530 1356 568 Pssopn.
1406 532 1441 569 S.
1478 533 1531 569 D.

343 659 455 698 LIII.
482 658 591 730 LU
607 659 640 696 C
656 660 674 696 I
690 660 726 696 O
759 656 972 695 Genucilio
1004 658 1137 695 Curvo
1161 659 1243 709 jam
1270 657 1422 709 pridem
1444 667 1533 695 utor
1554 657 1723 697 familia-

579 724 736 767 riffime‚
767 723 921 774 optimo
952 721 1050 766 viro,
1082 732 1120 760 et
1152 721 1314 760 homine
1345 723 1572 774 gratissimo.
1620 726 1725 762 Eum

339 789 413 826 tibi
433 790 591 842 penitus
612 788 850 826 commendo
871 796 986 839 atque
1009 787 1132 826 trado.
1179 788 1374 833 Primum,
1407 798 1450 826 ut
1471 789 1655 827 omnibus
1684 791 1724 827 in

339 855 453 892 rebus
474 855 509 892 ei
538 862 574 892 te
595 853 838 898 commodes,
870 852 999 905 quoad
1029 853 1123 890 fides
1155 861 1220 890 tua
1250 853 1496 906 dignitasque
1526 856 1721 906 patietur:

338 920 509 972 patietur
528 928 659 957 autem
681 919 722 956 in
743 918 928 956 omnibus
947 937 958 962 ;
992 917 1093 955 nihil
1123 919 1229 956 enim
1250 919 1316 956 abs
1339 928 1376 956 te
1397 933 1587 972 unquam,
1619 922 1725 972 quod

338 986 384 1023 iit
404 985 577 1023 alienum
599 984 693 1029 tuis,
719 994 784 1022 aut
804 985 923 1022 etiam
945 983 1020 1021 suis
1043 984 1234 1029 moribus,
1266 984 1493 1036 postulabit.
1527 986 1726 1038 Praecipue

337 1059 469 1090 autem
491 1051 565 1088 tibi
586 1050 822 1088 commendo
844 1049 1000 1101 negotia
1019 1051 1117 1102 ejus,
1148 1063 1234 1102 quae
1255 1050 1344 1087 sunt
1371 1051 1410 1087 in
1433 1051 1694 1104 Hellesponto
1714 1067 1723 1090 :

338 1117 529 1169 primum,
562 1126 605 1154 ut
625 1117 801 1154 obtineat
821 1116 861 1153 id
877 1115 977 1168 juris
999 1116 1040 1152 in
1061 1117 1178 1168 agris,
1210 1116 1317 1168 quod
1343 1117 1379 1154 ei
1410 1117 1569 1154 Pariana
1589 1119 1725 1156 civitas

337 1182 508 1220 decrevit
528 1190 567 1220 et
588 1182 709 1227 dedit,
741 1191 779 1220 et
797 1181 906 1234 quod
927 1181 1076 1234 semper
1095 1182 1272 1220 obtinuit
1299 1182 1376 1220 fine
1396 1182 1476 1220 ulla
1496 1192 1724 1221 controver-

337 1247 387 1284 ssa
405 1263 413 1285 :
447 1247 600 1292 deinde,
632 1248 658 1285 fi
680 1247 777 1299 quid
807 1246 969 1285 habebit
990 1260 1083 1284 cum
1103 1247 1236 1299 aliquo
1256 1247 1534 1300 Hellespontio
1564 1258 1724 1287 contro-

336 1314 477 1358 verfiae,
511 1322 554 1350 ut
576 1314 615 1349 in
638 1313 747 1350 illam
767 1307 915 1353 διοίκησιν
935 1312 1100 1364 rejicias.
1138 1312 1210 1350 Sed
1232 1326 1309 1351 non
1332 1313 1433 1351 mihi
1454 1314 1600 1359 videor,
1633 1329 1725 1352 cum

336 1378 412 1416 tibi
435 1388 564 1416 totum
585 1377 790 1415 hominem
812 1376 1105 1429 diligentiffime
1126 1379 1453 1424 commendarim,
1486 1380 1652 1432 singulas
1679 1381 1726 1418 ad

337 1453 376 1482 te
405 1445 488 1496 ejus
518 1443 646 1481 causas
676 1443 911 1496 perscribere
941 1442 1094 1481 debere.
1143 1444 1304 1482 Summa
1330 1445 1399 1482 illa
1425 1445 1497 1484 fit:
1529 1446 1726 1498 quidquid

328 1510 472 1554 officii,
514 1510 711 1554 beneficii,
751 1509 927 1554 honoria
968 1509 1010 1547 in
1048 1510 1308 1548 Genucilium
1344 1511 1573 1557 contuleris,
1614 1512 1654 1550 id
1689 1521 1726 1550 te

336 1575 566 1613 existimabo
586 1576 628 1612 in
650 1589 712 1613 me
733 1575 876 1627 ipsum,
908 1583 1024 1626 atque
1044 1575 1084 1612 in
1106 1589 1188 1614 rem
1210 1589 1352 1622 meam,
1384 1577 1605 1616 contulisse.

444 1776 507 1814 M.
541 1777 594 1814 T.
629 1776 871 1813 CicERo
913 1777 1188 1815 THERMO
1229 1777 1450 1817 PRopR.
1495 1779 1532 1816 S.
1566 1779 1619 1816 D.

337 1904 446 1943 LIV.
473 1902 539 1975 C
557 1903 659 1940 UM
690 1904 816 1941 multa
845 1903 944 1942 mihi
974 1914 1082 1956 grata
1112 1906 1215 1950 sunt,
1247 1919 1333 1958 quae
1362 1915 1404 1944 tu
1429 1906 1617 1945 addudtus
1640 1921 1725 1946 mea

572 1969 913 2008 commendatione
947 1969 1088 2016 fecisti,
1130 1981 1214 2009 tum
1251 1972 1292 2008 in
1327 1972 1483 2024 primis,
1515 1973 1622 2024 quod
1658 1974 1721 2011 M.

336 2035 583 2078 Marcilium,
615 2034 732 2071 amici
766 2043 881 2085 atque
916 2035 1139 2088 interpretis
1172 2037 1250 2073 mei
1285 2036 1430 2082 filium,
1462 2038 1725 2076 liberaliffime

335 2100 554 2138 tractavisti.
602 2100 723 2136 Venit
744 2101 851 2137 enim
872 2101 1122 2146 Laodiceam,
1154 2111 1192 2140 et
1214 2102 1289 2139 tibi
1309 2103 1411 2155 apud
1432 2118 1510 2149 me,
1544 2103 1725 2157 mihique

333 2174 493 2218 propter
514 2174 565 2209 te,
597 2165 737 2216 gratias
759 2165 948 2203 maximas
970 2167 1065 2218 egit.
1100 2169 1245 2219 Qare,
1269 2169 1375 2219 quod
1396 2169 1594 2221 reliquum
1612 2170 1681 2214 est,
1704 2184 1726 2208 a

335 2241 372 2268 te
392 2241 499 2283 peto,
531 2230 687 2283 quando
708 2231 810 2283 apud
831 2241 959 2283 gratos
980 2231 1162 2271 homines
1185 2233 1422 2272 beneficium
1443 2236 1572 2287 ponis,
1605 2245 1649 2274 ut
1678 2250 1724 2274 eo

334 2296 522 2334 libentius
544 2295 606 2333 his
627 2297 869 2341 commodes,
891 2311 1128 2351 operamque
1149 2298 1230 2344 des,
1247 2299 1375 2351 quoad
1396 2299 1490 2339 fides
1513 2310 1577 2339 tua
1597 2302 1721 2353 patie-

334 2372 411 2407 tur,
444 2371 488 2400 ut
510 2362 638 2400 socrus
659 2361 912 2401 adolescentis
935 2377 996 2401 rea
1017 2378 1064 2402 ne
1084 2364 1165 2403 fiat.
1203 2366 1291 2418 Ego
1312 2379 1404 2404 cum
1426 2376 1536 2405 antea
1557 2367 1720 2404 studiose

333 2427 659 2465 commendabam
682 2428 928 2474 Marcilium,
962 2439 1048 2467 tum
1077 2431 1207 2468 multo
1237 2444 1342 2469 nunc
1364 2431 1581 2476 studiofius,
1614 2432 1718 2483 quod

334 2494 375 2529 in
398 2493 514 2544 longa
533 2492 788 2545 apparitione,
820 2493 1052 2545 fingularem
1082 2504 1120 2532 et
1149 2509 1270 2547 prope
1300 2496 1572 2533 incredibilem
1602 2496 1718 2546 patris

332 2558 510 2596 Mart-ilii
532 2558 665 2603 fidem,
698 2558 985 2605 abstinentiam,
1019 2560 1339 2612 modestiamque,
1372 2562 1553 2612 cognovi.
1589 2560 1696 2598 Vale.

1232 2627 1268 2663 A
1297 2639 1318 2663 a
1346 2639 1366 2663 a
1396 2639 1417 2665 2
