2351 2997
544 241 621 281 334
882 219 1571 263 EPISTOLARUM

540 326 641 365 mihi
664 324 1038 376 commendatusque
1057 322 1123 360 est.
1158 323 1194 359 Is
1215 321 1337 373 igitur
1355 321 1483 364 Patro,
1501 332 1591 357 cum
1610 317 1654 355 ad
1669 331 1733 355 >me
1750 318 1918 355 Romam

541 393 670 430 literas
692 391 860 434 mififfet,
880 391 937 426 uti
956 398 997 425 te
1018 388 1088 425 fibi
1110 388 1316 438 placarem,
1335 395 1596 436 peteremque,
1616 393 1659 421 ut
1681 383 1807 421 nescio
1823 384 1919 435 quid.

540 457 641 495 illud
669 457 833 508 Epicuri
857 453 1135 506 parietinarum
1157 451 1226 487 fibi
1247 450 1475 487 concederes
1494 469 1504 494 ς,
1537 449 1637 486 nihil
1664 449 1794 500 scripsi
1815 448 1861 485 ad
1882 458 1919 485 te

540 523 591 560 ob
612 535 696 559 eam
717 534 813 563 rem,
832 518 939 570 quod
958 516 1224 554 aedificationis
1248 524 1321 552 tuae
1337 514 1544 552 consilium
1562 527 1645 551 mea
1665 513 1918 551 commenda-

540 587 647 625 tione
668 585 850 623 nolebam
871 581 1067 634 impediri.
1101 581 1226 625 Idem,
1245 589 1288 617 ut
1309 580 1396 617 veni
1413 578 1602 623 Athenas,
1622 593 1728 623 cum,
1752 579 1854 616 idem
1876 587 1920 616 ut

539 651 585 690 ad
607 660 644 689 te
665 650 886 693 scriberem,
919 646 1106 699 rogaffet;
1139 645 1190 683 ob
1211 659 1295 682 eam
1315 644 1467 682 causam
1488 644 1725 696 impetravit,
1757 643 1862 695 quod
1883 652 1920 681 te

537 715 714 768 abjeciffe
730 714 840 752 illam
856 711 1153 751 aedificationem
1169 710 1365 748 constabat
1385 710 1487 747 inter
1502 723 1637 747 omnes
1654 709 1798 746 amicos
1815 717 1917 746 tuos„

540 781 661 833 Qod
682 781 707 817 fi
728 780 782 817 ita
801 779 867 823 est,
899 787 937 816 et
957 778 983 815 s1
998 778 1081 829 jam
1101 776 1214 828 plane
1237 785 1301 813 tua
1322 774 1423 812 nihil
1445 775 1614 819 interest,
1637 775 1770 818 velim,
1798 774 1823 812 fi
1845 787 1920 825 qua

539 844 822 884 offenfiuncula
842 842 941 880 fadta
960 842 1013 880 est
1033 842 1155 879 animi
1183 841 1241 877 tui
1268 840 1509 891 perversitate
1538 840 1774 891 aliquorum,
1809 840 1919 890 (novi

540 911 647 948 enim
663 918 820 961 gentem
838 907 966 957 illam)
986 907 1050 944 des
1073 914 1109 943 te
1126 905 1171 943 ad
1193 905 1408 949 lenitatem,
1427 905 1486 941 vel
1508 913 1665 957 propter
1682 914 1790 942 tuam
1809 904 1918 941 sum-

541 990 646 1013 mam
668 974 968 1017 humanitatem,
1000 972 1060 1010 vel
1081 972 1199 1008 etiam
1220 969 1379 1008 honoris
1401 970 1479 1007 mei
1499 970 1621 1007 causa.
1659 969 1857 1021 Equidem
1876 970 1919 1013 fi,

541 1041 637 1093 quid
659 1040 737 1092 ipse
758 1038 934 1083 sentiam,
966 1037 1131 1089 quaeris:
1165 1050 1251 1079 nec,
1283 1049 1353 1072 cur
1382 1035 1448 1072 ille
1474 1044 1673 1086 tantopere
1694 1034 1918 1077 contendat,

540 1106 672 1149 video;
697 1118 781 1148 nec,
800 1118 869 1141 cur
889 1113 933 1140 tu
954 1115 1167 1154 repugnes:
1193 1101 1261 1138 nifi
1280 1110 1407 1137 tamen
1430 1101 1557 1137 multo
1579 1100 1709 1137 minus
1732 1100 1805 1137 tibi
1822 1112 1918 1136 con—

539 1171 624 1209 cedi
646 1170 783 1222 potest,
807 1182 925 1220 quam
946 1168 1021 1211 illi,
1044 1167 1214 1204 laborare
1236 1167 1312 1204 line
1333 1166 1455 1203 causa.
1485 1166 1721 1216 Qanquam
1744 1164 1919 1202 Patronis

537 1246 578 1274 et
598 1236 814 1274 orationem
835 1243 873 1272 et
893 1233 1045 1271 causam
1067 1232 1141 1270 tibi
1161 1232 1362 1284 cognitam
1378 1231 1449 1269 effe
1465 1240 1571 1268 certo
1588 1230 1688 1268 scio:
1712 1229 1918 1274 honorem,

539 1301 731 1344 officium,
773 1299 1093 1337 testamentorum
1122 1297 1203 1348 jus,
1244 1296 1409 1349 Epicuri
1443 1296 1726 1340 auctoritatem,
1766 1294 1921 1332 Phaedri

538 1366 851 1409 obtestationem,
882 1364 1025 1408 sedem,
1057 1362 1323 1406 domicilium,
1345 1361 1503 1413 vestigia
1522 1359 1920 1398 summorumhomi-

539 1445 651 1476 num,
684 1430 754 1468 fibi
776 1429 919 1468 tuenda
937 1428 1010 1466 ess‘e
1031 1428 1142 1466 dicit.
1175 1429 1322 1465 Totam
1342 1426 1516 1464 hominis
1538 1427 1673 1470 vitam,
1705 1425 1918 1463 rationem-

538 1511 630 1549 que,
663 1509 781 1548 quam
802 1496 976 1546 sequitur
995 1494 1036 1531 in
1059 1492 1321 1545 philosophia,
1353 1492 1595 1531 derideamus
1625 1491 1732 1536 licet,
1763 1491 1789 1528 s1
1818 1490 1918 1528 hanc

535 1564 620 1614 ejus
653 1561 948 1599 contentionem
978 1559 1161 1597 volumus
1197 1557 1489 1610 reprehendere.
1536 1557 1623 1601 Sed,
1659 1555 1919 1600 mehercules,

537 1627 695 1679 quando
715 1626 776 1664 illi
796 1625 1033 1677 caeterisque,
1065 1637 1162 1676 quos
1193 1623 1261 1661 illa
1289 1623 1495 1667 delecfmnt,
1527 1635 1606 1659 non
1627 1621 1737 1659 valde
1765 1621 1921 1658 inimici

537 1694 685 1737 sumus,
706 1692 832 1730 nescio
852 1705 899 1728 an
919 1690 1202 1742 ignoscendum
1223 1690 1268 1727 fit
1287 1688 1398 1733 huic,
1420 1688 1446 1726 fi
1468 1696 1668 1739 tantopere
1687 1686 1856 1731 laborat3
1879 1686 1921 1723 in

536 1773 617 1811 quo
638 1759 756 1796 etiam
777 1757 801 1795 fi
822 1765 971 1809 peccat,
998 1755 1122 1807 magis
1144 1755 1319 1806 ineptiis,
1341 1767 1461 1806 quam
1481 1752 1747 1806 improbitate,
1769 1761 1918 1804 peccat.

539 1825 611 1862 Sed
633 1838 679 1862 ne
700 1824 824 1876 plura,
850 1821 1081 1874 (dicendum
1101 1822 1209 1859 enim
1229 1819 1439 1872 aliquando
1459 1818 1529 1868 est)
1554 1817 1821 1870 Pomponium
1842 1818 1921 1855 At-

538 1891 664 1928 ticum
685 1890 735 1927 fic
755 1902 857 1932 amo,
884 1897 928 1926 ut
948 1887 1114 1925 alterum
1134 1886 1294 1923 fratrem
1312 1900 1321 1923 ε
1355 1884 1456 1922 nihil
1477 1883 1530 1921 est
1550 1883 1620 1920 illo
1641 1882 1742 1920 mihi
1763 1895 1835 1919 nec
1856 1895 1921 1919 ca-

539 1954 634 1998 rius,
657 1967 728 1991 nec
744 1952 975 2004 jucundius.
1010 1952 1046 1988 Is
1067 1953 1162 2002 (non
1185 1963 1264 2002 quo
1284 1949 1329 1986 fit
1350 1962 1397 1986 ex
1418 1948 1517 1992 istis;
1541 1947 1594 1985 est
1614 1947 1720 1985 enim
1736 1947 1847 1984 omni
1867 1946 1920 1983 li-

539 2018 661 2056 berali
683 2017 857 2054 doctrina
876 2015 1126 2068 politiffimus
1146 2030 1154 2052 :
1188 2014 1250 2052 sed
1274 2013 1383 2052 valde
1403 2013 1535 2064 diligit
1557 2013 1780 2055 Patronem,
1811 2010 1922 2048 valde

539 2083 750 2122 Phaedrum
770 2082 930 2130 amavit)
955 2082 1004 2119 fic
1025 2095 1046 2118 a
1065 2095 1127 2118 me
1147 2080 1223 2118 hoc
1245 2079 1449 2117 contendit
1469 2078 1590 2116 homo
1610 2078 1776 2115 minime
1791 2076 1920 2113 ambi-

534 2150 674 2194 tiosus,
707 2148 871 2186 minime
892 2148 932 2185 in
954 2147 1125 2198 rogando
1146 2145 1344 2189 molestus,
1378 2153 1421 2182 ut
1442 2143 1544 2181 nihil
1566 2156 1740 2195 unquam
1765 2142 1916 2192 magis,-

539 2229 611 2253 nec
633 2214 800 2258 dubitat,
831 2213 928 2264 quin
949 2227 1021 2264 ego
1042 2226 1061 2249 a
1082 2222 1119 2249 te
1141 2221 1239 2249 nutu
1261 2211 1336 2248 hoc
1359 2210 1543 2262 consequi
1564 2209 1724 2262 poffem,
1755 2208 1872 2244 etiam
1895 2207 1920 2243 fi

540 2280 798 2320 aedificaturus
819 2278 923 2316 effes.
961 2279 1083 2316 Nunc
1104 2290 1207 2321 vero,
1241 2277 1266 2314 si
1287 2275 1451 2313 audierit
1474 2285 1510 2312 te
1531 2274 1828 2312 aedificationem
1851 2271 1919 2308 de-

539 2345 716 2399 posuiffe,
748 2357 873 2396 neque
895 2354 1024 2381 tamen
1045 2357 1108 2380 me
1129 2356 1149 2380 a
1170 2352 1206 2380 te
1227 2341 1458 2394 impetrasse,
1482 2354 1560 2378 non
1583 2349 1619 2377 te
1640 2340 1680 2376 in
1702 2352 1764 2376 me
1784 2338 1917 2374 illibe-

538 2412 674 2456 ralem,
711 2409 774 2447 sed
804 2423 866 2446 me
891 2409 931 2446 in
952 2409 988 2446 se
1010 2408 1290 2460 negligentem,
1321 2406 1491 2459 putabit.
1539 2405 1808 2456 Qamobrem
1830 2411 1919 2455 peto

536 2491 561 2515 a
587 2486 638 2522 te,
670 2484 714 2513 ut
741 2474 882 2513 scribas
914 2473 960 2512 ad
993 2483 1095 2518 tuos,
1127 2472 1229 2525 poffe
1262 2481 1328 2510 tua
1358 2472 1558 2511 voluntate
1589 2470 1790 2508 decretum
1820 2465 1920 2505 illud
