2351 2997
965 251 1165 305 [49]

611 508 1517 556 EPISTOLARUM

435 732 605 787 AD
736 725 1695 784 FAMILIARES.

842 948 1118 986 LIBER
1206 947 1292 984 III.

517 1147 580 1186 M.
614 1149 665 1184 T.
701 1147 748 1182 C.
788 1145 973 1182 APPIO
1008 1145 1294 1182 PurcnRo
1329 1144 1451 1180 Imp.
1497 1143 1534 1180 S.
1569 1143 1622 1180 D.

379 1276 413 1314 Ι..
517 1276 534 1312 Ι
561 1274 642 1327 ipsa
663 1273 879 1325 respublica
901 1272 974 1309 tibi
996 1285 1144 1309 narrare
1166 1271 1286 1324 poffet
1307 1285 1385 1323 quo
1407 1269 1526 1308 modo
1547 1269 1621 1308 sese
1641 1268 1761 1307 habe*

533 1350 604 1385 ret,
638 1354 715 1377 non
746 1339 901 1376 facilius
923 1352 970 1376 ex
991 1352 1033 1375 ea
1053 1337 1285 1389 cognoscere
1316 1337 1452 1389 poffes,
1484 1350 1601 1388 quam
1635 1350 1681 1374 ex
1712 1335 1762 1372 li-

380 1406 490 1444 berto
518 1415 587 1443 tuo
620 1404 795 1448 Phania;
828 1404 881 1441 ita
913 1404 965 1440 est
996 1402 1118 1440 homo
1150 1416 1230 1440 non
1263 1402 1381 1440 modo
1412 1402 1597 1454 prudens,
1628 1414 1765 1439 verum

376 1473 496 1510 etiam
520 1471 644 1524 (quod
660 1469 998 1523 juvet),curiosus.
1022 1470 1272 1522 Qapropter
1292 1467 1359 1505 ille
1380 1467 1455 1505 tibi
1476 1469 1610 1505 omnia
1629 1467 1765 1519 expla-

379 1539 511 1584 nabit;
544 1537 584 1575 id
605 1538 711 1575 enim
733 1536 834 1574 mihi
855 1545 892 1574 et
912 1536 959 1574 ad
981 1536 1213 1573 brevitatem
1233 1535 1285 1572 est
1306 1535 1448 1587 aptius,
1472 1543 1510 1571 et
1530 1533 1577 1571 ad
1598 1533 1763 1585 reliquas

381 1619 437 1643 res
460 1604 744 1658 providentius.
779 1604 840 1641 De
862 1617 947 1640 mea
967 1611 1099 1640 autem
1121 1601 1393 1639 benevolentia
1412 1613 1501 1653 erga
1522 1610 1573 1645 te,
1605 1601 1670 1638 etfi
1692 1614 1765 1653 po-

382 1680 438 1709 tes
459 1685 506 1709 ex
527 1669 664 1707 eodem
687 1669 834 1706 Phania
854 1668 1100 1720 cognoscere,
1133 1676 1263 1705 tamen
1288 1667 1471 1704 videntur
1491 1667 1609 1704 etiam
1629 1660 1773 1718 aliquae„

381 1751 477 1775 meae
497 1745 638 1788 partes„
686 1735 747 1772 Sic
769 1734 835 1778 est,
868 1734 943 1772 tibi
976 1732 1173 1786 persuade,
1198 1732 1444 1779 cariffimum
1476 1741 1513 1770 te
1545 1731 1646 1770 mihi
1678 1731 1765 1776 effe,

382 1816 474 1841 cum
494 1810 653 1854 propter
673 1801 816 1838 multas
834 1800 1036 1837 suavitates
1059 1798 1223 1850 ingenii,
1241 1798 1379 1842 officii,
1396 1797 1653 1835 humanitatis
1676 1806 1766 1842 tuae,

383 1878 470 1907 tum
491 1866 598 1920 quod
619 1880 666 1905 ex
688 1866 764 1904 tuis
786 1866 908 1904 literis
930 1875 968 1903 et
995 1879 1042 1903 ex
1063 1865 1283 1903 multorum
1304 1864 1548 1902 sermonibus
1569 1863 1767 1915 intelligo,

382 1935 528 1979 omnia,
561 1947 646 1985 quae
667 1946 687 1970 a
706 1946 769 1970 me
790 1931 964 1985 profecta
984 1931 1073 1969 sunt
1102 1931 1142 1968 in
1165 1940 1217 1976 te,
1250 1930 1324 1968 tibi
1345 1930 1522 1968 accidiffe
1542 1930 1767 1983 gratiflima.

385 1999 505 2051 Qod
525 2012 618 2037 cum
638 1998 693 2036 ita
712 1998 773 2043 fit,
804 1997 1005 2050 perficiam
1026 1995 1216 2049 profectQ
1248 2006 1292 2034 ut
1321 1995 1432 2048 longi
1463 1996 1650 2048 temporis
1676 1995 1768 2033 usu-

384 2079 481 2110 ram,
513 2079 590 2117 qua
618 2064 831 2109 caruimus,
863 2062 1075 2101 intermissa
1101 2061 1228 2100 nostra
1254 2061 1536 2100 consuetudine
1563 2071 1601 2099 et
1631 2062 1769 2113 gratia,

383 2141 423 2170 et
444 2131 670 2169 celebritate
690 2139 728 2167 et
749 2129 1022 2181 magnitudine
1043 2128 1265 2166 officiorum
1287 2141 1466 2166 meorum
1488 2128 1647 2165 sarciam
1666 2143 1674 2166 :
1708 2127 1770 2164 id-

385 2211 462 2250 que
492 2210 555 2234 me
584 2196 791 2249 (quoniam
823 2205 865 2233 tu
898 2196 952 2233 ita
982 2194 1057 2244 vis)
1093 2204 1190 2246 puto
1223 2208 1301 2232 non
1336 2195 1458 2231 invita
1490 2194 1673 2231 Minerva
1700 2191 1772 2231 esse

386 2263 608 2301 facturum:
641 2275 759 2314 quam
779 2261 940 2314 quidem
969 2274 1057 2313 ego,
1089 2261 1115 2297 fi
1146 2259 1247 2298 forte
1275 2260 1321 2297 de
1351 2260 1426 2297 tuis
1450 2259 1660 2312 sumpsero,
1693 2273 1770 2297 non

385 2329 513 2367 solum
534 2328 702 2373 Pallada,
735 2328 797 2366 sed
818 2328 936 2365 etiam
957 2327 1151 2380 Appiada,
1183 2327 1412 2364 nominabo.
1452 2326 1576 2371 Cilix,
1608 2325 1771 2363 libertus

387 2405 493 2439 tuus,
525 2402 635 2431 antea
654 2392 755 2431 mihi
775 2394 907 2432 minus
928 2392 1007 2431 fuit
1027 2402 1143 2430 notus
1164 2407 1171 2430 :
1206 2392 1282 2437 sed,
1315 2402 1359 2430 ut
1380 2391 1482 2429 mihi
1505 2391 1673 2429 reddidit
1695 2405 1715 2428 a
1736 2400 1773 2428 te

387 2461 516 2498 literas
549 2459 681 2511 plenas
714 2468 752 2497 et
783 2460 925 2498 amoris
958 2468 997 2496 et
1028 2458 1165 2503 officii,
1197 2457 1365 2496 mirifice
1392 2457 1471 2510 ipse
1501 2457 1567 2494 suo
1601 2457 1774 2493 sermone

390 2525 616 2565 ,subsecutus
638 2524 691 2562 est
714 2524 1002 2565 humanitatem
1028 2526 1230 2564 literarum
1260 2534 1428 2563 tuarum.
1473 2523 1654 2574 Jucunda
1676 2521 1775 2560 inihi

470 2593 508 2630 T
523 2604 545 2629 o
561 2604 612 2629 M.
645 2591 740 2630 VII.
1439 2589 1474 2625 G
