2351 2997
620 472 1536 521 EPISTOLARUM

455 698 627 755 AD
758 693 1713 750 FAMILIARES

863 914 1143 953 LIBER
1230 913 1303 950 VI.

609 1113 674 1153 M.
707 1113 940 1151 CICERO
981 1113 1033 1150 A.
1067 1112 1402 1158 TORQUATo
1445 1111 1482 1149 S.
1516 1111 1570 1148 D.

393 1244 427 1282 L
564 1244 603 1282 T
619 1243 642 1280 S
660 1243 677 1281 1
708 1255 751 1280 ea
771 1240 1015 1294 perturbatio
1035 1239 1088 1278 est
1108 1240 1292 1278 omniurn
1312 1252 1457 1284 rerum,
1485 1248 1528 1278 ut
1550 1239 1623 1277 suae
1643 1252 1786 1291 quem-

580 1322 658 1361 que
695 1306 863 1346 fortunae
902 1306 1074 1344 maxime
1109 1306 1313 1359 poeniteat‚
1355 1319 1551 1358 nemoque
1586 1305 1646 1350 fit,
1687 1306 1785 1358 quin

392 1374 538 1420 ubivis,
569 1387 689 1426 quarn
710 1373 768 1412 ibi
789 1372 859 1411 ubi
879 1371 946 1417 est,
978 1372 1050 1410 effe
1071 1372 1209 1416 malit3
1243 1380 1373 1413 tamen
1394 1371 1496 1410 mihi
1517 1371 1686 1409 dubium
1707 1385 1787 1409 non

391 1439 460 1485 est,
492 1440 590 1492 quin
612 1439 688 1478 hoc
711 1447 903 1491 tempore,
935 1437 1041 1475 bono
1061 1437 1145 1475 viro
1166 1428 1305 1475 Romssae
1330 1436 1401 1474 effe
1429 1436 1695 1474 miserrimum
1726 1436 1785 1475 fit.

392 1506 504 1551 Nam
529 1506 613 1552 ets1,
645 1518 889 1559 quocunque
913 1504 955 1542 in
976 1504 1065 1542 loco
1087 1503 1265 1557 quisquis
1286 1502 1354 1548 est,
1386 1502 1492 1540 idem
1513 1502 1566 1540 est
1586 1504 1621 1540 ei
1643 1502 1786 1548 sensus,

393 1581 431 1609 et
452 1572 586 1610 eadem
607 1571 795 1609 acerbitas
817 1584 864 1608 ex
886 1570 1049 1607 interitu
1071 1583 1201 1607 rerum
1218 1578 1257 1607 et
1278 1569 1530 1621 publicarum
1547 1577 1585 1606 et
1607 1568 1785 1613 suarum,

395 1646 527 1675 tamen
547 1637 654 1675 oculi
674 1645 819 1688 augent
840 1635 1032 1680 dolorem,
1063 1636 1133 1687 qui
1162 1649 1218 1680 ea,
1251 1649 1336 1687 quae
1358 1634 1487 1673 caeteri
1512 1634 1691 1679 audiunt,
1722 1635 1787 1672 in-

395 1703 496 1741 tueri
526 1711 738 1755 coguntur,
772 1715 842 1739 nec
875 1710 1043 1739 avertere
1075 1714 1096 1738 a
1127 1700 1291 1738 miseriis
1324 1700 1609 1751 cogitationem
1641 1699 1786 1738 finunt.

396 1770 527 1820 Qare
549 1769 615 1806 etsi
637 1768 853 1806 multarum
876 1781 1005 1805 rerum
1028 1766 1214 1804 defiderio
1236 1776 1273 1804 te
1293 1767 1384 1818 angi
1407 1765 1551 1803 neceffe
1572 1765 1638 1810 est,
1658 1775 1789 1803 tamen

395 1835 467 1872 illo
487 1834 636 1879 dolore,
663 1847 743 1886 quo
765 1834 936 1871 maxime
959 1842 995 1870 te
1016 1832 1161 1870 confici
1181 1832 1312 1877 audio,
1336 1832 1443 1884 quod
1466 1832 1603 1870 Romae
1624 1845 1703 1869 non
1725 1831 1786 1876 fis,

396 1901 575 1940 animum
597 1909 712 1938 tuum
733 1900 869 1937 libera.
904 1899 985 1937 Etfi
1003 1900 1110 1936 enim
1131 1912 1223 1936 cum
1242 1911 1382 1950 magna
1397 1897 1573 1936 molestia
1594 1907 1682 1935 tuos
1701 1906 1789 1935 tua-

396 1981 473 2019 que
494 1965 695 2011 defideras,
728 1975 857 2003 tamen
880 1965 948 2002 illa
968 1964 1145 2017 quidem,
1178 1978 1265 2016 quae
1290 1964 1473 2016 requiriS‚
1505 1963 1618 2000 suum
1647 1963 1789 2000 statum

397 2041 547 2076 tenent,
579 2045 650 2069 nec
681 2031 839 2076 melius,
871 2031 897 2068 fi
928 2040 971 2068 tu
1002 2030 1158 2076 adeffes,
1191 2039 1383 2074 tenerent,
1415 2042 1486 2068 nec
1517 2028 1606 2067 sunt
1636 2029 1720 2066 ullo
1748 2029 1790 2065 in

396 2099 556 2150 proprio
577 2097 768 2149 periculo.
802 2098 890 2136 Nec
912 2096 1027 2134 debes
1050 2106 1107 2141 tu,
1131 2109 1224 2134 cum
1245 2095 1292 2135 de
1314 2096 1391 2134 tuis
1413 2095 1577 2147 cogitas,
1604 2104 1669 2132 aut
1690 2107 1790 2146 prae-

397 2164 555 2216 cipuam
576 2163 748 2215 aliquam
769 2162 970 2201 fortunam
991 2161 1199 2214 postulare,
1231 2170 1296 2200 aut
1323 2174 1582 2200 communem
1602 2160 1788 2199 recusare.

399 2230 462 2267 De
490 2238 528 2267 te
555 2238 685 2267 autem
712 2228 810 2282 ipso,
842 2230 1061 2280 Torquate,
1093 2228 1147 2266 est
1174 2237 1290 2266 tuum
1318 2227 1369 2265 fic
1396 2228 1540 2279 agitare
1567 2227 1714 2272 animo,
1747 2235 1791 2263 ut

399 2309 477 2333 non
510 2294 692 2332 adhibeas
725 2295 767 2332 in
800 2295 1009 2333 confilium
1042 2295 1332 2347 cogitationum
1364 2303 1521 2332 tuarum
1554 2292 1790 2345 desperatio-

400 2375 506 2406 nem,
538 2370 604 2398 aut
626 2361 824 2400 timorem.
872 2361 960 2399 Nec
988 2361 1096 2399 enim
1123 2362 1170 2406 is,
1202 2360 1273 2414 qui
1304 2360 1345 2397 in
1375 2369 1412 2398 te
1439 2358 1567 2398 adhuc
1595 2358 1789 2411 injustior,

400 2441 520 2479 quam
555 2435 622 2464 tua
655 2426 824 2479 dignitas
859 2426 1094 2480 postulabat,
1125 2425 1218 2473 fuit,
1255 2439 1335 2464 non
1369 2439 1511 2479 magna
1545 2425 1650 2476 figna
1683 2423 1790 2461 dedit

400 2494 523 2533 animi
543 2506 632 2546 erga
654 2502 691 2532 te
712 2493 899 2547 mitigati.
933 2494 1021 2532 Nec
1042 2503 1174 2532 tamen
1195 2494 1227 2533 is
1249 2493 1343 2547 ipse,
1365 2507 1386 2531 a
1407 2506 1487 2546 quo
1507 2491 1604 2530 salus
1625 2490 1789 2543 petitur,
