2351 2997
613 291 705 327 AD
764 289 1228 330 FAMILIARES
1288 294 1419 333 LIB.
1471 297 1522 335 V.
1696 315 1768 353 119

392 386 642 438 summusque
662 388 703 424 in
722 396 761 425 te
782 400 904 432 amor,
926 401 1075 440 magnae
1097 389 1171 427 tibi
1192 391 1449 431 consolationi
1470 394 1584 434 debet
1605 396 1699 443 effe,-
1732 411 1770 437 et

391 465 460 489 nos
482 452 703 503 caeterique,
731 453 800 504 qui
823 462 858 490 te
880 467 958 490 non
980 467 1027 491 ex
1047 453 1219 500 fortuna,
1251 456 1313 494 sed
1334 471 1381 495 ex
1402 460 1560 505 virtute,
1585 471 1649 499 tua
1669 478 1767 515 pen-

389 516 535 561 dimus,
559 517 784 570 semperque
804 519 1044 570 pendemus;
1076 530 1115 558 et
1136 523 1321 568 maxime,
1343 525 1464 562 animi
1485 528 1543 563 tui
1565 529 1767 567 conscien-

388 582 456 626 tia,
480 596 572 619 cum
594 584 667 620 tibi
689 583 789 621 nihil
812 585 952 622 merito
973 586 1149 624 accidisse
1165 589 1381 639 reputabis:
1406 591 1431 628 s1
1448 601 1485 628 et
1507 593 1606 630 illud
1627 595 1766 646 adjun-

386 660 469 697 ges,
502 648 697 686 Homines
719 649 906 700 sapientes
929 650 1188 701 turpitudine,
1217 666 1296 690 non
1317 654 1432 699 casu3
1465 666 1502 694 et
1522 657 1664 696 delicto
1684 660 1766 705 suo.

387 725 467 749 non
489 713 654 750 aliorum
675 714 831 765 injuria,
862 716 1116 754 commoveri.
1163 718 1250 769 Ego
1270 728 1308 756 et
1328 722 1517 758 memoria
1537 723 1670 762 nostra:
1701 740 1767 762 ve-

387 777 478 814 teris
499 777 695 822 amicitiae,
726 787 765 816 et
792 779 935 817 virtute
962 789 1078 831 atque
1105 781 1344 820 observantia
1372 784 1445 821 filii
1471 787 1543 830 tui,
1575 790 1765 835 monitus,

386 842 499 880 nullo
520 842 608 880 loco
629 843 757 888 deero,
789 858 915 896 neque
935 845 980 882 ad
1002 846 1298 893 consolandum,
1330 863 1455 902 neque
1476 851 1521 888 ad
1542 853 1765 899 levandum,

386 906 584 944 fortunam
617 918 738 947 tuam.
783 911 848 947 Tu
875 910 899 947 s]
922 910 1017 962 quid
1039 911 1083 949 ad
1105 926 1168 949 me
1188 912 1289 952 forte
1309 915 1518 967 scripseris,
1550 919 1764 970 perficiam,

386 986 434 1010 ne
457 981 492 1010 te
512 972 651 1012 frustra
671 974 853 1027 scripsisse
873 975 1069 1015 arbitrere.
1104 978 1217 1016 Vale.

667 1173 731 1212 M.
764 1175 993 1214 CICERO
1035 1178 1088 1215 T.
1122 1178 1312 1217 FAD10
1354 1181 1391 1218 S.
1425 1182 1479 1220 D.

384 1299 542 1338 XVIII.
562 1299 626 1371 E
642 1301 680 1339 T
695 1302 717 1339 S
732 1303 751 1340 I
780 1312 953 1354 egomet,
982 1304 1052 1355 qui
1073 1313 1110 1343 te
1130 1306 1321 1346 consolari
1340 1311 1473 1362 cupio,
1506 1312 1762 1352 consolandus

646 1367 726 1418 ipse
747 1366 853 1412 sum;
875 1377 1079 1420 propterea
1098 1371 1205 1421 quod
1225 1373 1376 1412 nullam
1393 1389 1474 1413 rem
1490 1378 1643 1427 gravius
1656 1381 1761 1430 jam-

383 1429 450 1469 diu
473 1431 561 1475 tuli,
584 1445 702 1483 quam
723 1432 1024 1473 incommodum
1046 1444 1188 1480 tuum,
1223 1446 1349 1476 tamen
1372 1448 1409 1477 te
1430 1454 1662 1493 magnopere
1684 1458 1763 1482 non

383 1493 519 1535 hortor
540 1497 680 1541 solum,
712 1497 774 1535 sed
794 1499 928 1543 etiam,
954 1513 1026 1551 pro
1045 1513 1175 1539 amore
1195 1502 1340 1548 nostro,
1370 1518 1465 1556 rogo
1485 1515 1600 1559 atque
1621 1521 1703 1553 oro,
1728 1521 1764 1548 te

381 1560 560 1613 colligaS‚
592 1563 798 1614 virumque
830 1564 1013 1616 praebeas,
1043 1574 1082 1603 et
1112 1580 1190 1618 qua
1217 1569 1445 1608 conditione
1471 1585 1607 1610 omnes
1627 1572 1762 1612 homi-

382 1639 465 1671 nes,
487 1636 526 1665 et
546 1628 690 1679 quibus
713 1630 955 1680 temporibus
976 1632 1057 1668 nati
1078 1632 1210 1678 fimus,
1233 1635 1396 1685 cogites.
1430 1637 1523 1676 Plus
1546 1639 1619 1676 tibi
1641 1641 1765 1678 virtus

380 1698 447 1727 tua
466 1691 587 1737 dedit,
619 1706 736 1745 quam
757 1692 915 1732 fortuna
933 1694 1120 1734 abstulit:
1151 1708 1354 1750 propterea
1387 1702 1493 1753 quod
1522 1703 1682 1758 adeptus
1708 1719 1763 1750 es,

381 1756 488 1806 quod
509 1771 588 1795 non
610 1758 728 1796 multi
749 1758 930 1797 homines
951 1762 1068 1807 novi,
1100 1764 1271 1810 amifisti,
1294 1779 1380 1817 quae
1401 1767 1564 1818 plurimi
1581 1768 1762 1809 homines

380 1821 623 1863 nobiliffimi.
655 1823 714 1860 Ea
733 1823 901 1876 denique
918 1825 1071 1864 videtur
1087 1828 1264 1867 conditio
1285 1830 1510 1882 impendere
1531 1833 1763 1886 legum,ju-

375 1884 591 1931 diciorum,
624 1896 863 1939 temporum,
896 1898 939 1926 ut
966 1891 1116 1942 optime
1143 1893 1272 1932 aetum
1300 1908 1394 1932 cum
1413 1909 1459 1933 eo
1480 1897 1654 1935 videatur
1674 1899 1764 1945 effe,

379 1950 449 2001 qui
470 1964 588 2001 quam
609 1951 796 1990 leviffima
814 1966 930 2004 poena
945 1954 992 1991 ab
1012 1954 1085 1994 hac
1107 1957 1307 2009 republica
1328 1958 1548 2000 discefferit.
1574 1964 1640 2000 Tu
1656 1977 1760 2010 vero,

378 2015 449 2067 qui
468 2025 507 2054 et
527 2015 702 2056 fortunas
724 2026 762 2055 et
784 2018 926 2058 liberos
948 2019 1103 2067 habeas,
1134 2032 1173 2060 et
1193 2037 1263 2067 nos
1294 2026 1527 2079 caeterosque
1555 2030 1760 2069 neceffitu-

376 2080 469 2117 dine
489 2089 527 2119 et
549 2082 819 2121 benevolentia
846 2093 978 2123 tecum
1005 2088 1338 2139 conjune'tiffimos
1354 2110 1367 2136 5
1400 2093 1548 2144 quique
1578 2108 1761 2146 magnam

377 2144 606 2186 facultatem
637 2148 683 2185 fis
715 2148 921 2188 habiturus
949 2152 1156 2191 nobiscum
1183 2163 1222 2192 et
1251 2169 1343 2194 cum
1373 2158 1559 2197 omnibus
1590 2161 1667 2199 tuis
1700 2162 1760 2200 vi-

378 2210 522 2257 vendi,
555 2221 592 2250 et
619 2226 712 2250 curn
741 2227 865 2252 unum
893 2215 938 2253 fit
959 2217 1173 2268 judicium,
1206 2233 1252 2258 ex
1281 2229 1359 2262 tam
1384 2223 1538 2268 multis,
1570 2226 1676 2277 quod
1697 2241 1759 2266 re-

377 2275 652 2328 prehendatur,
676 2288 719 2317 ut
739 2280 845 2332 quod
867 2294 943 2319 una
962 2281 1164 2329 sententia,
1186 2298 1307 2337 eaque
1326 2287 1459 2334 dubia,
1481 2291 1665 2341 potentiae
1685 2293 1758 2330 ali-

377 2342 489 2392 cujus
523 2342 788 2383 condonatum
817 2346 1086 2394 existimetur,
1119 2351 1305 2391 omnibus
1331 2352 1394 2392 his
1422 2354 1469 2392 de
1496 2356 1615 2394 caufis
1643 2357 1758 2397 debes

376 2407 489 2445 istam
509 2408 726 2447 molestiam
746 2425 866 2463 quam
886 2412 1075 2453 leniffime
1093 2414 1208 2455 ferre.
1251 2418 1370 2458 Meus
1390 2421 1544 2460 animus
1564 2422 1637 2459 erit
1658 2422 1699 2460 in
1721 2432 1759 2462 te

376 2472 596 2527 liberosque
620 2484 707 2515 tuos
727 2475 891 2530 semper,
921 2492 1042 2532 quem
1062 2490 1106 2521 tu
1125 2482 1197 2522 effe
1216 2484 1290 2531 vis,
1319 2494 1359 2525 et
1378 2486 1449 2539 qui
1468 2486 1540 2526 effe
1560 2486 1689 2526 debet,
