2351 2997
598 259 690 299 AD
750 246 1217 294 FAMILIARES
1277 244 1411 283 LIB.
1462 243 1518 280 II.
1715 254 1764 291 29

381 364 576 405 dubitem,
608 359 658 396 fic
685 355 732 394 ad
764 367 834 393 nos
863 350 1132 391 conformatus
1161 353 1362 390 revertare,
1395 351 1453 388 ut,
1485 354 1604 395 quam
1624 353 1769 393 expec-

381 430 572 470 tationem
606 423 666 462 tui
700 419 923 464 concitasti,
958 417 1060 455 hanc
1095 413 1278 453 sustinere
1311 424 1355 448 ac
1391 409 1491 447 tueri
1526 407 1654 460 poffis.
1702 408 1770 451 Et,

380 494 571 550 quoniam
600 502 730 539 meam
761 496 921 525 tuorum
955 496 1045 536 erga
1073 495 1137 520 me
1167 478 1400 517 meritorum
1430 474 1664 514 memoriam
1694 471 1774 509 ulla

385 571 591 613 nunquam
612 554 759 594 delebit
779 552 944 596 oblivio,
976 559 1013 588 te
1034 561 1144 600 rog0‚
1176 553 1220 583 ut
1240 541 1483 587 memineris,
1516 547 1774 592 quantaecun-

387 641 464 680 que
485 624 560 663 tibi
581 620 810 660 acceffiones
841 617 936 655 fient
963 623 1001 653 et
1031 613 1199 652 sortunae
1223 618 1262 647 et
1288 607 1508 660 dignitatis,
1539 618 1600 642 eas
1631 613 1668 642 te
1695 616 1776 641 non

388 689 552 746 potuiffe
572 684 772 738 consequi,
804 682 874 720 nifi
897 681 993 719 meis
1014 692 1111 732 puer
1130 677 1228 715 olim
1250 672 1479 712 fideliffimis
1501 679 1618 723 atque
1641 682 1778 706 aman-

388 756 543 796 tiffimis
564 752 735 792 confiliis
757 748 954 803 paruisses.
1001 747 1132 797 Qare
1162 742 1238 780 hoc
1259 740 1392 778 animo
1412 739 1451 776 in
1475 750 1546 775 nos
1567 736 1638 774 effe
1659 733 1779 771 debe-

389 823 466 868 bis,
499 830 543 860 ut
563 828 650 858 aetas
673 816 799 855 nostra
814 816 897 867 jam
918 810 1186 864 ingravescens
1208 807 1249 845 in
1271 819 1400 845 amore
1427 813 1543 856 atque
1570 802 1611 840 in
1631 798 1780 838 adoles-

394 888 522 928 centia
542 896 609 925 tua
628 881 892 936 conquiescat.
924 878 1037 918 Vale.

683 1086 748 1129 Μ.
782 1085 836 1123 T.
869 1084 920 1122 C.
954 1082 1004 1119 C.
1038 1079 1324 1116 CURIONI
1369 1072 1410 1111 S.
1441 1071 1497 1109 D.

401 1219 456 1257 II.
479 1215 554 1288 G
573 1216 610 1253 R
628 1214 712 1252 AV
731 1214 748 1250 I
780 1212 872 1250 teste
897 1210 1069 1262 privatus
1092 1206 1176 1244 sum
1197 1201 1341 1241 amoris
1363 1198 1507 1237 summi
1528 1210 1617 1249 erga
1637 1205 1674 1234 te
1695 1195 1791 1241 mei,

586 1289 693 1333 patre
714 1287 798 1322 tuo,
821 1274 1028 1313 clarissimo
1049 1271 1155 1309 viro:
1179 1267 1249 1320 qui
1270 1278 1363 1304 cum
1385 1263 1461 1301 suis
1483 1261 1680 1306 laudibus,
1704 1270 1792 1298 tum

403 1362 494 1388 vero
515 1355 552 1385 te
573 1345 671 1389 filio,
703 1339 907 1394 superasset
927 1337 1110 1376 omnium
1131 1333 1346 1374 fortunam,
1379 1329 1405 1366 fi
1426 1328 1461 1365 ei
1482 1326 1718 1378 contigisset,
1752 1335 1795 1363 ut

405 1425 444 1454 te
465 1422 552 1452 ante
573 1410 734 1454 videret,
753 1421 871 1460 quam
887 1420 907 1444 e
922 1405 1002 1443 vita
1022 1400 1248 1440 discederet.
1281 1395 1354 1434 Sed
1375 1394 1483 1446 spero
1504 1393 1673 1431 nostram
1693 1393 1795 1429 arni-

407 1481 542 1520 citiam
570 1490 648 1516 non
677 1489 788 1528 egere
819 1472 996 1511 testibus.
1040 1467 1139 1506 Tibi
1170 1461 1457 1518 patrimonium
1489 1460 1543 1498 dii
1576 1458 1795 1496 fortunent.

408 1546 480 1585 Me
501 1553 604 1583 certe
623 1542 802 1586 habebis,
835 1538 900 1577 cui
927 1547 965 1576 et
992 1547 1101 1574 carus
1129 1543 1238 1584 aeque
1259 1529 1304 1567 fis
1326 1536 1364 1566 et
1379 1526 1596 1580 jucundus,
1628 1537 1671 1562 ac
1692 1523 1802 1563 fuisti.

408 1609 523 1667 patri.
561 1609 672 1648 Vale.

715 1803 778 1840 M.
811 1802 865 1839 T.
899 1800 948 1837 C.
983 1798 1032 1835 C.
1066 1797 1337 1835 CnR10N1
1378 1792 1415 1829 S.
1449 1791 1504 1828 D,

418 1939 495 1977 I=II·.
519 1935 639 2008 RU
657 1934 687 1972 P
702 1934 759 1983 AE*
783 1929 955 1969 studium
983 1940 1061 1964 non
1093 1923 1220 1962 defuit
1247 1919 1571 1962 declarandorum
1596 1927 1811 1954 munerum

624 2010 693 2038 tuo
715 1997 898 2037 nomine:
931 1993 994 2032 sed
1016 2006 1086 2031 nec
1107 1990 1209 2028 mihi
1230 1990 1396 2043 placuit,
1418 1999 1488 2025 nec
1510 1984 1697 2035 cuiquam
1718 1991 1810 2020 tuo-

422 2082 525 2113 rum,
557 2066 775 2118 quidquam
797 2073 834 2101 te
855 2060 1010 2100 absente
1030 2058 1129 2102 fieri,
1158 2056 1266 2108 quod
1287 2056 1377 2100 tibi,
1409 2065 1502 2092 cum
1522 2048 1699 2093 veniffes,
1731 2061 1812 2086 non

423 2136 519 2175 effet'
533 2135 750 2186 integrum.
783 2128 997 2182 Equidem,
1015 2125 1113 2179 quid
1129 2123 1307 2168 sentiam,
1324 2130 1391 2159 aut
1407 2118 1574 2158 scribam
1589 2115 1637 2154 ad
1653 2125 1690 2153 te
1705 2114 1812 2167 post-

424 2212 467 2241 ea'
488 2200 684 2254 pluribu5‚
716 2206 796 2242 aut,
820 2209 867 2233 ne
887 2194 934 2232 ad
954 2206 1039 2231 eam
1058 2190 1262 2235 meditere,
1283 2189 1521 2240 imparatum
1544 2192 1580 2220 te
1600 2180 1814 2225 offendam,

427 2268 638 2318 coramque
670 2273 807 2303 contra
837 2261 948 2300 istam
980 2259 1171 2298 rationem
1203 2268 1332 2295 meam
1363 2253 1520 2291 dicam:
1553 2258 1597 2287 ut
1623 2257 1690 2286 aut
1717 2256 1754 2285 te
1774 2247 1817 2284 in

427 2346 556 2372 meam
577 2331 808 2370 sententiam
827 2327 1033 2371 adducam,
1065 2332 1131 2362 aut
1163 2332 1267 2361 certe
1299 2319 1480 2359 testatum
1509 2314 1611 2369 apud
1639 2313 1818 2351 animum

429 2408 545 2437 tuum
565 2397 799 2449 relinquam,
831 2393 928 2447 quid
949 2391 1158 2436 senserim5
1192 2398 1250 2434 ut,
1284 2388 1309 2426 s1
1340 2383 1499 2439 quando
1523 2379 1649 2434 (quod
1670 2376 1815 2426 nolim)

430 2465 633 2518 displicere
662 2462 737 2500 tibi
771 2460 979 2499 consilium
1014 2468 1129 2496 tuum
1163 2455 1342 2508 coeperit‚
1374 2450 1488 2505 poffis
1519 2456 1815 2487 meumrecor-

431 2531 528 2570 dari.
573 2529 687 2569 Brevi
708 2537 839 2567 tamen
859 2526 909 2565 fic
930 2525 1089 2570 habeto,
1121 2523 1161 2561 in
1183 2517 1274 2561 eum
1294 2520 1437 2559 statum
1459 2525 1684 2568 temporum
1706 2519 1821 2549 tuum
