2351 2997
614 288 705 326 AD
765 281 1229 324 FAMILIARES
1289 279 1422 318 LIB'.
1474 279 1567 317 XV.
1718 293 1795 332 413

404 389 536 432 etiam,
569 395 612 424 ut
642 384 743 422 mihi
771 383 932 436 quidem
956 381 1094 419 sentire
1114 380 1262 424 videor,
1298 379 1446 416 ratione
1468 387 1585 430 atque
1605 376 1794 421 doctrina,

404 454 451 491 ab
472 452 575 491 inani
599 451 711 488 laude
732 460 769 488 et
791 448 1034 487 sermonibus
1057 446 1181 498 vulgi,
1213 459 1285 497 ego
1308 443 1482 496 profecto
1505 444 1536 481 is
1558 443 1657 481 sum.
1691 443 1791 481 Tes-

404 519 454 556 tis
476 518 528 555 est
557 516 780 555 consulatus
802 527 940 558 meus3
974 513 1014 550 in
1045 526 1139 564 quo,
1172 511 1269 548 ficut
1299 512 1339 547 in
1368 509 1517 560 reliqua
1543 509 1634 553 vita,
1668 507 1792 546 fateor

402 597 445 621 ea
474 597 535 621 me
564 582 728 620 studiose
760 581 952 623 secutum,
984 591 1030 615 ex
1063 577 1208 629 quibus
1240 589 1327 614 vera
1357 575 1482 627 gloria
1514 574 1614 612 nasci
1637 574 1787 627 poffet;

403 649 523 701 ipsam
557 648 716 699 quidem
749 645 915 697 gloriam
948 656 1015 695 per
1047 642 1082 679 se
1113 654 1316 692 nunquam
1348 640 1482 692 putavi
1514 640 1786 691 expetendam.

406 717 542 766 Itaque
562 722 601 751 et
620 711 864 764 provinciam
885 717 1075 751 ornatam,
1107 715 1145 744 et
1166 706 1272 758 spem
1294 719 1372 742 non
1394 705 1555 742 dubiam
1579 704 1788 756 triumphi,

403 779 575 830 neglexi.
623 775 890 813 Sacerdotium
921 772 1105 824 denique,
1137 784 1229 808 cum
1254 769 1608 822 (quemadmodum
1630 779 1667 806 te
1688 769 1790 806 exis-

403 846 541 882 timare
568 840 750 891 arbitror)
782 853 859 878 non
888 838 1125 876 difficillime
1153 836 1337 888 consequi
1366 835 1526 888 poffem,
1559 849 1638 873 non
1671 849 1790 887 appe-

403 911 490 948 tivi.
538 908 647 947 Idem
675 906 759 958 post
780 905 965 957 injuriam
987 912 1201 955 acceptam,
1234 915 1353 954 quam
1376 910 1418 938 tu
1439 900 1665 953 reipublicae
1686 900 1790 938 cala-

404 976 584 1013 mitatem
606 973 755 1024 semper
775 969 960 1023 appellas,
992 981 1118 1006 meam
1148 981 1224 1005 non
1254 966 1373 1004 modo
1403 979 1480 1003 non
1511 966 1790 1010 calamitatem,

406 1039 468 1078 sed
497 1040 615 1076 etiam
643 1036 824 1089 gloriam,
856 1034 985 1072 studui
1006 1046 1126 1085 quam
1146 1032 1383 1070 ornatiffima
1403 1031 1553 1068 senatus
1574 1030 1793 1084 populique

406 1105 578 1143 Romani
599 1104 645 1140 de
666 1116 729 1140 me
744 1101 896 1154 judicia
916 1099 1167 1137 intercedere.
1203 1099 1339 1150 Itaque
1360 1106 1401 1134 et
1418 1110 1542 1148 augur
1561 1096 1690 1149 postea
1708 1095 1794 1134 fieri

405 1171 528 1214 volui,
560 1169 666 1222 quod
687 1176 798 1206 antea
818 1166 1092 1218 neglexeram,
1125 1173 1164 1201 et
1185 1177 1275 1201 eum
1296 1162 1504 1207 honorem,
1530 1162 1599 1214 qui
1620 1175 1641 1199 a
1661 1161 1796 1199 senatu

404 1236 528 1273 tribui
555 1235 669 1272 rebus
700 1233 855 1271 bellicis
883 1231 992 1275 solet,
1025 1230 1248 1281 neglectum
1276 1241 1296 1266 a
1322 1242 1386 1266 me
1412 1227 1533 1272 olim,
1558 1241 1664 1265 nunc
1690 1225 1795 1264 mihi

406 1299 672 1352 expetendum
703 1307 823 1351 puto„
862 1296 974 1335 Huic
1006 1308 1103 1333 meae
1133 1294 1343 1338 voluntati,
1375 1294 1415 1330 in
1444 1306 1521 1345 qua
1547 1292 1644 1329 inest
1664 1292 1796 1344 aliqua

406 1367 463 1403 vis
486 1365 675 1409 defiderii,
707 1363 754 1401 ad
774 1361 987 1400 sanandum
1009 1361 1151 1399 vulnus
1173 1359 1338 1411 injuriae,
1371 1368 1416 1396 ut
1444 1357 1585 1403 faveas,
1617 1357 1794 1409 adjutor-

406 1445 483 1484 que
504 1431 564 1476 fis,
596 1429 703 1483 quod
724 1428 840 1482 paulo
861 1436 949 1465 ante
970 1440 1033 1464 me
1060 1439 1246 1478 negaram,
1269 1434 1511 1477 rogaturum,
1543 1422 1795 1462 vehementer

407 1507 445 1535 te
466 1510 588 1548 r0g0;
622 1494 685 1533 sed
714 1495 781 1538 ita,
813 1494 840 1531 fi
871 1507 949 1531 non
970 1492 1155 1544 jejunum
1184 1490 1260 1528 hoc
1291 1490 1420 1528 nescio
1447 1489 1558 1542 quid,
1590 1488 1697 1541 quod
1715 1501 1794 1540 *ego

407 1563 513 1615 gefii,
545 1571 583 1599 et
604 1558 941 1599 contemnendum
962 1557 1173 1602 videbitur,
1205 1556 1267 1594 sed
1290 1556 1378 1601 tale,
1409 1564 1524 1607 atque
1549 1563 1719 1599 tantum,
1752 1562 1796 1591 ut

407 1628 531 1667 multi.
546 1639 793 1679 nequaquam
814 1624 971 1676 paribus
994 1623 1107 1660 rebus
1128 1622 1296 1660 honores
1318 1622 1491 1659 summos
1508 1634 1528 1658 a
1544 1621 1675 1658 senatu
1696 1633 1794 1657 con-

409 1694 529 1731 secuti
559 1692 646 1730 slnt.
693 1690 891 1743 Equidem
921 1689 1045 1726 etiam
1068 1686 1170 1725 mihi
1198 1686 1298 1724 illud
1319 1685 1626 1724 animadvertisse
1646 1684 1794 1728 videor,

411 1760 502 1811 (scis
533 1758 654 1802 enim,
686 1770 806 1809 quam
835 1764 982 1793 attente
1015 1763 1052 1792 te
1084 1753 1215 1791 audire
1248 1752 1408 1801 soleam)
1445 1761 1482 1789 te
1510 1765 1588 1789 non
1624 1760 1704 1788 tam
1736 1764 1794 1788 res

408 1825 543 1877 gestaS‚
566 1837 684 1875 quam
708 1835 849 1866 mores,
874 1820 1063 1864 instituta,
1086 1829 1202 1871 atque
1223 1819 1359 1862 vitam,
1382 1818 1663 1869 imperatorum
1685 1816 1796 1868 spec-

409 1900 487 1928 tare
515 1889 648 1933 solere,
680 1888 720 1925 in
750 1886 940 1924 habendis
970 1895 1036 1922 aut
1067 1898 1146 1922 non
1178 1883 1367 1921 habendis
1396 1882 1628 1920 honoribus.
1676 1880 1797 1932 Qod

408 1956 433 1993 fi
460 1956 500 1992 in
522 1967 607 1992 mea
633 1952 743 1991 causa
774 1951 1047 1995 confiderabis,
1080 1950 1259 2002 reperim,
1290 1962 1354 1999 me
1385 1948 1559 1985 exercitu
1592 1946 1796 1984 imbecillo

410 2030 545 2059 contra
566 2028 716 2056 metum
745 2017 909 2054 maximi
943 2016 1052 2059 belli,
1085 2015 1349 2052 firmiffimum
1377 2013 1596 2065 praefidium
1624 2011 1797 2049 habuifi'e

411 2086 634 2138 aequitatem
656 2093 693 2121 et
715 2082 1015 2120 continentiam.
1049 2081 1126 2118 His
1148 2094 1220 2131 ego
1242 2080 1417 2117 subsidiis
1440 2093 1481 2116 ea
1502 2078 1585 2115 sum
1607 2078 1796 2115 consecu-

412 2163 488 2195 tus,
522 2164 606 2202 quae
635 2148 754 2186 nullis
783 2147 1006 2198 legionibus
1035 2146 1220 2197 consequi
1244 2145 1478 2196 potuissem,
1511 2153 1554 2181 ut
1574 2157 1620 2181 ex
1642 2142 1798 2180 alienis-

412 2217 515 2255 simis
551 2215 663 2253 sociis
699 2213 964 2257 amiciffimos,
996 2226 1043 2249 ex
1071 2211 1343 2248 infideliffimis
1375 2209 1627 2253 firmiffimos,
1660 2209 1795 2245 redde-

411 2297 507 2326 rem,
530 2279 756 2332 animosque
779 2291 966 2315 novarum
987 2291 1117 2314 rerum
1138 2276 1406 2328 expectatione
1428 2275 1640 2326 suspensos,
1664 2274 1709 2310 ad
1730 2288 1796 2310 ve-

414 2347 503 2384 teris
526 2344 683 2396 imperii
705 2343 1017 2381 benevolentiam
1040 2341 1295 2379 traducerem.
1336 2339 1408 2376 Sed
1431 2340 1548 2376 nimis
1570 2338 1652 2376 haec
1674 2338 1799 2374 multa.

414 2413 460 2449 de
481 2425 558 2455 me,
590 2409 801 2462 praesertim
822 2408 868 2446 ad
890 2417 941 2453 te,
972 2421 993 2445 a
1013 2421 1093 2459 quo
1114 2421 1192 2444 uno
1214 2406 1393 2444 omnium
1417 2405 1609 2441 sociorum
1632 2403 1797 2454 querelae

413 2478 640 2515 audiuntur.
688 2473 909 2526 Cognosces
942 2487 988 2511 ex
1022 2473 1083 2517 iis,
1116 2473 1185 2524 qui
1214 2472 1310 2509 meis
1339 2470 1526 2508 institutis
1553 2468 1587 2505 sc
1610 2477 1798 2505 recreatos

416 2552 567 2596 putant.
600 2542 785 2594 Cumque
806 2553 940 2579 omnes
964 2552 1042 2579 uno
1063 2551 1184 2591 prope
1204 2536 1388 2576 consensu
1411 2536 1457 2574 de
1477 2549 1539 2574 me
1561 2533 1661 2586 apud
1685 2543 1719 2571 te
1740 2546 1807 2579 ea„
