2351 2997
590 235 683 273 AD
742 222 1204 270 FAMILIARES
1266 220 1397 259 ΜΒ.
1450 218 1565 257 Χιυ,
1698 230 1771 268 379

533 468 596 507 M.
629 467 682 505 T.
716 466 765 503 C.
798 464 844 502 P.
877 464 1200 502 SERVILIO,
1241 456 1460 494 PROPR.
1504 453 1541 489 S.
1575 451 1628 488 D.

399 599 550 638 LXVI.
659 596 695 632 U
715 592 865 631 LUM
901 590 1114 631 Caecinam,
1151 585 1322 623 maxime
1354 582 1558 633 proprium
1591 578 1776 615 clientem

685 658 845 697 familiae
864 655 1008 698 vestrae,
1040 665 1118 689 non
1139 647 1455 687 commendarem
1478 645 1566 688 tibi,
1589 656 1680 681 cum
1702 641 1775 678 sci-

398 743 496 772 rem,
527 740 603 779 qua
631 724 707 763 fide
738 724 778 760 in
812 730 914 764 tuos,
947 731 1023 770 qua
1048 714 1257 754 clementia
1284 713 1324 749 in
1352 709 1610 752 calamitosos,
1643 706 1777 744 soleres

399 795 499 837 esse;
534 792 602 829 nisi
623 803 686 828 me
706 797 744 826 et
765 787 883 840 patris
904 785 1002 836 ejus,
1033 795 1112 834 quo
1141 780 1222 817 sum
1246 775 1538 816 familiariffime
1560 773 1663 815 usuS,
1694 784 1777 808 me-

400 859 538 902 moria,
570 865 608 894 et
641 855 759 906 hujus
791 852 963 894 fortuna,
996 849 1049 885 ita
1080 853 1266 887 moveret,
1299 851 1341 880 ut
1377 839 1565 882 hominis,
1597 835 1780 874 omnibus

402 937 559 963 mecum
581 920 715 958 studiis
743 916 960 967 officiisque
986 909 1305 964 conjunctissimi,
1337 919 1490 944 movere
1521 902 1700 941 debebat.
1747 901 1783 936 A

401 1000 440 1028 te
462 990 537 1028 hoc
559 987 668 1026 omni
689 983 941 1024 contentione
961 988 1067 1033 peto,
1099 977 1147 1015 fic
1171 984 1213 1014 ut
1233 975 1377 1026 majore
1398 984 1502 1015 cura,
1534 970 1678 1020 majore
1698 967 1782 1004 ani-

404 1056 461 1094 mi
488 1055 633 1098 labore,
666 1060 794 1104 petere
826 1061 904 1086 non
936 1045 1088 1098 poffim,
1120 1052 1164 1080 ut
1196 1041 1241 1078 ad
1273 1053 1329 1083 ea,
1361 1051 1445 1089 quae
1468 1045 1532 1074 tua
1553 1035 1687 1087 sponte
1709 1033 1784 1069 fine

403 1121 637 1174 cujusquam
656 1113 997 1156 commendatione
1017 1109 1159 1149 faceres
1186 1108 1227 1145 in
1255 1104 1460 1143 hominem
1488 1110 1641 1139 tantum
1662 1107 1699 1136 et
1726 1107 1784 1134 ta·

405 1188 500 1231 lem,
527 1183 812 1225 calamitosum,
835 1179 1006 1230 aliquem
1027 1174 1186 1214 afferant
1206 1170 1415 1210 cumulum
1436 1181 1530 1206 meae
1551 1166 1684 1208 litem,
1708 1175 1787 1215 quo

406 1252 609 1291 studiofius
644 1263 749 1293 eum,
786 1244 1086 1299 quibuscunque
1120 1239 1233 1278 rebus
1270 1235 1398 1289 poffis,
1429 1236 1556 1286 juves.
1608 1229 1727 1281 Qod
1761 1228 1787 1265 fi

407 1320 547 1356 Romae
574 1315 719 1358 fuiffes,
750 1313 869 1350 etiam
897 1309 1060 1347 salutern
1092 1306 1144 1344 A.
1168 1303 1334 1342 Caecinae
1364 1299 1526 1338 ess‘emus
1561 1298 1624 1349 (ut
1654 1294 1789 1346 opinio

408 1397 494 1423 mea
514 1382 607 1431 fert)
627 1394 694 1433 per
715 1388 751 1416 te
768 1375 981 1416 consecuti.
1014 1375 1076 1412 De
1097 1384 1173 1424 qua
1193 1379 1323 1408 tamen
1342 1378 1526 1418 magnam
1547 1363 1653 1416 spem
1668 1360 1789 1399 habe-

409 1462 513 1494 mus,
545 1447 636 1485 freti
656 1443 867 1483 clementia
886 1440 1045 1491 collegae
1067 1438 1140 1476 tui.
1187 1435 1324 1478 Nunc,
1355 1445 1448 1470 cum
1478 1439 1584 1468 tuam
1601 1426 1794 1480 justitiam

411 1516 580 1559 secutus,
611 1511 847 1551 tutiffimum
868 1507 938 1546 fibi
963 1513 1123 1558 portum
1152 1499 1395 1555 provinciam
1425 1495 1535 1534 istam
1564 1493 1636 1532 effe
1664 1492 1792 1535 duxit,

410 1582 529 1619 etiam
549 1588 666 1630 atque
686 1576 803 1614 etiam
835 1583 872 1612 te
902 1584 996 1623 rogo
1026 1579 1142 1621 atque
1171 1580 1255 1610 οπο,
1286 1573 1331 1602 ut
1359 1575 1450 1601 eum
1479 1569 1518 1598 et
1546 1559 1588 1598 in
1618 1556 1808 1610 reliquiis

411 1646 550 1684 veteris
579 1641 854 1695 negotiationis
885 1634 1117 1688 colligendis
1140 1634 1269 1685 juves,
1300 1638 1339 1667 et
1368 1626 1516 1666 caeteris
1546 1624 1660 1663 rebus
1691 1632 1794 1674 tegas

413 1722 530 1765 atque
551 1719 692 1748 tueare.
724 1708 816 1746 Hoc
838 1703 939 1743 mihi
960 1702 1107 1754 gratius
1128 1698 1253 1737 facere
1273 1694 1376 1734 nihil
1398 1700 1521 1745 potes.
1554 1690 1666 1729 Vale.

552 1910 616 1948 M.
650 1910 703 1947 T.
737 1909 786 1946 C.
820 1907 865 1944 P.
899 1905 1223 1943 SERVILIO,
1265 1897 1484 1934 PRopR.
1528 1892 1565 1929 S.
1599 1891 1653 1929 D.

419 2039 591 2080 LXVII.
697 2037 735 2075 X
766 2033 967 2087 provincia
993 2043 1079 2069 mea
1099 2024 1314 2069 Ciliciens1‚
1346 2022 1412 2060 cui
1443 2021 1515 2060 scis
1543 2016 1619 2070 τρεῖς
1640 2014 1803 2057 &Nomio-m

715 2099 901 2138 Afiaticas
929 2095 1135 2134 attributas
1162 2089 1288 2134 fuiffe,
1321 2087 1432 2126 nullo
1459 2087 1544 2124 sum
1572 2080 1802 2121 familiarius

422 2171 526 2215 usuS,
558 2182 677 2221 quam
712 2164 913 2207 Androne,
946 2157 1174 2199 Artemonis
1210 2155 1308 2199 filio,
1341 2151 1596 2194 Laodicenfi3
1635 2159 1805 2198 eumque

419 2235 541 2273 habui
572 2235 611 2271 in
633 2247 675 2271 ea
695 2230 853 2269 civitate
880 2241 972 2265 cum
999 2224 1212 2276 hospitem,
1243 2229 1330 2257 tum
1359 2217 1611 2256 vehementer
1637 2212 1685 2250 ad
1711 2224 1805 2250 meae

421 2302 509 2338 vitae
532 2300 724 2337 rationem
745 2305 783 2334 et
803 2291 1128 2332 consuetudinem
1148 2284 1507 2325 accommodatum.
1555 2281 1687 2330 Qem
1714 2276 1804 2328 qui-

423 2367 513 2404 dem
548 2365 677 2403 multo
710 2362 829 2400 etiam
864 2358 1002 2412 pluris,
1048 2354 1297 2408 posteaquam
1332 2348 1484 2392 deceffi,
1530 2345 1654 2384 facere
1688 2341 1805 2392 coepi,

425 2431 532 2485 quod
564 2430 701 2468 multis
734 2426 847 2465 rebus
880 2431 1062 2476 expertus
1095 2420 1181 2458 sum
1212 2425 1369 2469 gratum
1400 2412 1619 2453 hominem,
1652 2406 1807 2458 meique

427 2508 658 2536 memorem.
692 2495 829 2545 Itaque
848 2502 939 2529 eum
960 2489 1098 2527 Romae
1118 2481 1371 2522 libentifiime
1391 2478 1486 2516 vidi.
1532 2475 1625 2513 Non
1648 2471 1751 2508 enim
1775 2480 1810 2507 te

1311 2546 1340 2583 B
1372 2544 1396 2581 b
1428 2543 1452 2580 b
1483 2555 1504 2581 2
