2351 2997
599 239 691 276 AD
750 234 1213 273 FAMILIARES
1273 235 1404 272 LIB.
1456 238 1528 274 IV.
1703 253 1751 292 93

373 337 605 377 mirabiliter
620 336 667 372 de
684 344 721 372 te
736 343 773 371 et
794 333 1012 385 loquuntur
1027 342 1065 371 et
1087 333 1273 372 sentiunt.
1298 335 1465 373 Accedit
1486 336 1622 374 eodem
1644 339 1755 390 vulgi

376 403 569 445 voluntas,
588 400 647 437 vel
669 399 800 452 potius
822 399 1026 436 consensus
1048 400 1244 437 omnium.
1278 400 1410 438 Etiam
1432 402 1512 446 illa,
1532 415 1616 454 quae
1632 403 1755 440 mini-

376 480 488 505 mum
521 478 626 503 nunc
658 463 819 516 quidem
852 463 990 516 potest,
1023 463 1085 501 sed
1118 464 1230 516 poffit
1260 465 1404 502 neceffe
1424 465 1490 511 est,
1523 467 1753 519 respublica,

374 531 627 584 quascunque
647 531 744 567 vires
762 529 938 573 habebit,
956 530 1002 566 ab
1024 530 1071 566 iis
1088 530 1176 582 ipfis
1194 530 1338 582 quibus
1357 540 1524 576 tenetur,
1543 532 1588 570 de
1611 542 1646 570 te
1663 547 1756 585 pro—

377 597 531 649 pediem
567 595 685 647 (mihi
717 595 846 645 crede)
882 595 1124 646 impetrabit.
1167 595 1301 633 Redeo
1322 596 1443 647 igitur
1463 597 1508 634 ad
1531 597 1584 642 id,
1616 606 1659 635 ut
1674 599 1757 649 jam

375 661 450 699 tibi
480 662 597 698 etiam
628 660 814 712 pollicear
843 658 1007 709 aliquid,
1039 658 1145 710 quod
1175 660 1306 711 primo
1334 660 1565 699 omiseram:
1599 675 1688 700 nam
1719 671 1757 700 et

374 726 611 778 complectar
644 725 726 776 ejus
761 723 1092 767 familiariffimos‚
1124 724 1193 775 qui
1228 738 1290 762 me
1322 724 1535 763 admodum
1568 726 1755 778 diligunt,

376 792 630 843 multumque
661 803 819 828 mecum
850 789 952 834 sunt,
985 798 1022 826 et
1053 790 1094 827 in
1122 790 1239 842 ipsius
1269 790 1608 837 consuetudinem,
1640 806 1759 844 quam

373 856 503 895 adhuc
524 869 633 893 meus
655 854 781 907 pudor
801 853 901 892 mihi
922 854 1071 900 claufit,
1094 855 1317 901 infinuab0;
1341 865 1379 894 et
1399 866 1501 894 certe
1522 871 1657 895 omnes
1679 859 1758 896 vias

375 923 594 976 persequar,
612 921 758 973 quibus
780 921 926 973 putabo
942 920 988 958 ad
1008 920 1062 965 id,
1081 921 1186 974 quod
1204 922 1401 967 volumus,
1418 924 1619 975 pervenire
1639 923 1756 975 poffe.

377 991 424 1029 In
442 988 517 1026 hoc
539 997 623 1026 toto
639 1001 778 1040 genere
794 987 905 1039 plura
926 986 1082 1032 faciam,
1100 1001 1219 1040 quam
1240 987 1405 1027 scribere
1425 989 1561 1028 audeo.
1595 991 1757 1035 Caetera,

378 1069 464 1107 quae
486 1054 560 1092 tibi
580 1067 601 1091 a
621 1053 758 1091 multis
779 1062 961 1105 prompta
980 1053 1051 1091 effe
1072 1063 1178 1091 certo
1199 1054 1292 1099 scio,
1324 1068 1343 1092 a
1372 1069 1435 1092 me
1462 1055 1550 1093 sunt
1569 1056 1758 1108 paratiffi-

377 1134 456 1158 ma.
489 1118 607 1157 Nihil
629 1119 668 1156 in
691 1132 730 1155 re
749 1117 933 1155 familiari
954 1132 1040 1156 mea
1059 1118 1126 1163 est,
1144 1119 1249 1170 quod
1270 1133 1342 1171 ego
1363 1134 1496 1157 meum
1512 1121 1650 1158 malim
1671 1120 1757 1166 effe,

376 1198 495 1237 quarn
518 1193 646 1222 tuum.
679 1184 767 1221 Hac
789 1183 834 1220 de
856 1197 909 1228 re,
927 1193 965 1221 et
986 1184 1032 1221 de
1052 1183 1129 1221 hoc
1149 1197 1287 1236 genere
1310 1194 1407 1230 toto,
1426 1184 1501 1223 hoc
1524 1186 1649 1224 scribo
1669 1201 1758 1238 par-

375 1251 477 1295 cius,
509 1249 615 1300 quod
645 1257 697 1292 te,
729 1248 768 1285 id
789 1249 895 1299 quod
916 1249 994 1301 ipse
1015 1249 1185 1294 confido,
1217 1250 1363 1302 sperare
1384 1251 1487 1289 malo
1508 1251 1578 1289 effe
1599 1251 1760 1290 usurum

379 1315 473 1352 tuis.
517 1314 754 1351 Extremum
776 1312 877 1349 illud
905 1313 972 1358 est,
1005 1323 1048 1350 ut
1077 1322 1113 1350 te
1133 1327 1241 1351 orem
1261 1323 1299 1351 et
1320 1315 1532 1361 obsecrem,
1564 1316 1696 1354 animo
1717 1325 1761 1354 ut

377 1379 553 1418 maximo
568 1377 638 1422 s1s;
663 1391 732 1415 nec
753 1390 795 1414 ea
815 1377 941 1415 solum
958 1378 1200 1423 memineris,
1219 1393 1304 1431 quae
1324 1380 1370 1417 ab
1392 1380 1476 1418 aliis
1498 1382 1650 1434 magnis
1667 1382 1759 1419 viris

380 1443 574 1496 accepisti,
607 1442 669 1480 sed
698 1442 766 1480 illa
789 1443 922 1488 etiarn,
954 1457 1038 1495 quae
1059 1443 1138 1495 ipse
1159 1444 1319 1496 ingenio
1340 1444 1543 1498 studioque
1564 1446 1759 1498 peperisti.

381 1512 479 1562 Qae
509 1511 534 1547 s1
565 1509 743 1562 colliges,
774 1519 812 1548 et
842 1510 1009 1562 sperabis
1039 1510 1172 1548 omnia
1200 1511 1365 1562 optime,
1398 1521 1435 1548 et
1460 1526 1545 1564 quae
1566 1512 1759 1557 accident,

379 1576 667 1629 qualiacunque
693 1584 821 1620 erunt,
854 1576 1042 1628 sapienter
1072 1575 1184 1614 feres.
1228 1576 1300 1614 Sed
1328 1575 1409 1615 haec
1438 1586 1480 1614 tu
1511 1577 1668 1622 melius,
1700 1577 1761 1615 vel

379 1642 528 1694 optime
549 1642 744 1679 omnium.
787 1642 887 1693 Eg0‚
910 1656 996 1694 quae
1016 1642 1208 1693 pertinere
1229 1642 1274 1679 ad
1297 1652 1333 1679 te
1354 1643 1588 1695 intelligam,
1612 1644 1760 1683 studio-

381 1707 516 1745 fiffime
537 1707 668 1744 omnia
693 1706 1060 1758 diligentiffimeque
1088 1707 1259 1751 curabo;
1292 1716 1529 1760 tuorumque
1552 1709 1762 1746 tristiffimo

380 1786 468 1811 meo
490 1782 664 1825 tempore
685 1773 916 1810 meritorum
933 1786 1021 1824 erga
1042 1787 1103 1811 me
1125 1773 1354 1811 memoriam
1377 1774 1623 1813 conservabo.
1649 1775 1758 1814 Vale.

653 1973 718 2011 M.
751 1973 804 2011 T.
839 1974 887 2011 C.
922 1975 1014 2012 CN.
1048 1975 1319 2012 PLANc1o
1362 1975 1398 2012 S.
1433 1975 1487 2012 D.

382 2102 496 2140 XIV.
510 2099 570 2172 B
584 2101 599 2138 I
615 2100 734 2138 NAS
765 2114 784 2137 a
805 2111 842 2139 te
862 2103 994 2154 accepi
1015 2102 1143 2140 literas
1167 2102 1346 2154 Corcyrae
1368 2102 1492 2140 datas:
1516 2116 1680 2154 quarum
1702 2104 1760 2141 al-

603 2166 693 2203 teris
715 2166 816 2204 mihi
836 2167 1092 2219 gratulabare‚
1121 2167 1228 2219 quod
1248 2168 1408 2206 audiffes
1429 2181 1492 2205 me
1513 2181 1639 2205 meam
1661 2169 1761 2220 pris-

383 2233 507 2270 tinam
524 2232 756 2284 dignitatem
773 2233 967 2279 obtinere;
987 2233 1116 2271 alteris
1134 2233 1287 2271 dicebas
1306 2243 1342 2272 te
1358 2234 1472 2278 velle,
1487 2247 1572 2286 quae
1588 2234 1760 2286 egiffem,

384 2298 482 2334 bene
503 2306 540 2335 et
559 2296 729 2335 feliciter
748 2299 913 2336 evenire.
956 2300 1044 2351 Ego
1074 2307 1218 2344 autem,
1250 2299 1276 2336 si
1307 2299 1475 2351 dignitas
1508 2298 1560 2336 est
1594 2300 1689 2336 bene
1717 2299 1764 2338 de

384 2367 585 2419 republica
612 2367 764 2413 sentire,
796 2378 834 2407 et
861 2369 974 2408 bonis
995 2370 1086 2408 viris
1108 2369 1271 2422 probare
1292 2369 1397 2422 quod
1418 2369 1571 2414 sentias,
1603 2369 1763 2407 obtineo

384 2432 617 2484 dignitatem
638 2446 779 2472 meam.
822 2435 889 2472 Sin
910 2444 1040 2474 autem
1060 2436 1102 2473 in
1123 2449 1167 2473 eo
1189 2435 1357 2488 dignitas
1378 2435 1445 2480 est,
1477 2436 1517 2480 fi,
1550 2435 1655 2487 quod
1676 2434 1761 2472 sen-

382 2499 470 2545 tias,
488 2508 554 2538 aut
570 2512 608 2537 re
624 2499 774 2538 efficere
790 2501 919 2553 poffis,
937 2510 1004 2540 aut
1023 2502 1192 2555 denique
1212 2502 1334 2540 libera
1348 2502 1521 2541 oratione
1542 2500 1761 2546 defendere,
