2351 2997
596 343 686 380 AD
746 340 1210 383 FAMILIARES
1271 342 1401 380 LIB.
1453 342 1547 381 VII.
1692 346 1763 394 169

656 574 717 612 M.
752 576 980 613 CICERO
1013 577 1331 614 TREBATIO
1373 577 1410 614 S.
1445 577 1496 614 D.

389 702 501 741 XVI.
523 702 612 774 IN
643 702 759 754 Equo
775 703 949 753 Trojano
967 702 1036 739 scis
1053 702 1124 740 esse
1145 703 1184 739 in
1206 710 1395 746 extremo,
1415 703 1674 753 Serofizpimtt.
1697 706 1763 742 Tu

582 778 726 811 tamen,
745 767 799 803 mi
821 766 964 810 vetule,
983 780 1061 803 non
1082 766 1176 805 ser0.
1206 767 1353 803 Primas
1376 767 1460 804 illas
1482 767 1688 805 rabiosulas
1711 769 1765 806 sat

386 833 510 871 fatuas
539 832 674 870 dedisti
693 847 701 869 :
735 831 888 875 deinde,
919 831 1025 882 quod
1047 831 1086 868 in
1110 832 1308 869 Britannia
1329 845 1407 869 non
1429 832 1546 869 nimis
1568 829 1766 884 φιλοθέωρον

387 907 424 935 te
446 897 655 949 praebuisti,
678 896 790 948 plane
811 909 888 933 non
911 895 1174 948 reprehendo:
1208 909 1312 933 nunc
1333 907 1422 934 vero
1443 897 1483 933 in
1503 896 1679 934 hibernis
1701 897 1763 934 in-

383 964 508 1014 jectus
531 961 631 999 mihi
652 961 790 999 videris
810 976 818 999 z
852 961 983 1013 itaque
1010 971 1046 999 te
1071 975 1318 999 commovere
1339 975 1417 999 non
1439 975 1563 999 curas.
1610 962 1765 1014 Usque·-

388 1041 541 1079 quaque
561 1027 687 1079 sapere
707 1034 860 1078 oportet
879 1042 887 1064 :
921 1026 960 1063 id
981 1028 1053 1064 erit
1073 1027 1197 1064 telum
1217 1027 1464 1064 acerrimum.
1512 1029 1599 1079 Ego
1621 1028 1645 1065 fi
1670 1027 1765 1065 foris

389 1094 630 1136 coenitarem‚
669 1093 745 1128 Cn.
777 1091 954 1135 Octavio,
990 1091 1173 1128 familiari
1209 1101 1291 1136 tuo,
1323 1105 1401 1129 non
1436 1091 1664 1130 defuissem:
1702 1094 1766 1130 cui

389 1167 518 1195 tamen
540 1157 637 1201 dixi,
668 1169 760 1193 cum
780 1170 842 1194 me
862 1157 1067 1207 aliquoties
1089 1157 1269 1194 invitaret
1289 1172 1297 1194 ι
1332 1158 1414 1194 Oro
1436 1166 1486 1202 te,
1519 1159 1606 1208 quis
1630 1167 1670 1195 tu
1692 1172 1729 1196 es
1750 1160 1763 1195 ?

390 1222 462 1259 Sed
492 1221 749 1265 mehercules,
780 1230 887 1258 extra
911 1222 1064 1272 jocum,
1096 1220 1218 1258 homo
1247 1221 1371 1259 bellus
1400 1222 1479 1259 est:
1512 1223 1654 1260 vellem
1675 1237 1766 1261 eum

390 1296 521 1324 tecum
548 1285 778 1323 abduxiffes.
826 1286 935 1337 Qid
962 1286 1097 1336 agatis,
1128 1295 1166 1323 et
1193 1286 1335 1337 ecquid
1362 1287 1402 1323 in
1432 1288 1585 1324 Italiam
1613 1290 1765 1325 venturi

390 1352 469 1388 fitis
491 1350 562 1388 hac
583 1350 726 1394 hieme,
759 1349 819 1387 fac
840 1350 953 1401 plane
974 1350 1105 1388 sciam.
1150 1351 1293 1387 Balbus
1314 1350 1415 1388 mihi
1436 1351 1698 1397 confirmavit,
1730 1363 1767 1390 te

390 1416 553 1453 divitem
575 1414 769 1453 futurum.
816 1415 861 1452 Id
889 1424 1023 1452 utrum
1051 1416 1232 1452 Romano
1260 1429 1367 1453 more
1394 1416 1549 1454 locutus
1578 1418 1637 1461 fit,
1670 1418 1768 1456 bene

391 1490 640 1519 nummatum
671 1489 707 1518 te
735 1480 930 1525 futurum,
962 1494 1023 1525 an,
1056 1480 1256 1532 quomodo
1284 1481 1405 1518 Stoici
1432 1482 1583 1527 dicunt,
1617 1484 1768 1521 Omnes

391 1548 462 1585 effe
482 1547 636 1591 divites,
668 1547 737 1598 qui
764 1546 857 1584 caelo
877 1555 916 1583 et
943 1555 1040 1584 terra
1060 1546 1138 1584 frui
1160 1546 1315 1598 poffint‚
1347 1546 1474 1598 postea
1493 1548 1639 1586 videro.
1686 1550 1769 1600 Qi

391 1612 503 1649 istinc
524 1612 701 1655 veniunt,
734 1611 952 1663 superbiam
972 1621 1080 1650 tuam
1100 1612 1294 1656 accusant,
1326 1612 1431 1663 quod
1458 1623 1600 1664 negent
1621 1622 1658 1650 te
1678 1627 1767 1665 per-

391 1676 665 1715 cunctantibus
687 1676 927 1728 respondere.
975 1677 1046 1714 Sed
1076 1686 1204 1714 tamen
1235 1677 1288 1714 est
1314 1677 1419 1728 quod
1445 1678 1637 1729 gaudeas:
1670 1692 1766 1716 con-

392 1742 463 1779 stat
491 1742 596 1778 enim
631 1741 732 1778 inter
761 1754 910 1785 omnes,
944 1742 1142 1780 neminem
1178 1750 1216 1779 te
1250 1755 1329 1778 uno
1365 1743 1638 1782 Samarobriva:
1666 1744 1766 1795 juris

389 1806 615 1858 peritiorem
635 1805 720 1843 effe.

700 2007 929 2044 CICERO
961 2007 1283 2045 TREBATIO
1326 2006 1363 2045 S.
1398 2009 1450 2046 D.

394 2134 528 2172 XVII.
553 2133 618 2205 E
634 2134 671 2170 X
702 2134 778 2170 tuis
800 2133 937 2177 literis,
956 2143 993 2171 et
1015 2135 1168 2185 Qinto
1190 2134 1298 2172 fratri
1319 2137 1458 2187 gratias
1480 2137 1556 2189 egi,
1579 2146 1616 2175 et
1638 2146 1674 2175 te
1695 2137 1768 2176 ali-2

649 2197 804 2250 quando
825 2198 1042 2236 collaudare
1063 2200 1228 2251 poffum,
1260 2201 1365 2251 quod
1390 2203 1472 2253 jam
1500 2202 1639 2240 videris
1667 2212 1771 2241 certa

393 2264 522 2315 aliqua
543 2265 581 2301 in
603 2263 790 2301 sententia
809 2263 1029 2301 constitisse.
1068 2265 1172 2302 Nam
1194 2266 1412 2317 primorum
1435 2268 1626 2305 mensium
1646 2269 1768 2306 literis

394 2329 470 2366 tuis
491 2328 741 2366 vehementer
761 2329 1049 2373 commovebar,
1080 2330 1186 2380 quod
1215 2329 1315 2367 mihi
1344 2331 1542 2369 interdum
1567 2334 1678 2384 (pace
1706 2342 1771 2370 tua

393 2394 578 2444 dixerim)
597 2394 691 2432 levis
712 2394 752 2430 in
770 2393 876 2430 urbis
894 2394 1199 2446 urbanitatisque
1214 2395 1412 2441 defiderio‚
1431 2397 1628 2435 interdum
1644 2399 1768 2449 piger,

393 2459 591 2496 interdum
612 2458 774 2496 timidus
796 2459 836 2495 in
857 2459 986 2496 labore
1007 2460 1183 2505 militari,
1206 2461 1301 2512 saepe
1321 2470 1451 2499 autem
1471 2463 1602 2506 etiam,
1625 2462 1729 2513 quod
1750 2476 1771 2499 a

393 2533 431 2562 te
451 2524 715 2569 alieniffimus,
734 2534 770 2562 et
791 2524 1086 2578 subimpudens,
1104 2527 1296 2566 videbare.
1327 2529 1534 2579 Tanquam
1555 2529 1660 2565 enim
1680 2528 1770 2578 syn-

392 2590 582 2643 grapham
602 2591 648 2628 ad
668 2590 957 2642 imperatorem,
976 2606 1053 2630 non
1071 2592 1285 2644 epistolam,
1305 2593 1505 2637 attulisses,
1523 2594 1587 2638 fic,
1605 2593 1771 2645 pecunia,

479 2657 546 2694 To
559 2669 611 2695 M.
643 2656 738 2694 VII.
1438 2659 1474 2695 Y
