<?xml version="1.0" encoding="UTF-8"?>
<!DOCTYPE html PUBLIC "-//W3C//DTD XHTML 1.0 Transitional//EN"
    "http://www.w3.org/TR/xhtml1/DTD/xhtml1-transitional.dtd">
<html xmlns="http://www.w3.org/1999/xhtml" xml:lang="en" lang="en">
 <head>
  <title>
</title>
<meta http-equiv="Content-Type" content="text/html;charset=utf-8" />
  <meta name='ocr-system' content='tesseract 3.04.00' />
  <meta name='ocr-capabilities' content='ocr_page ocr_carea ocr_par ocr_line ocrx_word'/>
</head>
<body>
  <div class='ocr_page' id='page_1' title='image "./operacumindicibu07ciceuoft_0164.png"; bbox 0 0 2351 2997; ppageno 0'>
   <div class='ocr_carea' id='block_1_1' title="bbox 633 313 1658 362">
    <p class='ocr_par' dir='ltr' id='par_1_1' title="bbox 633 313 1658 362">
     <span class='ocr_line' id='line_1_1' title="bbox 633 313 1658 362; baseline 0.001 -10"><span class='ocrx_word' id='word_1_1' title='bbox 633 324 707 362; x_wconf 75' lang='lat'>144</span> <span class='ocrx_word' id='word_1_2' title='bbox 972 313 1658 353; x_wconf 78' lang='lat' dir='ltr'><strong>EPISTOLARUM</strong></span> 
     </span>
    </p>
   </div>
   <div class='ocr_carea' id='block_1_2' title="bbox 885 546 1733 586">
    <p class='ocr_par' dir='ltr' id='par_1_2' title="bbox 885 546 1733 586">
     <span class='ocr_line' id='line_1_2' title="bbox 885 546 1733 586; baseline 0.004 -3"><span class='ocrx_word' id='word_1_3' title='bbox 885 546 947 584; x_wconf 90' lang='lat' dir='ltr'>M.</span> <span class='ocrx_word' id='word_1_4' title='bbox 982 547 1209 584; x_wconf 77' lang='lat' dir='ltr'>CICERO</span> <span class='ocrx_word' id='word_1_5' title='bbox 1243 547 1567 586; x_wconf 71' lang='lat' dir='ltr'>TREBIANO</span> <span class='ocrx_word' id='word_1_6' title='bbox 1610 549 1645 585; x_wconf 84' lang='lat' dir='ltr'>S.</span> <span class='ocrx_word' id='word_1_7' title='bbox 1678 550 1733 586; x_wconf 89' lang='lat' dir='ltr'>D.</span> 
     </span>
    </p>
   </div>
   <div class='ocr_carea' id='block_1_3' title="bbox 617 672 2003 1887">
    <p class='ocr_par' dir='ltr' id='par_1_3' title="bbox 623 672 2000 744">
     <span class='ocr_line' id='line_1_3' title="bbox 623 672 2000 744; baseline 0.004 -34"><span class='ocrx_word' id='word_1_8' title='bbox 623 673 701 711; x_wconf 78' lang='lat' dir='ltr'>‘XL</span> <span class='ocrx_word' id='word_1_9' title='bbox 719 672 795 744; x_wconf 87' lang='lat' dir='ltr'>D</span> <span class='ocrx_word' id='word_1_10' title='bbox 810 673 931 711; x_wconf 78' lang='lat' dir='ltr'>OLA</span> <span class='ocrx_word' id='word_1_11' title='bbox 947 674 1212 711; x_wconf 85' lang='lat' dir='ltr'><strong>BELLAM</strong></span> <span class='ocrx_word' id='word_1_12' title='bbox 1241 684 1350 712; x_wconf 84' lang='lat' dir='ltr'>antea</span> <span class='ocrx_word' id='word_1_13' title='bbox 1372 676 1645 714; x_wconf 80' lang='lat' dir='ltr'>tantummodo</span> <span class='ocrx_word' id='word_1_14' title='bbox 1666 675 1903 727; x_wconf 70' lang='lat' dir='ltr'>diligebam5</span> <span class='ocrx_word' id='word_1_15' title='bbox 1927 677 2000 715; x_wconf 88' lang='lat' dir='ltr'>ob-</span> 
     </span>
    </p>

    <p class='ocr_par' dir='ltr' id='par_1_4' title="bbox 617 738 2003 1887">
     <span class='ocr_line' id='line_1_4' title="bbox 828 738 2001 794; baseline 0.003 -19"><span class='ocrx_word' id='word_1_16' title='bbox 828 738 968 790; x_wconf 76' lang='lat' dir='ltr'>ligatus</span> <span class='ocrx_word' id='word_1_17' title='bbox 990 739 1024 776; x_wconf 92' lang='lat' dir='ltr'>ei</span> <span class='ocrx_word' id='word_1_18' title='bbox 1046 738 1146 776; x_wconf 84' lang='lat' dir='ltr'>nihil</span> <span class='ocrx_word' id='word_1_19' title='bbox 1168 753 1297 784; x_wconf 69' lang='lat' dir='ltr'>eram5</span> <span class='ocrx_word' id='word_1_20' title='bbox 1332 753 1401 776; x_wconf 83' lang='lat' dir='ltr'>nee</span> <span class='ocrx_word' id='word_1_21' title='bbox 1429 741 1534 778; x_wconf 90' lang='lat' dir='ltr'>enim</span> <span class='ocrx_word' id='word_1_22' title='bbox 1561 741 1751 778; x_wconf 80' lang='lat' dir='ltr'>acciderat</span> <span class='ocrx_word' id='word_1_23' title='bbox 1778 740 1879 778; x_wconf 89' lang='lat' dir='ltr'>mihi</span> <span class='ocrx_word' id='word_1_24' title='bbox 1904 755 2001 794; x_wconf 88' lang='lat' dir='ltr'>opus</span> 
     </span>
     <span class='ocr_line' id='line_1_5' title="bbox 625 803 1999 858; baseline 0.003 -18"><span class='ocrx_word' id='word_1_25' title='bbox 625 803 710 848; x_wconf 85' lang='lat' dir='ltr'>effe,</span> <span class='ocrx_word' id='word_1_26' title='bbox 743 813 780 841; x_wconf 86' lang='lat' dir='ltr'>et</span> <span class='ocrx_word' id='word_1_27' title='bbox 813 804 879 841; x_wconf 86' lang='lat' dir='ltr'>ille</span> <span class='ocrx_word' id='word_1_28' title='bbox 910 803 1010 842; x_wconf 83' lang='lat' dir='ltr'>mihi</span> <span class='ocrx_word' id='word_1_29' title='bbox 1043 804 1219 848; x_wconf 79' lang='lat' dir='ltr'>debebat,</span> <span class='ocrx_word' id='word_1_30' title='bbox 1252 806 1356 857; x_wconf 89' lang='lat' dir='ltr'>quod</span> <span class='ocrx_word' id='word_1_31' title='bbox 1378 819 1456 842; x_wconf 87' lang='lat' dir='ltr'>non</span> <span class='ocrx_word' id='word_1_32' title='bbox 1478 805 1674 843; x_wconf 80' lang='lat' dir='ltr'>defueram</span> <span class='ocrx_word' id='word_1_33' title='bbox 1696 808 1777 857; x_wconf 83' lang='lat' dir='ltr'>ejus</span> <span class='ocrx_word' id='word_1_34' title='bbox 1799 807 1999 858; x_wconf 81' lang='lat' dir='ltr'>periculis.</span> 
     </span>
     <span class='ocr_line' id='line_1_6' title="bbox 626 869 2000 923; baseline 0.002 -17"><span class='ocrx_word' id='word_1_35' title='bbox 626 870 748 907; x_wconf 86' lang='lat' dir='ltr'>Nunc</span> <span class='ocrx_word' id='word_1_36' title='bbox 770 878 877 906; x_wconf 76' lang='lat' dir='ltr'>tanto</span> <span class='ocrx_word' id='word_1_37' title='bbox 900 869 982 906; x_wconf 90' lang='lat' dir='ltr'>sum</span> <span class='ocrx_word' id='word_1_38' title='bbox 1004 870 1204 907; x_wconf 66' lang='lat' dir='ltr'>devine&#39;tus</span> <span class='ocrx_word' id='word_1_39' title='bbox 1225 872 1306 922; x_wconf 84' lang='lat' dir='ltr'>ejus</span> <span class='ocrx_word' id='word_1_40' title='bbox 1329 871 1533 915; x_wconf 87' lang='lat' dir='ltr'>beneficio,</span> <span class='ocrx_word' id='word_1_41' title='bbox 1566 871 1671 923; x_wconf 86' lang='lat' dir='ltr'>quod</span> <span class='ocrx_word' id='word_1_42' title='bbox 1692 880 1729 908; x_wconf 86' lang='lat' dir='ltr'>et</span> <span class='ocrx_word' id='word_1_43' title='bbox 1756 881 1865 908; x_wconf 83' lang='lat' dir='ltr'>antea</span> <span class='ocrx_word' id='word_1_44' title='bbox 1884 873 1924 909; x_wconf 86' lang='lat' dir='ltr'>in</span> <span class='ocrx_word' id='word_1_45' title='bbox 1947 885 2000 916; x_wconf 88' lang='lat' dir='ltr'>re,</span> 
     </span>
     <span class='ocr_line' id='line_1_7' title="bbox 624 933 2003 986; baseline 0.002 -15"><span class='ocrx_word' id='word_1_46' title='bbox 624 944 662 971; x_wconf 92' lang='lat' dir='ltr'>et</span> <span class='ocrx_word' id='word_1_47' title='bbox 683 933 758 971; x_wconf 86' lang='lat' dir='ltr'>hoc</span> <span class='ocrx_word' id='word_1_48' title='bbox 781 944 953 986; x_wconf 87' lang='lat' dir='ltr'>tempore</span> <span class='ocrx_word' id='word_1_49' title='bbox 974 935 1013 971; x_wconf 89' lang='lat' dir='ltr'>in</span> <span class='ocrx_word' id='word_1_50' title='bbox 1036 935 1154 972; x_wconf 72' lang='lat' dir='ltr'>salute</span> <span class='ocrx_word' id='word_1_51' title='bbox 1176 944 1253 979; x_wconf 80' lang='lat' dir='ltr'>tua,</span> <span class='ocrx_word' id='word_1_52' title='bbox 1286 936 1585 974; x_wconf 70' lang='lat' dir='ltr'>cumulatissime</span> <span class='ocrx_word' id='word_1_53' title='bbox 1607 935 1706 973; x_wconf 85' lang='lat' dir='ltr'>mihi</span> <span class='ocrx_word' id='word_1_54' title='bbox 1728 935 1927 981; x_wconf 78' lang='lat' dir='ltr'>satisfecit,</span> <span class='ocrx_word' id='word_1_55' title='bbox 1958 945 2003 974; x_wconf 87' lang='lat' dir='ltr'>ut</span> 
     </span>
     <span class='ocr_line' id='line_1_8' title="bbox 624 1000 2002 1053; baseline 0.002 -17"><span class='ocrx_word' id='word_1_56' title='bbox 624 1000 773 1036; x_wconf 80' lang='lat' dir='ltr'>nemini</span> <span class='ocrx_word' id='word_1_57' title='bbox 791 1000 879 1051; x_wconf 87' lang='lat' dir='ltr'>plus</span> <span class='ocrx_word' id='word_1_58' title='bbox 896 1000 1070 1038; x_wconf 80' lang='lat' dir='ltr'><strong>debeam.</strong></span> <span class='ocrx_word' id='word_1_59' title='bbox 1096 1001 1185 1051; x_wconf 85' lang='lat' dir='ltr'>Qa</span> <span class='ocrx_word' id='word_1_60' title='bbox 1200 1001 1239 1037; x_wconf 87' lang='lat' dir='ltr'>in</span> <span class='ocrx_word' id='word_1_61' title='bbox 1263 1015 1300 1038; x_wconf 78' lang='lat' dir='ltr'>re</span> <span class='ocrx_word' id='word_1_62' title='bbox 1322 1001 1394 1038; x_wconf 86' lang='lat' dir='ltr'>tibi</span> <span class='ocrx_word' id='word_1_63' title='bbox 1415 1002 1589 1053; x_wconf 73' lang='lat' dir='ltr'>gratulor</span> <span class='ocrx_word' id='word_1_64' title='bbox 1609 1003 1662 1038; x_wconf 78' lang='lat' dir='ltr'>ita</span> <span class='ocrx_word' id='word_1_65' title='bbox 1679 1000 1940 1045; x_wconf 82' lang='lat' dir='ltr'>vehementer,</span> <span class='ocrx_word' id='word_1_66' title='bbox 1958 1010 2002 1039; x_wconf 90' lang='lat' dir='ltr'>ut</span> 
     </span>
     <span class='ocr_line' id='line_1_9' title="bbox 625 1064 2003 1118; baseline 0.001 -17"><span class='ocrx_word' id='word_1_67' title='bbox 625 1074 662 1101; x_wconf 86' lang='lat' dir='ltr'>te</span> <span class='ocrx_word' id='word_1_68' title='bbox 683 1078 840 1117; x_wconf 85' lang='lat' dir='ltr'>quoque</span> <span class='ocrx_word' id='word_1_69' title='bbox 860 1064 961 1102; x_wconf 84' lang='lat' dir='ltr'>mihi</span> <span class='ocrx_word' id='word_1_70' title='bbox 982 1065 1180 1116; x_wconf 80' lang='lat' dir='ltr'>gratulari,</span> <span class='ocrx_word' id='word_1_71' title='bbox 1203 1079 1319 1116; x_wconf 79' lang='lat' dir='ltr'>quam</span> <span class='ocrx_word' id='word_1_72' title='bbox 1341 1067 1479 1117; x_wconf 77' lang='lat' dir='ltr'>gratias</span> <span class='ocrx_word' id='word_1_73' title='bbox 1501 1080 1624 1118; x_wconf 83' lang='lat' dir='ltr'>agere,</span> <span class='ocrx_word' id='word_1_74' title='bbox 1648 1066 1803 1103; x_wconf 75' lang='lat' dir='ltr'>malim:</span> <span class='ocrx_word' id='word_1_75' title='bbox 1836 1066 2003 1104; x_wconf 80' lang='lat' dir='ltr'>alterum</span> 
     </span>
     <span class='ocr_line' id='line_1_10' title="bbox 624 1129 2001 1183; baseline 0.002 -18"><span class='ocrx_word' id='word_1_76' title='bbox 624 1130 787 1166; x_wconf 89' lang='lat' dir='ltr'>omnino</span> <span class='ocrx_word' id='word_1_77' title='bbox 808 1143 887 1166; x_wconf 91' lang='lat' dir='ltr'>non</span> <span class='ocrx_word' id='word_1_78' title='bbox 909 1129 1091 1173; x_wconf 78' lang='lat' dir='ltr'>desidem,</span> <span class='ocrx_word' id='word_1_79' title='bbox 1124 1131 1289 1168; x_wconf 82' lang='lat' dir='ltr'>alterum</span> <span class='ocrx_word' id='word_1_80' title='bbox 1310 1144 1396 1167; x_wconf 85' lang='lat' dir='ltr'>vere</span> <span class='ocrx_word' id='word_1_81' title='bbox 1418 1130 1540 1168; x_wconf 79' lang='lat' dir='ltr'>facere</span> <span class='ocrx_word' id='word_1_82' title='bbox 1561 1132 1720 1183; x_wconf 81' lang='lat' dir='ltr'>poteris,</span> <span class='ocrx_word' id='word_1_83' title='bbox 1767 1131 1887 1181; x_wconf 85' lang='lat' dir='ltr'>Qod</span> <span class='ocrx_word' id='word_1_84' title='bbox 1909 1131 2001 1168; x_wconf 87' lang='lat' dir='ltr'>reli-</span> 
     </span>
     <span class='ocr_line' id='line_1_11' title="bbox 622 1195 2001 1248; baseline 0.002 -17"><span class='ocrx_word' id='word_1_85' title='bbox 622 1208 746 1246; x_wconf 88' lang='lat' dir='ltr'>quum</span> <span class='ocrx_word' id='word_1_86' title='bbox 778 1195 844 1239; x_wconf 90' lang='lat' dir='ltr'>est,</span> <span class='ocrx_word' id='word_1_87' title='bbox 877 1195 1031 1246; x_wconf 80' lang='lat' dir='ltr'>quando</span> <span class='ocrx_word' id='word_1_88' title='bbox 1064 1195 1137 1233; x_wconf 90' lang='lat' dir='ltr'>tibi</span> <span class='ocrx_word' id='word_1_89' title='bbox 1164 1197 1286 1233; x_wconf 80' lang='lat' dir='ltr'>virtus</span> <span class='ocrx_word' id='word_1_90' title='bbox 1314 1205 1351 1233; x_wconf 91' lang='lat' dir='ltr'>et</span> <span class='ocrx_word' id='word_1_91' title='bbox 1379 1196 1546 1248; x_wconf 80' lang='lat' dir='ltr'>dignitas</span> <span class='ocrx_word' id='word_1_92' title='bbox 1570 1206 1634 1233; x_wconf 79' lang='lat' dir='ltr'>tua</span> <span class='ocrx_word' id='word_1_93' title='bbox 1655 1196 1826 1234; x_wconf 86' lang='lat' dir='ltr'>reditum</span> <span class='ocrx_word' id='word_1_94' title='bbox 1846 1197 1892 1234; x_wconf 86' lang='lat' dir='ltr'>ad</span> <span class='ocrx_word' id='word_1_95' title='bbox 1915 1206 2001 1234; x_wconf 86' lang='lat' dir='ltr'>tuos</span> 
     </span>
     <span class='ocr_line' id='line_1_12' title="bbox 622 1260 2000 1314; baseline 0.001 -17"><span class='ocrx_word' id='word_1_96' title='bbox 622 1261 786 1312; x_wconf 81' lang='lat' dir='ltr'>aperuit,</span> <span class='ocrx_word' id='word_1_97' title='bbox 805 1260 856 1297; x_wconf 88' lang='lat' dir='ltr'>est</span> <span class='ocrx_word' id='word_1_98' title='bbox 877 1270 949 1298; x_wconf 82' lang='lat' dir='ltr'>tuae</span> <span class='ocrx_word' id='word_1_99' title='bbox 971 1261 1164 1313; x_wconf 78' lang='lat' dir='ltr'>sapientiae</span> <span class='ocrx_word' id='word_1_100' title='bbox 1181 1262 1540 1314; x_wconf 80' lang='lat' dir='ltr'>magnitudinisque</span> <span class='ocrx_word' id='word_1_101' title='bbox 1561 1263 1697 1306; x_wconf 83' lang='lat' dir='ltr'>animi,</span> <span class='ocrx_word' id='word_1_102' title='bbox 1715 1261 1810 1314; x_wconf 87' lang='lat' dir='ltr'>quid</span> <span class='ocrx_word' id='word_1_103' title='bbox 1830 1262 2000 1300; x_wconf 78' lang='lat' dir='ltr'>amiseris</span> 
     </span>
     <span class='ocr_line' id='line_1_13' title="bbox 623 1326 1999 1379; baseline 0.002 -17"><span class='ocrx_word' id='word_1_104' title='bbox 623 1326 817 1370; x_wconf 84' lang='lat' dir='ltr'>oblivisci,</span> <span class='ocrx_word' id='word_1_105' title='bbox 840 1326 936 1377; x_wconf 88' lang='lat' dir='ltr'>quid</span> <span class='ocrx_word' id='word_1_106' title='bbox 957 1328 1190 1379; x_wconf 75' lang='lat' dir='ltr'>recuperatis</span> <span class='ocrx_word' id='word_1_107' title='bbox 1213 1328 1396 1379; x_wconf 87' lang='lat' dir='ltr'>cogitare.</span> <span class='ocrx_word' id='word_1_108' title='bbox 1431 1329 1547 1365; x_wconf 85' lang='lat' dir='ltr'>Vives</span> <span class='ocrx_word' id='word_1_109' title='bbox 1569 1341 1660 1365; x_wconf 87' lang='lat' dir='ltr'>cum</span> <span class='ocrx_word' id='word_1_110' title='bbox 1682 1328 1775 1373; x_wconf 86' lang='lat' dir='ltr'>tuis,</span> <span class='ocrx_word' id='word_1_111' title='bbox 1800 1328 1904 1365; x_wconf 87' lang='lat' dir='ltr'>vives</span> <span class='ocrx_word' id='word_1_112' title='bbox 1927 1341 1999 1365; x_wconf 94' lang='lat' dir='ltr'>no-</span> 
     </span>
     <span class='ocr_line' id='line_1_14' title="bbox 622 1391 1998 1446; baseline 0.001 -17"><span class='ocrx_word' id='word_1_113' title='bbox 622 1392 790 1429; x_wconf 87' lang='lat' dir='ltr'>biscum.</span> <span class='ocrx_word' id='word_1_114' title='bbox 823 1391 916 1429; x_wconf 92' lang='lat' dir='ltr'>Plus</span> <span class='ocrx_word' id='word_1_115' title='bbox 938 1392 1130 1444; x_wconf 86' lang='lat' dir='ltr'>acquifisti</span> <span class='ocrx_word' id='word_1_116' title='bbox 1151 1392 1368 1445; x_wconf 86' lang='lat' dir='ltr'>dignitatis,</span> <span class='ocrx_word' id='word_1_117' title='bbox 1387 1407 1505 1446; x_wconf 88' lang='lat' dir='ltr'>quam</span> <span class='ocrx_word' id='word_1_118' title='bbox 1525 1393 1679 1431; x_wconf 84' lang='lat' dir='ltr'>amifisti</span> <span class='ocrx_word' id='word_1_119' title='bbox 1699 1393 1755 1430; x_wconf 90' lang='lat' dir='ltr'>rei</span> <span class='ocrx_word' id='word_1_120' title='bbox 1774 1392 1998 1431; x_wconf 81' lang='lat' dir='ltr'>familiaris:</span> 
     </span>
     <span class='ocr_line' id='line_1_15' title="bbox 622 1456 2000 1511; baseline 0.001 -17"><span class='ocrx_word' id='word_1_121' title='bbox 622 1472 708 1509; x_wconf 83' lang='lat' dir='ltr'>quae</span> <span class='ocrx_word' id='word_1_122' title='bbox 728 1456 808 1508; x_wconf 89' lang='lat' dir='ltr'>ipsa</span> <span class='ocrx_word' id='word_1_123' title='bbox 825 1466 911 1494; x_wconf 87' lang='lat' dir='ltr'>tum</span> <span class='ocrx_word' id='word_1_124' title='bbox 927 1457 1016 1494; x_wconf 83' lang='lat' dir='ltr'>effet</span> <span class='ocrx_word' id='word_1_125' title='bbox 1030 1458 1258 1509; x_wconf 85' lang='lat' dir='ltr'>jucundior,</span> <span class='ocrx_word' id='word_1_126' title='bbox 1278 1459 1303 1496; x_wconf 88' lang='lat' dir='ltr'>s1</span> <span class='ocrx_word' id='word_1_127' title='bbox 1321 1459 1400 1496; x_wconf 81' lang='lat' dir='ltr'>ulla</span> <span class='ocrx_word' id='word_1_128' title='bbox 1421 1472 1477 1496; x_wconf 88' lang='lat' dir='ltr'>res</span> <span class='ocrx_word' id='word_1_129' title='bbox 1495 1459 1583 1496; x_wconf 86' lang='lat' dir='ltr'>effet</span> <span class='ocrx_word' id='word_1_130' title='bbox 1603 1459 1776 1511; x_wconf 79' lang='lat' dir='ltr'>publica.</span> <span class='ocrx_word' id='word_1_131' title='bbox 1801 1458 2000 1496; x_wconf 83' lang='lat' dir='ltr'>Vestorius</span> 
     </span>
     <span class='ocr_line' id='line_1_16' title="bbox 622 1521 1998 1575; baseline 0.003 -17"><span class='ocrx_word' id='word_1_132' title='bbox 622 1522 747 1559; x_wconf 87' lang='lat' dir='ltr'>noster</span> <span class='ocrx_word' id='word_1_133' title='bbox 768 1521 970 1559; x_wconf 81' lang='lat' dir='ltr'>familiaris</span> <span class='ocrx_word' id='word_1_134' title='bbox 991 1523 1037 1559; x_wconf 85' lang='lat' dir='ltr'>ad</span> <span class='ocrx_word' id='word_1_135' title='bbox 1058 1537 1120 1560; x_wconf 87' lang='lat' dir='ltr'>me</span> <span class='ocrx_word' id='word_1_136' title='bbox 1141 1523 1302 1575; x_wconf 72' lang='lat' dir='ltr'>scripsit,</span> <span class='ocrx_word' id='word_1_137' title='bbox 1326 1532 1362 1561; x_wconf 89' lang='lat' dir='ltr'>te</span> <span class='ocrx_word' id='word_1_138' title='bbox 1383 1523 1483 1561; x_wconf 91' lang='lat' dir='ltr'>mihi</span> <span class='ocrx_word' id='word_1_139' title='bbox 1505 1525 1693 1562; x_wconf 84' lang='lat' dir='ltr'>maximas</span> <span class='ocrx_word' id='word_1_140' title='bbox 1714 1524 1853 1575; x_wconf 82' lang='lat' dir='ltr'>gratias</span> <span class='ocrx_word' id='word_1_141' title='bbox 1874 1537 1998 1575; x_wconf 87' lang='lat' dir='ltr'>agere.</span> 
     </span>
     <span class='ocr_line' id='line_1_17' title="bbox 624 1588 2002 1640; baseline 0.001 -15"><span class='ocrx_word' id='word_1_142' title='bbox 624 1588 722 1626; x_wconf 85' lang='lat' dir='ltr'>Haec</span> <span class='ocrx_word' id='word_1_143' title='bbox 742 1588 964 1639; x_wconf 66' lang='lat' dir='ltr'>praedicatio</span> <span class='ocrx_word' id='word_1_144' title='bbox 986 1597 1051 1626; x_wconf 89' lang='lat' dir='ltr'>tua</span> <span class='ocrx_word' id='word_1_145' title='bbox 1079 1588 1181 1626; x_wconf 87' lang='lat' dir='ltr'>mihi</span> <span class='ocrx_word' id='word_1_146' title='bbox 1211 1589 1319 1626; x_wconf 86' lang='lat' dir='ltr'>valde</span> <span class='ocrx_word' id='word_1_147' title='bbox 1348 1599 1455 1640; x_wconf 86' lang='lat' dir='ltr'>grata</span> <span class='ocrx_word' id='word_1_148' title='bbox 1484 1589 1551 1634; x_wconf 86' lang='lat' dir='ltr'>est,</span> <span class='ocrx_word' id='word_1_149' title='bbox 1582 1603 1702 1640; x_wconf 87' lang='lat' dir='ltr'>eaque</span> <span class='ocrx_word' id='word_1_150' title='bbox 1729 1599 1768 1626; x_wconf 90' lang='lat' dir='ltr'>te</span> <span class='ocrx_word' id='word_1_151' title='bbox 1798 1590 1856 1626; x_wconf 89' lang='lat' dir='ltr'>uti</span> <span class='ocrx_word' id='word_1_152' title='bbox 1886 1588 2002 1627; x_wconf 88' lang='lat' dir='ltr'>facile</span> 
     </span>
     <span class='ocr_line' id='line_1_18' title="bbox 622 1653 1999 1707; baseline 0.001 -18"><span class='ocrx_word' id='word_1_153' title='bbox 622 1653 761 1704; x_wconf 82' lang='lat' dir='ltr'>patior,</span> <span class='ocrx_word' id='word_1_154' title='bbox 793 1667 885 1690; x_wconf 88' lang='lat' dir='ltr'>cum</span> <span class='ocrx_word' id='word_1_155' title='bbox 906 1653 1008 1705; x_wconf 87' lang='lat' dir='ltr'>apud</span> <span class='ocrx_word' id='word_1_156' title='bbox 1033 1654 1142 1699; x_wconf 84' lang='lat' dir='ltr'>alios,</span> <span class='ocrx_word' id='word_1_157' title='bbox 1175 1664 1261 1692; x_wconf 87' lang='lat' dir='ltr'>turn</span> <span class='ocrx_word' id='word_1_158' title='bbox 1290 1654 1514 1693; x_wconf 87' lang='lat' dir='ltr'><strong>mehercule</strong></span> <span class='ocrx_word' id='word_1_159' title='bbox 1543 1654 1645 1707; x_wconf 89' lang='lat' dir='ltr'>apud</span> <span class='ocrx_word' id='word_1_160' title='bbox 1676 1655 1877 1705; x_wconf 87' lang='lat' dir='ltr'>Syronem,</span> <span class='ocrx_word' id='word_1_161' title='bbox 1909 1654 1999 1692; x_wconf 88' lang='lat' dir='ltr'>nos-</span> 
     </span>
     <span class='ocr_line' id='line_1_19' title="bbox 620 1719 2000 1772; baseline 0.001 -17"><span class='ocrx_word' id='word_1_162' title='bbox 620 1727 727 1755; x_wconf 89' lang='lat' dir='ltr'>trum</span> <span class='ocrx_word' id='word_1_163' title='bbox 757 1719 956 1756; x_wconf 85' lang='lat' dir='ltr'>amicum:</span> <span class='ocrx_word' id='word_1_164' title='bbox 990 1733 1075 1771; x_wconf 85' lang='lat' dir='ltr'>quae</span> <span class='ocrx_word' id='word_1_165' title='bbox 1106 1721 1212 1757; x_wconf 89' lang='lat' dir='ltr'>enim</span> <span class='ocrx_word' id='word_1_166' title='bbox 1245 1719 1426 1765; x_wconf 82' lang='lat' dir='ltr'>facimus,</span> <span class='ocrx_word' id='word_1_167' title='bbox 1458 1734 1501 1758; x_wconf 90' lang='lat' dir='ltr'>ea</span> <span class='ocrx_word' id='word_1_168' title='bbox 1533 1719 1828 1772; x_wconf 85' lang='lat' dir='ltr'>prudentiffimo</span> <span class='ocrx_word' id='word_1_169' title='bbox 1857 1720 2000 1772; x_wconf 90' lang='lat' dir='ltr'>cuique</span> 
     </span>
     <span class='ocr_line' id='line_1_20' title="bbox 621 1784 1998 1839; baseline 0.002 -19"><span class='ocrx_word' id='word_1_170' title='bbox 621 1784 792 1821; x_wconf 84' lang='lat' dir='ltr'>maxime</span> <span class='ocrx_word' id='word_1_171' title='bbox 823 1784 985 1836; x_wconf 86' lang='lat' dir='ltr'>probata</span> <span class='ocrx_word' id='word_1_172' title='bbox 1017 1784 1088 1823; x_wconf 84' lang='lat' dir='ltr'>effe</span> <span class='ocrx_word' id='word_1_173' title='bbox 1119 1785 1317 1824; x_wconf 86' lang='lat' dir='ltr'>volumus.</span> <span class='ocrx_word' id='word_1_174' title='bbox 1364 1787 1425 1825; x_wconf 83' lang='lat' dir='ltr'>Te</span> <span class='ocrx_word' id='word_1_175' title='bbox 1456 1786 1574 1838; x_wconf 86' lang='lat' dir='ltr'>cupio</span> <span class='ocrx_word' id='word_1_176' title='bbox 1605 1785 1734 1824; x_wconf 85' lang='lat' dir='ltr'>videre</span> <span class='ocrx_word' id='word_1_177' title='bbox 1765 1797 1884 1839; x_wconf 87' lang='lat' dir='ltr'>quam</span> <span class='ocrx_word' id='word_1_178' title='bbox 1913 1785 1998 1838; x_wconf 79' lang='lat' dir='ltr'>pri-</span> 
     </span>
     <span class='ocr_line' id='line_1_21' title="bbox 617 1848 890 1887; baseline 0 0"><span class='ocrx_word' id='word_1_179' title='bbox 617 1862 747 1887; x_wconf 86' lang='lat' dir='ltr'>mum.</span> <span class='ocrx_word' id='word_1_180' title='bbox 780 1848 890 1887; x_wconf 80' lang='lat' dir='ltr'>Vale.</span> 
     </span>
    </p>
   </div>
   <div class='ocr_carea' id='block_1_4' title="bbox 897 2050 1720 2089">
    <p class='ocr_par' dir='ltr' id='par_1_5' title="bbox 897 2050 1720 2089">
     <span class='ocr_line' id='line_1_22' title="bbox 897 2050 1720 2089; baseline 0.001 -2"><span class='ocrx_word' id='word_1_181' title='bbox 897 2050 962 2088; x_wconf 89' lang='lat' dir='ltr'>M.</span> <span class='ocrx_word' id='word_1_182' title='bbox 997 2051 1049 2089; x_wconf 91' lang='lat' dir='ltr'>T.</span> <span class='ocrx_word' id='word_1_183' title='bbox 1084 2051 1312 2089; x_wconf 78' lang='lat' dir='ltr'>C1CERO</span> <span class='ocrx_word' id='word_1_184' title='bbox 1354 2052 1553 2089; x_wconf 84' lang='lat' dir='ltr'><strong>AMPIO</strong></span> <span class='ocrx_word' id='word_1_185' title='bbox 1595 2051 1632 2088; x_wconf 91' lang='lat' dir='ltr'>S.</span> <span class='ocrx_word' id='word_1_186' title='bbox 1665 2051 1720 2088; x_wconf 81' lang='lat' dir='ltr'>D.</span> 
     </span>
    </p>
   </div>
   <div class='ocr_carea' id='block_1_5' title="bbox 619 2176 1997 2623">
    <p class='ocr_par' dir='ltr' id='par_1_6' title="bbox 619 2176 1997 2623">
     <span class='ocr_line' id='line_1_23' title="bbox 622 2176 1997 2249; baseline -0.001 -33"><span class='ocrx_word' id='word_1_187' title='bbox 622 2179 715 2216; x_wconf 87' lang='lat' dir='ltr'>XII.</span> <span class='ocrx_word' id='word_1_188' title='bbox 739 2176 814 2249; x_wconf 83' lang='lat' dir='ltr'>G</span> <span class='ocrx_word' id='word_1_189' title='bbox 829 2179 1139 2216; x_wconf 88' lang='lat' dir='ltr'><strong>RATULOR</strong></span> <span class='ocrx_word' id='word_1_190' title='bbox 1170 2179 1258 2223; x_wconf 90' lang='lat' dir='ltr'>tibi,</span> <span class='ocrx_word' id='word_1_191' title='bbox 1281 2179 1336 2216; x_wconf 86' lang='lat' dir='ltr'>mi</span> <span class='ocrx_word' id='word_1_192' title='bbox 1359 2179 1491 2224; x_wconf 84' lang='lat' dir='ltr'>Balbe,</span> <span class='ocrx_word' id='word_1_193' title='bbox 1514 2191 1678 2230; x_wconf 89' lang='lat' dir='ltr'>vereque</span> <span class='ocrx_word' id='word_1_194' title='bbox 1699 2177 1896 2229; x_wconf 86' lang='lat' dir='ltr'>gratulor:</span> <span class='ocrx_word' id='word_1_195' title='bbox 1927 2191 1997 2216; x_wconf 90' lang='lat' dir='ltr'>nec</span> 
     </span>
     <span class='ocr_line' id='line_1_24' title="bbox 626 2242 1995 2295; baseline -0.001 -14"><span class='ocrx_word' id='word_1_196' title='bbox 626 2248 631 2252; x_wconf 93' lang='grc'><strong>’</strong></span> <span class='ocrx_word' id='word_1_197' title='bbox 846 2244 929 2281; x_wconf 87' lang='lat' dir='ltr'>sum</span> <span class='ocrx_word' id='word_1_198' title='bbox 951 2252 1030 2281; x_wconf 83' lang='lat' dir='ltr'>tam</span> <span class='ocrx_word' id='word_1_199' title='bbox 1053 2244 1206 2289; x_wconf 86' lang='lat' dir='ltr'>stultus,</span> <span class='ocrx_word' id='word_1_200' title='bbox 1239 2253 1282 2282; x_wconf 86' lang='lat' dir='ltr'>ut</span> <span class='ocrx_word' id='word_1_201' title='bbox 1304 2253 1341 2282; x_wconf 88' lang='lat' dir='ltr'>te</span> <span class='ocrx_word' id='word_1_202' title='bbox 1361 2244 1473 2283; x_wconf 86' lang='lat' dir='ltr'>usura</span> <span class='ocrx_word' id='word_1_203' title='bbox 1491 2244 1573 2282; x_wconf 86' lang='lat' dir='ltr'>falfi</span> <span class='ocrx_word' id='word_1_204' title='bbox 1600 2243 1732 2295; x_wconf 87' lang='lat' dir='ltr'>gaudii</span> <span class='ocrx_word' id='word_1_205' title='bbox 1758 2242 1837 2280; x_wconf 88' lang='lat' dir='ltr'>frui</span> <span class='ocrx_word' id='word_1_206' title='bbox 1861 2244 1995 2288; x_wconf 87' lang='lat' dir='ltr'>velim,</span> 
     </span>
     <span class='ocr_line' id='line_1_25' title="bbox 621 2308 1996 2362; baseline -0.001 -16"><span class='ocrx_word' id='word_1_207' title='bbox 621 2308 760 2346; x_wconf 85' lang='lat' dir='ltr'>deinde</span> <span class='ocrx_word' id='word_1_208' title='bbox 781 2308 908 2361; x_wconf 83' lang='lat' dir='ltr'>frangi</span> <span class='ocrx_word' id='word_1_209' title='bbox 929 2318 1099 2362; x_wconf 90' lang='lat' dir='ltr'>repente,</span> <span class='ocrx_word' id='word_1_210' title='bbox 1122 2318 1237 2362; x_wconf 80' lang='lat' dir='ltr'>atque</span> <span class='ocrx_word' id='word_1_211' title='bbox 1258 2310 1312 2347; x_wconf 81' lang='lat' dir='ltr'>ita</span> <span class='ocrx_word' id='word_1_212' title='bbox 1331 2310 1478 2355; x_wconf 82' lang='lat' dir='ltr'>cadere,</span> <span class='ocrx_word' id='word_1_213' title='bbox 1498 2319 1541 2347; x_wconf 89' lang='lat' dir='ltr'>ut</span> <span class='ocrx_word' id='word_1_214' title='bbox 1562 2309 1670 2347; x_wconf 84' lang='lat' dir='ltr'>nulla</span> <span class='ocrx_word' id='word_1_215' title='bbox 1689 2322 1746 2346; x_wconf 86' lang='lat' dir='ltr'>res</span> <span class='ocrx_word' id='word_1_216' title='bbox 1767 2308 1813 2345; x_wconf 82' lang='lat' dir='ltr'>ad</span> <span class='ocrx_word' id='word_1_217' title='bbox 1834 2309 1996 2360; x_wconf 80' lang='lat' dir='ltr'>aequita-</span> 
     </span>
     <span class='ocr_line' id='line_1_26' title="bbox 620 2373 1995 2427; baseline -0.001 -16"><span class='ocrx_word' id='word_1_218' title='bbox 620 2383 701 2412; x_wconf 88' lang='lat' dir='ltr'>tem</span> <span class='ocrx_word' id='word_1_219' title='bbox 722 2383 759 2412; x_wconf 92' lang='lat' dir='ltr'>te</span> <span class='ocrx_word' id='word_1_220' title='bbox 779 2374 899 2411; x_wconf 81' lang='lat' dir='ltr'>animi</span> <span class='ocrx_word' id='word_1_221' title='bbox 921 2374 1032 2425; x_wconf 87' lang='lat' dir='ltr'>pofiit</span> <span class='ocrx_word' id='word_1_222' title='bbox 1052 2374 1180 2426; x_wconf 83' lang='lat' dir='ltr'>postea</span> <span class='ocrx_word' id='word_1_223' title='bbox 1195 2374 1395 2413; x_wconf 82' lang='lat' dir='ltr'>extollere.</span> <span class='ocrx_word' id='word_1_224' title='bbox 1420 2376 1496 2427; x_wconf 90' lang='lat' dir='ltr'>Egi</span> <span class='ocrx_word' id='word_1_225' title='bbox 1517 2384 1625 2411; x_wconf 85' lang='lat' dir='ltr'>tuam</span> <span class='ocrx_word' id='word_1_226' title='bbox 1641 2373 1793 2411; x_wconf 80' lang='lat' dir='ltr'>causam</span> <span class='ocrx_word' id='word_1_227' title='bbox 1810 2374 1995 2425; x_wconf 85' lang='lat' dir='ltr'>apertius,</span> 
     </span>
     <span class='ocr_line' id='line_1_27' title="bbox 619 2438 1996 2491; baseline -0.002 -14"><span class='ocrx_word' id='word_1_228' title='bbox 619 2453 739 2491; x_wconf 81' lang='lat' dir='ltr'>quam</span> <span class='ocrx_word' id='word_1_229' title='bbox 759 2453 843 2477; x_wconf 81' lang='lat' dir='ltr'>mea</span> <span class='ocrx_word' id='word_1_230' title='bbox 863 2448 1038 2491; x_wconf 81' lang='lat' dir='ltr'>tempora</span> <span class='ocrx_word' id='word_1_231' title='bbox 1058 2439 1247 2478; x_wconf 79' lang='lat' dir='ltr'>ferebant.</span> <span class='ocrx_word' id='word_1_232' title='bbox 1272 2440 1513 2477; x_wconf 82' lang='lat' dir='ltr'>Vincebatur</span> <span class='ocrx_word' id='word_1_233' title='bbox 1528 2440 1635 2477; x_wconf 86' lang='lat' dir='ltr'>enim</span> <span class='ocrx_word' id='word_1_234' title='bbox 1656 2438 1813 2476; x_wconf 86' lang='lat' dir='ltr'>fortuna</span> <span class='ocrx_word' id='word_1_235' title='bbox 1833 2438 1911 2490; x_wconf 89' lang='lat' dir='ltr'>ipsa</span> <span class='ocrx_word' id='word_1_236' title='bbox 1927 2438 1996 2475; x_wconf 89' lang='lat' dir='ltr'>de-</span> 
     </span>
     <span class='ocr_line' id='line_1_28' title="bbox 621 2504 1997 2556; baseline -0.001 -15"><span class='ocrx_word' id='word_1_237' title='bbox 621 2505 783 2542; x_wconf 79' lang='lat' dir='ltr'>bilitatae</span> <span class='ocrx_word' id='word_1_238' title='bbox 815 2505 944 2556; x_wconf 77' lang='lat' dir='ltr'>gratiae</span> <span class='ocrx_word' id='word_1_239' title='bbox 976 2504 1110 2542; x_wconf 86' lang='lat' dir='ltr'>nostrae</span> <span class='ocrx_word' id='word_1_240' title='bbox 1140 2506 1201 2542; x_wconf 84' lang='lat' dir='ltr'>tui</span> <span class='ocrx_word' id='word_1_241' title='bbox 1231 2505 1402 2550; x_wconf 82' lang='lat' dir='ltr'>caritate,</span> <span class='ocrx_word' id='word_1_242' title='bbox 1438 2514 1476 2542; x_wconf 90' lang='lat' dir='ltr'>et</span> <span class='ocrx_word' id='word_1_243' title='bbox 1510 2518 1597 2542; x_wconf 89' lang='lat' dir='ltr'>meo</span> <span class='ocrx_word' id='word_1_244' title='bbox 1627 2513 1814 2556; x_wconf 86' lang='lat' dir='ltr'>perpetuo</span> <span class='ocrx_word' id='word_1_245' title='bbox 1843 2515 1931 2554; x_wconf 87' lang='lat' dir='ltr'>erga</span> <span class='ocrx_word' id='word_1_246' title='bbox 1959 2510 1997 2540; x_wconf 89' lang='lat' dir='ltr'>te</span> 
     </span>
     <span class='ocr_line' id='line_1_29' title="bbox 620 2566 1997 2623; baseline -0.003 -15"><span class='ocrx_word' id='word_1_247' title='bbox 620 2583 763 2615; x_wconf 76' lang='lat' dir='ltr'>amore,</span> <span class='ocrx_word' id='word_1_248' title='bbox 795 2570 904 2609; x_wconf 88' lang='lat' dir='ltr'>culto</span> <span class='ocrx_word' id='word_1_249' title='bbox 925 2584 945 2608; x_wconf 88' lang='lat' dir='ltr'>a</span> <span class='ocrx_word' id='word_1_250' title='bbox 966 2580 1001 2609; x_wconf 92' lang='lat' dir='ltr'>te</span> <span class='ocrx_word' id='word_1_251' title='bbox 1023 2570 1327 2623; x_wconf 81' lang='lat' dir='ltr'>diligentissime.</span> <span class='ocrx_word' id='word_1_252' title='bbox 1363 2571 1509 2609; x_wconf 82' lang='lat' dir='ltr'>Omnia</span> <span class='ocrx_word' id='word_1_253' title='bbox 1527 2569 1722 2623; x_wconf 73' lang='lat' dir='ltr'>promissa,</span> <span class='ocrx_word' id='word_1_254' title='bbox 1753 2566 1997 2612; x_wconf 84' lang='lat' dir='ltr'>confirmata,</span> 
     </span>
    </p>
   </div>
  </div>
 </body>
</html>
