2351 2997
571 282 618 319 26
888 278 1572 315 EPISTOLARUM

645 509 735 545 ··M.
768 509 820 545 T.
855 507 1096 544 CICERO
1138 506 1538 543 CORNIFICIO
1578 507 1616 543 S.
1650 507 1694 544 P.
1728 507 1781 544 D.

542 636 673 674 XXV.
699 633 798 705 LI
817 635 846 671 B
862 634 894 670 E
911 634 947 670 R
960 633 993 670 A
1010 634 1043 670 L
1060 633 1076 670 I
1092 633 1122 670 B
1138 633 1175 669 U
1192 632 1212 669 S
1244 631 1372 669 literas
1401 632 1533 683 accepi
1564 641 1661 677 tuas,
1694 646 1786 685 quas
1816 632 1918 671 mihi

797 698 1035 737 Cornificius
1056 697 1177 734 altero
1197 697 1378 734 vicefimo
1404 696 1481 741 die,
1513 706 1557 734 ut
1589 698 1755 742 dicebat,
1787 698 1917 735 reddi-

541 767 614 805 dit.
666 767 725 804 Eo
755 765 816 802 die
837 778 916 801 non
944 763 1021 800 fuit
1048 763 1213 807 senatus,
1246 776 1372 813 neque
1391 762 1555 814 postero.
1602 763 1918 815 Qinquatribus

542 832 739 884 frequenti
760 831 891 868 senatu
911 829 1062 867 causam
1085 837 1191 866 tuam
1211 829 1274 879 egi
1295 841 1373 865 non
1394 828 1516 866 invita
1536 829 1740 867 Minerva:
1773 830 1920 867 etenim

542 912 588 936 eo
608 897 690 950 ipso
710 896 772 934 die
792 897 941 933 senatus
970 894 1154 938 decrevit,
1186 902 1230 930 ut
1258 894 1440 930 Minerva
1468 893 1606 938 nostra,
1638 894 1763 932 custos
1794 894 1917 939 urbis,

542 976 661 1016 quam
689 962 805 1000 turbo
826 961 1028 1012 dejecerat,
1064 959 1339 997 restitueretur.
1386 958 1505 995 Pansa
1526 968 1608 996 tuas
1629 959 1757 996 literas
1778 959 1919 997 recita-

541 1030 612 1067 vit.
653 1028 803 1078 Magna
822 1026 971 1063 senatus
992 1024 1220 1076 approbatio
1240 1024 1446 1061 consecuta
1464 1023 1517 1061 est
1537 1037 1628 1061 cum
1649 1024 1804 1062 summo
1823 1038 1918 1075 gau-

543 1095 622 1139 dio,
645 1102 683 1131 et
703 1093 913 1131 offensione
933 1092 1168 1134 Minotauri,
1199 1089 1239 1127 id
1259 1089 1326 1134 est,
1351 1090 1507 1128 Calvifii
1527 1099 1565 1128 et
1586 1091 1722 1128 Tauri.
1756 1091 1921 1128 Paetum

542 1160 590 1197 de
611 1169 648 1196 te
672 1157 1076 1196 senatus-consultum
1105 1155 1384 1193 honorificum.
1432 1155 1701 1194 Postulabatur
1730 1165 1774 1193 ut
1802 1156 1922 1193 etiam

542 1225 603 1262 illi
624 1233 877 1262 notarentur:
910 1222 973 1261 sed
994 1221 1113 1260 Pansa
1133 1221 1377 1259 clementior.
1410 1222 1512 1272 Ego,
1535 1221 1591 1258 mi
1613 1220 1818 1265 Cornifici,
1841 1234 1921 1272 quo

543 1290 605 1327 die
625 1291 799 1343 primum
820 1290 861 1326 in
882 1288 989 1341 spem
1014 1287 1204 1325 libertatis
1232 1286 1417 1338 ingressus
1448 1285 1547 1331 suin,
1578 1296 1616 1324 et
1646 1286 1920 1324 cunctantibus

542 1356 706 1400 caeteris,
738 1369 772 1393 a.
795 1355 834 1393 d.
859 1368 947 1392 XIII
974 1354 1061 1392 Kal.
1085 1353 1273 1404 Januarii,
1305 1352 1558 1390 fundamenta
1572 1353 1653 1403 jeci
1680 1351 1919 1403 reipublicae,

541 1435 588 1458 eo
608 1421 690 1473 ipso
718 1420 780 1457 die
807 1419 960 1472 providi
987 1418 1176 1462 multum,
1207 1426 1323 1469 atque
1352 1416 1473 1454 habui
1501 1417 1690 1454 rationem
1718 1417 1920 1467 dignitatis

543 1496 646 1524 tuae:
679 1485 780 1523 mihi
808 1485 913 1522 enim
941 1483 993 1521 est
1020 1483 1181 1521 affensus
1210 1482 1359 1520 senatus
1381 1481 1427 1519 de
1447 1481 1670 1519 obtinendis
1693 1481 1920 1533 provinciis.

547 1552 634 1589 Nec
655 1563 744 1588 vero
765 1549 893 1601 postea
912 1548 1039 1586 destiti
1060 1547 1288 1585 labefactare
1316 1561 1422 1593 eum,
1455 1547 1524 1598 qui
1555 1547 1704 1584 summa
1734 1560 1827 1584 curn
1857 1555 1923 1584 tua

545 1617 700 1668 injuria,
731 1615 1050 1666 contumeliaque
1070 1613 1310 1665 reipublicae,
1341 1613 1583 1664 provinciam
1610 1612 1743 1649 absens
1765 1612 1921 1649 obtine-

545 1682 625 1720 bat.
672 1683 807 1732 Itaque
841 1679 1007 1722 crebras,
1038 1679 1098 1716 vel
1132 1678 1264 1730 potius
1299 1677 1559 1729 quotidianas,
1602 1677 1922 1729 compellationes

545 1761 648 1785 meas
672 1760 749 1784 non
771 1746 878 1790 tulit,
910 1745 1023 1796 seque
1043 1744 1084 1781 in
1107 1744 1244 1781 urbem
1266 1743 1411 1795 recepit
1432 1743 1607 1788 invitus;
1640 1757 1766 1794 neque
1796 1742 1923 1780 solum

545 1814 623 1865 spe,
656 1812 717 1850 sed
739 1821 842 1849 certa
862 1825 900 1848 re
915 1812 998 1862 jam
1022 1819 1060 1848 et
1079 1810 1317 1862 poffeffione,
1350 1808 1575 1846 deturbatus
1605 1808 1672 1846 est.
1719 1809 1815 1846 Meo
1836 1808 1921 1859 jus-

546 1879 689 1917 tiffimo
720 1876 1062 1927 honestiflimoque
1091 1875 1271 1913 convicio
1303 1883 1340 1912 te
1372 1883 1479 1911 tuam
1511 1874 1743 1925 dignitatem
1774 1873 1924 1911 summa

547 1953 613 1982 tua
632 1944 775 1981 virtute
796 1941 970 1986 tenuiffe,
996 1941 1284 1992 provinciaeque
1303 1938 1519 1976 honoribus
1540 1939 1783 1990 ampliffimis
1804 1938 1923 1975 affec-

546 2018 648 2053 tum,
666 2007 915 2046 vehementer
934 2005 1096 2057 gaudeo.
1130 2004 1248 2057 Qod
1271 2015 1307 2042 te
1327 2004 1428 2042 mihi
1449 2005 1494 2041 de
1517 2004 1746 2056 Sempronio
1766 2016 1921 2055 purgas,

545 2075 697 2126 accipio
727 2072 1014 2111 excusationem
1034 2086 1042 2109 :
1075 2070 1152 2108 fuit
1179 2071 1284 2108 enim
1312 2069 1413 2108 illud
1434 2070 1630 2122 quoddam
1652 2083 1799 2107 caecum
1821 2078 1922 2106 tem-

546 2153 619 2192 pus
650 2139 858 2177 servitutis.
906 2138 992 2188 Ego
1013 2146 1171 2174 tuorum
1193 2136 1443 2174 confiliorum
1470 2137 1615 2180 auftor,
1647 2133 1924 2186 dignitatisque

546 2204 690 2248 fautor,
722 2205 840 2240 iratus
871 2202 1129 2254 temporibus,
1161 2202 1201 2238 in
1231 2201 1424 2238 Graeciam
1452 2200 1646 2252 desperata
1665 2200 1842 2237 libertate
1863 2211 1923 2235 ra·—

547 2269 702 2321 piebar3
740 2281 832 2305 cum
854 2280 915 2304 me
937 2267 1086 2311 Etefiae,
1117 2266 1220 2317 quasi
1243 2266 1335 2303 boni
1356 2266 1473 2309 cives,
1506 2265 1792 2315 relinquentem
1819 2277 1922 2300 rern-

546 2335 748 2387 publicam
764 2333 944 2386 prosequi
964 2332 1196 2376 noluerunt3
1220 2331 1437 2382 Austerque
1451 2330 1626 2367 adversus
1643 2330 1815 2367 maximo
1832 2328 1924 2366 flatu

548 2414 612 2438 me
631 2400 678 2437 ad
700 2398 861 2437 tribules
884 2407 970 2435 tuos
993 2398 1166 2448 Regium
1187 2396 1319 2434 retulit
1338 2411 1346 2434 :
1379 2405 1494 2447 atque
1518 2396 1608 2432 inde
1628 2396 1768 2439 ventis,
1792 2395 1922 2438 remis,

547 2466 588 2504 in
609 2466 774 2517 patriam
794 2463 905 2501 omni
925 2462 1169 2500 festinatione
1189 2462 1404 2514 properavi,
1432 2460 1692 2513 postridieque
1712 2461 1752 2497 in
1774 2459 1925 2496 summa

548 2531 791 2583 reliquorum
822 2529 1004 2567 servitute
1035 2528 1134 2566 liber
1166 2541 1265 2565 unus
1299 2526 1373 2565 fui.
1421 2527 1482 2565 Sic
1512 2526 1597 2565 sum
1628 2527 1669 2564 in
1701 2524 1923 2563 Antonium
