<?xml version="1.0" encoding="UTF-8"?>
<!DOCTYPE html PUBLIC "-//W3C//DTD XHTML 1.0 Transitional//EN"
    "http://www.w3.org/TR/xhtml1/DTD/xhtml1-transitional.dtd">
<html xmlns="http://www.w3.org/1999/xhtml" xml:lang="en" lang="en">
 <head>
  <title>
</title>
<meta http-equiv="Content-Type" content="text/html;charset=utf-8" />
  <meta name='ocr-system' content='tesseract 3.04.00' />
  <meta name='ocr-capabilities' content='ocr_page ocr_carea ocr_par ocr_line ocrx_word'/>
</head>
<body>
  <div class='ocr_page' id='page_1' title='image "./operacumindicibu07ciceuoft_0282.png"; bbox 0 0 2351 2997; ppageno 0'>
   <div class='ocr_carea' id='block_1_1' title="bbox 536 277 1564 319">
    <p class='ocr_par' dir='ltr' id='par_1_1' title="bbox 536 277 1564 319">
     <span class='ocr_line' id='line_1_1' title="bbox 536 277 1564 319; baseline 0.001 -1"><span class='ocrx_word' id='word_1_1' title='bbox 536 279 612 318; x_wconf 86' lang='lat'><strong>262</strong></span> <span class='ocrx_word' id='word_1_2' title='bbox 880 277 1564 319; x_wconf 75' lang='lat' dir='ltr'><strong>EPISTULARUM</strong></span> 
     </span>
    </p>
   </div>
   <div class='ocr_carea' id='block_1_2' title="bbox 522 379 1912 1734">
    <p class='ocr_par' dir='ltr' id='par_1_2' title="bbox 522 379 1912 1734">
     <span class='ocr_line' id='line_1_2' title="bbox 532 379 1912 433; baseline 0.004 -16"><span class='ocrx_word' id='word_1_3' title='bbox 532 392 639 418; x_wconf 89' lang='lat' dir='ltr'><strong>nunc</strong></span> <span class='ocrx_word' id='word_1_4' title='bbox 661 379 786 423; x_wconf 87' lang='lat' dir='ltr'><strong>restat,</strong></span> <span class='ocrx_word' id='word_1_5' title='bbox 805 379 844 416; x_wconf 88' lang='lat' dir='ltr'><strong>id</strong></span> <span class='ocrx_word' id='word_1_6' title='bbox 864 379 1037 416; x_wconf 79' lang='lat' dir='ltr'><strong>maximo</strong></span> <span class='ocrx_word' id='word_1_7' title='bbox 1054 392 1168 430; x_wconf 82' lang='lat' dir='ltr'><strong>opere</strong></span> <span class='ocrx_word' id='word_1_8' title='bbox 1183 379 1319 417; x_wconf 80' lang='lat' dir='ltr'><strong>censeo</strong></span> <span class='ocrx_word' id='word_1_9' title='bbox 1334 380 1665 432; x_wconf 85' lang='lat' dir='ltr'><strong>persequendum:</strong></span> <span class='ocrx_word' id='word_1_10' title='bbox 1687 382 1784 433; x_wconf 87' lang='lat' dir='ltr'><strong>quid</strong></span> <span class='ocrx_word' id='word_1_11' title='bbox 1805 382 1912 422; x_wconf 89' lang='lat' dir='ltr'><strong>enim</strong></span> 
     </span>
     <span class='ocr_line' id='line_1_3' title="bbox 532 443 1908 495; baseline 0.004 -13"><span class='ocrx_word' id='word_1_12' title='bbox 532 444 729 482; x_wconf 82' lang='lat' dir='ltr'><strong>honestius</strong></span> <span class='ocrx_word' id='word_1_13' title='bbox 749 446 762 482; x_wconf 89' lang='lat'>?</span> <span class='ocrx_word' id='word_1_14' title='bbox 794 453 859 481; x_wconf 85' lang='lat' dir='ltr'><strong>aut</strong></span> <span class='ocrx_word' id='word_1_15' title='bbox 884 444 979 494; x_wconf 85' lang='lat' dir='ltr'><strong>quid</strong></span> <span class='ocrx_word' id='word_1_16' title='bbox 999 443 1159 480; x_wconf 86' lang='lat' dir='ltr'><strong>honesto</strong></span> <span class='ocrx_word' id='word_1_17' title='bbox 1179 445 1497 495; x_wconf 86' lang='lat' dir='ltr'><strong>anteponendum</strong></span> <span class='ocrx_word' id='word_1_18' title='bbox 1515 448 1528 483; x_wconf 88' lang='lat'>?</span> <span class='ocrx_word' id='word_1_19' title='bbox 1561 447 1627 484; x_wconf 90' lang='lat' dir='ltr'><strong>Sin</strong></span> <span class='ocrx_word' id='word_1_20' title='bbox 1647 457 1777 486; x_wconf 86' lang='lat' dir='ltr'><strong>autem</strong></span> <span class='ocrx_word' id='word_1_21' title='bbox 1797 448 1908 487; x_wconf 83' lang='lat' dir='ltr'><strong>satis-</strong></span> 
     </span>
     <span class='ocr_line' id='line_1_4' title="bbox 532 508 1910 562; baseline 0.004 -16"><span class='ocrx_word' id='word_1_22' title='bbox 532 508 679 546; x_wconf 61' lang='lat' dir='ltr'><strong>facium</strong></span> <span class='ocrx_word' id='word_1_23' title='bbox 700 508 925 559; x_wconf 59' lang='lat' dir='ltr'><strong>reipublicae</strong></span> <span class='ocrx_word' id='word_1_24' title='bbox 945 517 1072 558; x_wconf 80' lang='lat' dir='ltr'><strong>putas,</strong></span> <span class='ocrx_word' id='word_1_25' title='bbox 1104 508 1280 545; x_wconf 80' lang='lat' dir='ltr'><strong>celeriter</strong></span> <span class='ocrx_word' id='word_1_26' title='bbox 1306 508 1353 545; x_wconf 84' lang='lat' dir='ltr'><strong>ad</strong></span> <span class='ocrx_word' id='word_1_27' title='bbox 1380 510 1554 554; x_wconf 78' lang='lat' dir='ltr'><strong>comitia,</strong></span> <span class='ocrx_word' id='word_1_28' title='bbox 1586 512 1741 562; x_wconf 88' lang='lat' dir='ltr'><strong>quando</strong></span> <span class='ocrx_word' id='word_1_29' title='bbox 1761 523 1910 551; x_wconf 85' lang='lat' dir='ltr'><strong>mature</strong></span> 
     </span>
     <span class='ocr_line' id='line_1_5' title="bbox 531 571 1912 616; baseline 0.004 -6"><span class='ocrx_word' id='word_1_30' title='bbox 531 572 664 610; x_wconf 83' lang='lat' dir='ltr'><strong>futura</strong></span> <span class='ocrx_word' id='word_1_31' title='bbox 683 572 786 616; x_wconf 88' lang='lat' dir='ltr'><strong>sunt,</strong></span> <span class='ocrx_word' id='word_1_32' title='bbox 817 571 1054 609; x_wconf 88' lang='lat' dir='ltr'><strong>veniendum</strong></span> <span class='ocrx_word' id='word_1_33' title='bbox 1082 572 1243 616; x_wconf 78' lang='lat' dir='ltr'><strong>censeo3</strong></span> <span class='ocrx_word' id='word_1_34' title='bbox 1278 573 1493 610; x_wconf 86' lang='lat' dir='ltr'><strong>dummodo</strong></span> <span class='ocrx_word' id='word_1_35' title='bbox 1523 587 1571 611; x_wconf 88' lang='lat' dir='ltr'><strong>ne</strong></span> <span class='ocrx_word' id='word_1_36' title='bbox 1599 573 1681 612; x_wconf 82' lang='lat' dir='ltr'><strong>haec</strong></span> <span class='ocrx_word' id='word_1_37' title='bbox 1708 578 1912 615; x_wconf 85' lang='lat' dir='ltr'><strong>ambitiosa</strong></span> 
     </span>
     <span class='ocr_line' id='line_1_6' title="bbox 530 637 1909 690; baseline 0.004 -14"><span class='ocrx_word' id='word_1_38' title='bbox 530 638 724 676; x_wconf 87' lang='lat' dir='ltr'><strong>festinatio</strong></span> <span class='ocrx_word' id='word_1_39' title='bbox 745 637 894 689; x_wconf 85' lang='lat' dir='ltr'><strong>aliquid</strong></span> <span class='ocrx_word' id='word_1_40' title='bbox 913 638 1124 675; x_wconf 81' lang='lat' dir='ltr'>imminuat</span> <span class='ocrx_word' id='word_1_41' title='bbox 1139 640 1221 689; x_wconf 80' lang='lat' dir='ltr'><strong>ejus</strong></span> <span class='ocrx_word' id='word_1_42' title='bbox 1238 639 1385 690; x_wconf 83' lang='lat' dir='ltr'><strong>gloriae,</strong></span> <span class='ocrx_word' id='word_1_43' title='bbox 1405 653 1522 690; x_wconf 87' lang='lat' dir='ltr'><strong>quam</strong></span> <span class='ocrx_word' id='word_1_44' title='bbox 1543 638 1741 678; x_wconf 88' lang='lat' dir='ltr'><strong>consecuti</strong></span> <span class='ocrx_word' id='word_1_45' title='bbox 1760 642 1909 682; x_wconf 85' lang='lat' dir='ltr'><strong>sumus.</strong></span> 
     </span>
     <span class='ocr_line' id='line_1_7' title="bbox 532 703 1909 757; baseline 0.004 -16"><span class='ocrx_word' id='word_1_46' title='bbox 532 704 659 741; x_wconf 90' lang='lat' dir='ltr'><strong>Multi</strong></span> <span class='ocrx_word' id='word_1_47' title='bbox 679 703 875 740; x_wconf 81' lang='lat' dir='ltr'><strong>clariffimi</strong></span> <span class='ocrx_word' id='word_1_48' title='bbox 900 703 988 747; x_wconf 88' lang='lat' dir='ltr'><strong>viri,</strong></span> <span class='ocrx_word' id='word_1_49' title='bbox 1021 715 1113 741; x_wconf 86' lang='lat' dir='ltr'><strong>cum</strong></span> <span class='ocrx_word' id='word_1_50' title='bbox 1143 703 1367 755; x_wconf 81' lang='lat' dir='ltr'><strong>reipublicae</strong></span> <span class='ocrx_word' id='word_1_51' title='bbox 1396 704 1530 742; x_wconf 85' lang='lat' dir='ltr'><strong>darent</strong></span> <span class='ocrx_word' id='word_1_52' title='bbox 1559 718 1730 757; x_wconf 82' lang='lat' dir='ltr'><strong>operam,</strong></span> <span class='ocrx_word' id='word_1_53' title='bbox 1762 720 1909 746; x_wconf 85' lang='lat' dir='ltr'><strong>annum</strong></span> 
     </span>
     <span class='ocr_line' id='line_1_8' title="bbox 529 767 1909 824; baseline 0.003 -18"><span class='ocrx_word' id='word_1_54' title='bbox 529 769 732 821; x_wconf 84' lang='lat' dir='ltr'><strong>petitionis</strong></span> <span class='ocrx_word' id='word_1_55' title='bbox 755 767 827 806; x_wconf 83' lang='lat' dir='ltr'><strong>suae</strong></span> <span class='ocrx_word' id='word_1_56' title='bbox 848 781 926 805; x_wconf 90' lang='lat' dir='ltr'><strong>non</strong></span> <span class='ocrx_word' id='word_1_57' title='bbox 947 768 1143 807; x_wconf 87' lang='lat' dir='ltr'><strong>obierunt.</strong></span> <span class='ocrx_word' id='word_1_58' title='bbox 1188 769 1307 820; x_wconf 85' lang='lat' dir='ltr'><strong>Qod</strong></span> <span class='ocrx_word' id='word_1_59' title='bbox 1328 782 1372 806; x_wconf 88' lang='lat' dir='ltr'><strong>eo</strong></span> <span class='ocrx_word' id='word_1_60' title='bbox 1393 768 1547 807; x_wconf 84' lang='lat' dir='ltr'><strong>facilius</strong></span> <span class='ocrx_word' id='word_1_61' title='bbox 1569 770 1682 808; x_wconf 86' lang='lat' dir='ltr'><strong>nobis</strong></span> <span class='ocrx_word' id='word_1_62' title='bbox 1703 771 1770 816; x_wconf 87' lang='lat' dir='ltr'><strong>est,</strong></span> <span class='ocrx_word' id='word_1_63' title='bbox 1803 772 1909 824; x_wconf 90' lang='lat' dir='ltr'><strong>quod</strong></span> 
     </span>
     <span class='ocr_line' id='line_1_9' title="bbox 531 831 1908 888; baseline 0.002 -16"><span class='ocrx_word' id='word_1_64' title='bbox 531 847 611 872; x_wconf 90' lang='lat' dir='ltr'><strong>non</strong></span> <span class='ocrx_word' id='word_1_65' title='bbox 628 833 681 871; x_wconf 88' lang='lat' dir='ltr'><strong>est</strong></span> <span class='ocrx_word' id='word_1_66' title='bbox 699 846 821 870; x_wconf 87' lang='lat' dir='ltr'><strong>annus</strong></span> <span class='ocrx_word' id='word_1_67' title='bbox 838 831 903 870; x_wconf 85' lang='lat' dir='ltr'><strong>hie</strong></span> <span class='ocrx_word' id='word_1_68' title='bbox 921 833 995 870; x_wconf 86' lang='lat' dir='ltr'><strong>tibi</strong></span> <span class='ocrx_word' id='word_1_69' title='bbox 1016 833 1245 878; x_wconf 39' lang='lat' dir='ltr'><strong>destinam&amp;</strong></span> <span class='ocrx_word' id='word_1_70' title='bbox 1269 843 1327 878; x_wconf 87' lang='lat' dir='ltr'><strong>ut,</strong></span> <span class='ocrx_word' id='word_1_71' title='bbox 1345 834 1371 872; x_wconf 85' lang='lat' dir='ltr'>fi</span> <span class='ocrx_word' id='word_1_72' title='bbox 1388 835 1509 872; x_wconf 82' lang='lat' dir='ltr'><strong>aedilis</strong></span> <span class='ocrx_word' id='word_1_73' title='bbox 1526 833 1670 880; x_wconf 84' lang='lat' dir='ltr'><strong>fuiffes,</strong></span> <span class='ocrx_word' id='word_1_74' title='bbox 1690 836 1774 888; x_wconf 90' lang='lat' dir='ltr'><strong>post</strong></span> <span class='ocrx_word' id='word_1_75' title='bbox 1794 837 1908 875; x_wconf 90' lang='lat' dir='ltr'><strong>bien-</strong></span> 
     </span>
     <span class='ocr_line' id='line_1_10' title="bbox 530 898 1907 950; baseline 0.003 -13"><span class='ocrx_word' id='word_1_76' title='bbox 530 900 644 937; x_wconf 86' lang='lat' dir='ltr'><strong>nium</strong></span> <span class='ocrx_word' id='word_1_77' title='bbox 666 908 754 936; x_wconf 89' lang='lat' dir='ltr'><strong>tuus</strong></span> <span class='ocrx_word' id='word_1_78' title='bbox 774 911 896 936; x_wconf 87' lang='lat' dir='ltr'><strong>annus</strong></span> <span class='ocrx_word' id='word_1_79' title='bbox 919 898 1021 936; x_wconf 72' lang='lat' dir='ltr'><strong>efi‘et.</strong></span> <span class='ocrx_word' id='word_1_80' title='bbox 1053 899 1173 936; x_wconf 89' lang='lat' dir='ltr'><strong>Nunc</strong></span> <span class='ocrx_word' id='word_1_81' title='bbox 1195 898 1296 936; x_wconf 85' lang='lat' dir='ltr'><strong>nihil</strong></span> <span class='ocrx_word' id='word_1_82' title='bbox 1316 901 1612 950; x_wconf 58' lang='lat' dir='ltr'><strong>praetermittere</strong></span> <span class='ocrx_word' id='word_1_83' title='bbox 1632 901 1810 940; x_wconf 82' lang='lat' dir='ltr'><strong>videbere</strong></span> <span class='ocrx_word' id='word_1_84' title='bbox 1831 903 1907 941; x_wconf 86' lang='lat' dir='ltr'><strong>ufi-</strong></span> 
     </span>
     <span class='ocr_line' id='line_1_11' title="bbox 528 963 1907 1016; baseline 0.002 -14"><span class='ocrx_word' id='word_1_85' title='bbox 528 965 616 1009; x_wconf 71' lang='lat' dir='ltr'><strong>tati,</strong></span> <span class='ocrx_word' id='word_1_86' title='bbox 647 973 684 1001; x_wconf 90' lang='lat' dir='ltr'><strong>et</strong></span> <span class='ocrx_word' id='word_1_87' title='bbox 713 964 817 1015; x_wconf 87' lang='lat' dir='ltr'><strong>quafi</strong></span> <span class='ocrx_word' id='word_1_88' title='bbox 847 963 1031 1015; x_wconf 84' lang='lat' dir='ltr'><strong>legitimi,</strong></span> <span class='ocrx_word' id='word_1_89' title='bbox 1065 964 1250 1015; x_wconf 84' lang='lat' dir='ltr'><strong>temporis</strong></span> <span class='ocrx_word' id='word_1_90' title='bbox 1276 964 1322 1000; x_wconf 86' lang='lat' dir='ltr'><strong>ad</strong></span> <span class='ocrx_word' id='word_1_91' title='bbox 1342 964 1569 1016; x_wconf 89' lang='lat' dir='ltr'><strong>petendum.</strong></span> <span class='ocrx_word' id='word_1_92' title='bbox 1615 965 1742 1003; x_wconf 90' lang='lat' dir='ltr'><strong>Video</strong></span> <span class='ocrx_word' id='word_1_93' title='bbox 1762 976 1907 1012; x_wconf 89' lang='lat' dir='ltr'><strong>autem,</strong></span> 
     </span>
     <span class='ocr_line' id='line_1_12' title="bbox 530 1028 1906 1081; baseline 0.002 -15"><span class='ocrx_word' id='word_1_94' title='bbox 530 1029 676 1067; x_wconf 82' lang='lat' dir='ltr'><strong>Planco</strong></span> <span class='ocrx_word' id='word_1_95' title='bbox 697 1028 869 1072; x_wconf 82' lang='lat' dir='ltr'><strong>consule,</strong></span> <span class='ocrx_word' id='word_1_96' title='bbox 900 1028 967 1066; x_wconf 89' lang='lat' dir='ltr'><strong>etfi</strong></span> <span class='ocrx_word' id='word_1_97' title='bbox 993 1029 1112 1066; x_wconf 85' lang='lat' dir='ltr'><strong>etiam</strong></span> <span class='ocrx_word' id='word_1_98' title='bbox 1139 1029 1215 1065; x_wconf 85' lang='lat' dir='ltr'><strong>fine</strong></span> <span class='ocrx_word' id='word_1_99' title='bbox 1242 1042 1286 1065; x_wconf 88' lang='lat' dir='ltr'><strong>eo</strong></span> <span class='ocrx_word' id='word_1_100' title='bbox 1317 1030 1482 1066; x_wconf 83' lang='lat' dir='ltr'><strong>rationes</strong></span> <span class='ocrx_word' id='word_1_101' title='bbox 1511 1029 1710 1081; x_wconf 78' lang='lat' dir='ltr'><strong>expeditas</strong></span> <span class='ocrx_word' id='word_1_102' title='bbox 1731 1030 1906 1076; x_wconf 85' lang='lat' dir='ltr'><strong>haberes,</strong></span> 
     </span>
     <span class='ocr_line' id='line_1_13' title="bbox 527 1093 1907 1146; baseline 0.001 -14"><span class='ocrx_word' id='word_1_103' title='bbox 527 1104 658 1132; x_wconf 81' lang='lat' dir='ltr'><strong>tamen</strong></span> <span class='ocrx_word' id='word_1_104' title='bbox 680 1093 982 1146; x_wconf 87' lang='lat' dir='ltr'><strong>splendidiorem</strong></span> <span class='ocrx_word' id='word_1_105' title='bbox 1002 1094 1235 1145; x_wconf 84' lang='lat' dir='ltr'><strong>petitionem</strong></span> <span class='ocrx_word' id='word_1_106' title='bbox 1252 1103 1359 1131; x_wconf 86' lang='lat' dir='ltr'><strong>tuam</strong></span> <span class='ocrx_word' id='word_1_107' title='bbox 1380 1094 1476 1138; x_wconf 85' lang='lat' dir='ltr'><strong>fore,</strong></span> <span class='ocrx_word' id='word_1_108' title='bbox 1495 1094 1521 1132; x_wconf 91' lang='lat' dir='ltr'>fi</span> <span class='ocrx_word' id='word_1_109' title='bbox 1537 1095 1656 1132; x_wconf 91' lang='lat' dir='ltr'><strong>modo</strong></span> <span class='ocrx_word' id='word_1_110' title='bbox 1676 1095 1743 1133; x_wconf 87' lang='lat' dir='ltr'><strong>ista</strong></span> <span class='ocrx_word' id='word_1_111' title='bbox 1758 1109 1804 1134; x_wconf 83' lang='lat' dir='ltr'><strong>ex</strong></span> <span class='ocrx_word' id='word_1_112' title='bbox 1822 1097 1907 1134; x_wconf 88' lang='lat' dir='ltr'><strong>sen-</strong></span> 
     </span>
     <span class='ocr_line' id='line_1_14' title="bbox 527 1158 1906 1211; baseline 0.001 -14"><span class='ocrx_word' id='word_1_113' title='bbox 527 1160 650 1197; x_wconf 81' lang='lat' dir='ltr'><strong>tentia</strong></span> <span class='ocrx_word' id='word_1_114' title='bbox 670 1158 846 1196; x_wconf 60' lang='lat' dir='ltr'><strong>confecta</strong></span> <span class='ocrx_word' id='word_1_115' title='bbox 875 1158 1005 1196; x_wconf 81' lang='lat' dir='ltr'><strong>effent.</strong></span> <span class='ocrx_word' id='word_1_116' title='bbox 1054 1159 1232 1196; x_wconf 88' lang='lat' dir='ltr'><strong>Omnino</strong></span> <span class='ocrx_word' id='word_1_117' title='bbox 1252 1159 1364 1211; x_wconf 86' lang='lat' dir='ltr'><strong>plura</strong></span> <span class='ocrx_word' id='word_1_118' title='bbox 1383 1172 1447 1197; x_wconf 91' lang='lat' dir='ltr'><strong>me</strong></span> <span class='ocrx_word' id='word_1_119' title='bbox 1467 1159 1645 1205; x_wconf 83' lang='lat' dir='ltr'><strong>scribere,</strong></span> <span class='ocrx_word' id='word_1_120' title='bbox 1678 1174 1770 1199; x_wconf 88' lang='lat' dir='ltr'><strong>cum</strong></span> <span class='ocrx_word' id='word_1_121' title='bbox 1794 1171 1906 1199; x_wconf 90' lang='lat' dir='ltr'><strong>tuum</strong></span> 
     </span>
     <span class='ocr_line' id='line_1_15' title="bbox 526 1224 1905 1276; baseline 0.002 -14"><span class='ocrx_word' id='word_1_122' title='bbox 526 1234 682 1262; x_wconf 51' lang='lat' dir='ltr'><strong>¹tantum</strong></span> <span class='ocrx_word' id='word_1_123' title='bbox 710 1224 916 1261; x_wconf 88' lang='lat' dir='ltr'><strong>confilium</strong></span> <span class='ocrx_word' id='word_1_124' title='bbox 937 1224 1215 1276; x_wconf 87' lang='lat' dir='ltr'><strong>judiciumque</strong></span> <span class='ocrx_word' id='word_1_125' title='bbox 1236 1225 1295 1269; x_wconf 83' lang='lat' dir='ltr'><strong>fit,</strong></span> <span class='ocrx_word' id='word_1_126' title='bbox 1327 1225 1539 1262; x_wconf 80' lang='lat' dir='ltr'><strong>arbitrabar</strong></span> <span class='ocrx_word' id='word_1_127' title='bbox 1559 1239 1637 1263; x_wconf 88' lang='lat' dir='ltr'><strong>non</strong></span> <span class='ocrx_word' id='word_1_128' title='bbox 1659 1226 1712 1263; x_wconf 86' lang='lat' dir='ltr'><strong>ita</strong></span> <span class='ocrx_word' id='word_1_129' title='bbox 1731 1227 1876 1265; x_wconf 85' lang='lat' dir='ltr'><strong>neceffe</strong></span> <span class='ocrx_word' id='word_1_130' title='bbox 1891 1246 1905 1272; x_wconf 68' lang='grc' dir='ltr'><strong><em>ς</em></strong></span> 
     </span>
     <span class='ocr_line' id='line_1_16' title="bbox 528 1289 1906 1344; baseline 0.001 -16"><span class='ocrx_word' id='word_1_131' title='bbox 528 1290 592 1328; x_wconf 85' lang='lat' dir='ltr'><strong>sed</strong></span> <span class='ocrx_word' id='word_1_132' title='bbox 612 1299 743 1327; x_wconf 79' lang='lat' dir='ltr'><strong>tamen</strong></span> <span class='ocrx_word' id='word_1_133' title='bbox 763 1289 994 1327; x_wconf 84' lang='lat' dir='ltr'><strong>sententiam</strong></span> <span class='ocrx_word' id='word_1_134' title='bbox 1015 1303 1141 1328; x_wconf 89' lang='lat' dir='ltr'><strong>meam</strong></span> <span class='ocrx_word' id='word_1_135' title='bbox 1164 1290 1238 1328; x_wconf 83' lang='lat' dir='ltr'><strong>tibi</strong></span> <span class='ocrx_word' id='word_1_136' title='bbox 1257 1290 1433 1341; x_wconf 87' lang='lat' dir='ltr'><strong>ignotam</strong></span> <span class='ocrx_word' id='word_1_137' title='bbox 1453 1290 1525 1328; x_wconf 80' lang='lat' dir='ltr'><strong>effe</strong></span> <span class='ocrx_word' id='word_1_138' title='bbox 1546 1290 1742 1330; x_wconf 82' lang='lat' dir='ltr'><strong>nolebam.</strong></span> <span class='ocrx_word' id='word_1_139' title='bbox 1781 1293 1906 1344; x_wconf 88' lang='lat' dir='ltr'><strong>Cujus</strong></span> 
     </span>
     <span class='ocr_line' id='line_1_17' title="bbox 528 1353 1906 1408; baseline 0.001 -16"><span class='ocrx_word' id='word_1_140' title='bbox 528 1354 581 1392; x_wconf 87' lang='lat' dir='ltr'><strong>est</strong></span> <span class='ocrx_word' id='word_1_141' title='bbox 611 1353 695 1392; x_wconf 88' lang='lat' dir='ltr'><strong>haec</strong></span> <span class='ocrx_word' id='word_1_142' title='bbox 726 1354 891 1398; x_wconf 90' lang='lat' dir='ltr'><strong>summa,</strong></span> <span class='ocrx_word' id='word_1_143' title='bbox 923 1363 967 1391; x_wconf 88' lang='lat' dir='ltr'><strong>ut</strong></span> <span class='ocrx_word' id='word_1_144' title='bbox 994 1355 1127 1392; x_wconf 87' lang='lat' dir='ltr'><strong>omnia</strong></span> <span class='ocrx_word' id='word_1_145' title='bbox 1157 1364 1194 1392; x_wconf 88' lang='lat' dir='ltr'><strong>te</strong></span> <span class='ocrx_word' id='word_1_146' title='bbox 1223 1355 1353 1393; x_wconf 85' lang='lat' dir='ltr'><strong>metiri</strong></span> <span class='ocrx_word' id='word_1_147' title='bbox 1385 1355 1575 1406; x_wconf 86' lang='lat' dir='ltr'><strong>dignitate</strong></span> <span class='ocrx_word' id='word_1_148' title='bbox 1605 1356 1756 1401; x_wconf 88' lang='lat' dir='ltr'><strong>malim,</strong></span> <span class='ocrx_word' id='word_1_149' title='bbox 1788 1370 1906 1408; x_wconf 86' lang='lat' dir='ltr'><strong>quam</strong></span> 
     </span>
     <span class='ocr_line' id='line_1_18' title="bbox 527 1419 1904 1473; baseline 0.001 -16"><span class='ocrx_word' id='word_1_150' title='bbox 527 1420 763 1464; x_wconf 73' lang='lat' dir='ltr'><strong>ambitione,</strong></span> <span class='ocrx_word' id='word_1_151' title='bbox 787 1421 1052 1472; x_wconf 82' lang='lat' dir='ltr'><strong>majoremque</strong></span> <span class='ocrx_word' id='word_1_152' title='bbox 1067 1419 1241 1458; x_wconf 60' lang='lat' dir='ltr'><strong>fructum</strong></span> <span class='ocrx_word' id='word_1_153' title='bbox 1261 1433 1404 1473; x_wconf 86' lang='lat' dir='ltr'><strong>ponere</strong></span> <span class='ocrx_word' id='word_1_154' title='bbox 1424 1422 1465 1457; x_wconf 87' lang='lat' dir='ltr'><strong>in</strong></span> <span class='ocrx_word' id='word_1_155' title='bbox 1485 1422 1744 1472; x_wconf 87' lang='lat' dir='ltr'><strong>perpetuitate</strong></span> <span class='ocrx_word' id='word_1_156' title='bbox 1764 1422 1904 1467; x_wconf 81' lang='lat' dir='ltr'><strong>laudis,</strong></span> 
     </span>
     <span class='ocr_line' id='line_1_19' title="bbox 527 1484 1904 1538; baseline 0.001 -16"><span class='ocrx_word' id='word_1_157' title='bbox 527 1500 645 1538; x_wconf 81' lang='lat' dir='ltr'><strong>quam</strong></span> <span class='ocrx_word' id='word_1_158' title='bbox 672 1486 713 1522; x_wconf 87' lang='lat' dir='ltr'><strong>in</strong></span> <span class='ocrx_word' id='word_1_159' title='bbox 745 1484 941 1522; x_wconf 87' lang='lat' dir='ltr'><strong>celeritate</strong></span> <span class='ocrx_word' id='word_1_160' title='bbox 971 1494 1159 1537; x_wconf 86' lang='lat' dir='ltr'><strong>praeturae.</strong></span> <span class='ocrx_word' id='word_1_161' title='bbox 1206 1486 1305 1524; x_wconf 88' lang='lat' dir='ltr'><strong>Haec</strong></span> <span class='ocrx_word' id='word_1_162' title='bbox 1333 1486 1465 1523; x_wconf 91' lang='lat' dir='ltr'><strong>eadem</strong></span> <span class='ocrx_word' id='word_1_163' title='bbox 1491 1486 1646 1523; x_wconf 89' lang='lat' dir='ltr'><strong>locutus</strong></span> <span class='ocrx_word' id='word_1_164' title='bbox 1679 1486 1763 1524; x_wconf 88' lang='lat' dir='ltr'><strong>sum</strong></span> <span class='ocrx_word' id='word_1_165' title='bbox 1795 1487 1904 1524; x_wconf 89' lang='lat' dir='ltr'><strong>domi</strong></span> 
     </span>
     <span class='ocr_line' id='line_1_20' title="bbox 525 1548 1902 1601; baseline 0 -13"><span class='ocrx_word' id='word_1_166' title='bbox 525 1564 635 1595; x_wconf 79' lang='lat' dir='ltr'><strong>meae,</strong></span> <span class='ocrx_word' id='word_1_167' title='bbox 666 1548 844 1587; x_wconf 82' lang='lat' dir='ltr'><strong>adhibito</strong></span> <span class='ocrx_word' id='word_1_168' title='bbox 870 1549 1062 1601; x_wconf 75' lang='lat' dir='ltr'><strong>eratre</strong></span> <span class='ocrx_word' id='word_1_169' title='bbox 1083 1564 1185 1596; x_wconf 89' lang='lat' dir='ltr'><strong>meo,</strong></span> <span class='ocrx_word' id='word_1_170' title='bbox 1217 1560 1255 1588; x_wconf 88' lang='lat' dir='ltr'><strong>et</strong></span> <span class='ocrx_word' id='word_1_171' title='bbox 1277 1551 1445 1595; x_wconf 84' lang='lat' dir='ltr'><strong>Caecina,</strong></span> <span class='ocrx_word' id='word_1_172' title='bbox 1476 1559 1515 1588; x_wconf 91' lang='lat' dir='ltr'><strong>et</strong></span> <span class='ocrx_word' id='word_1_173' title='bbox 1543 1550 1723 1595; x_wconf 73' lang='lat' dir='ltr'><strong>Calvisio,</strong></span> <span class='ocrx_word' id='word_1_174' title='bbox 1754 1551 1902 1589; x_wconf 85' lang='lat' dir='ltr'><strong>studio-</strong></span> 
     </span>
     <span class='ocr_line' id='line_1_21' title="bbox 524 1615 1901 1660; baseline 0.001 -7"><span class='ocrx_word' id='word_1_175' title='bbox 524 1616 673 1653; x_wconf 84' lang='lat' dir='ltr'><strong>fiffimis</strong></span> <span class='ocrx_word' id='word_1_176' title='bbox 695 1615 767 1659; x_wconf 85' lang='lat' dir='ltr'><strong>tui,</strong></span> <span class='ocrx_word' id='word_1_177' title='bbox 790 1628 883 1652; x_wconf 90' lang='lat' dir='ltr'><strong>cum</strong></span> <span class='ocrx_word' id='word_1_178' title='bbox 904 1616 1123 1660; x_wconf 86' lang='lat' dir='ltr'><strong>Dardanus,</strong></span> <span class='ocrx_word' id='word_1_179' title='bbox 1145 1617 1308 1654; x_wconf 89' lang='lat' dir='ltr'><strong>libertus</strong></span> <span class='ocrx_word' id='word_1_180' title='bbox 1331 1625 1436 1660; x_wconf 87' lang='lat' dir='ltr'><strong>tuus,</strong></span> <span class='ocrx_word' id='word_1_181' title='bbox 1458 1615 1664 1654; x_wconf 83' lang='lat' dir='ltr'><strong>intereffet.</strong></span> <span class='ocrx_word' id='word_1_182' title='bbox 1701 1616 1901 1654; x_wconf 88' lang='lat' dir='ltr'><strong>Omnibus</strong></span> 
     </span>
     <span class='ocr_line' id='line_1_22' title="bbox 522 1680 1878 1734; baseline 0.001 -16"><span class='ocrx_word' id='word_1_183' title='bbox 522 1681 680 1733; x_wconf 83' lang='lat' dir='ltr'><strong>probari</strong></span> <span class='ocrx_word' id='word_1_184' title='bbox 701 1680 903 1718; x_wconf 84' lang='lat' dir='ltr'><strong>videbatur</strong></span> <span class='ocrx_word' id='word_1_185' title='bbox 923 1681 1045 1719; x_wconf 88' lang='lat' dir='ltr'><strong>oratio</strong></span> <span class='ocrx_word' id='word_1_186' title='bbox 1066 1694 1177 1720; x_wconf 85' lang='lat' dir='ltr'><strong>mea:</strong></span> <span class='ocrx_word' id='word_1_187' title='bbox 1210 1681 1273 1718; x_wconf 91' lang='lat' dir='ltr'><strong>sed</strong></span> <span class='ocrx_word' id='word_1_188' title='bbox 1295 1689 1336 1718; x_wconf 84' lang='lat' dir='ltr'><strong>tu</strong></span> <span class='ocrx_word' id='word_1_189' title='bbox 1358 1682 1507 1734; x_wconf 85' lang='lat' dir='ltr'><strong>optime</strong></span> <span class='ocrx_word' id='word_1_190' title='bbox 1521 1681 1733 1732; x_wconf 86' lang='lat' dir='ltr'><strong>judicabis.</strong></span> <span class='ocrx_word' id='word_1_191' title='bbox 1767 1681 1878 1719; x_wconf 83' lang='lat' dir='ltr'><strong>Vale.</strong></span> 
     </span>
    </p>
   </div>
   <div class='ocr_carea' id='block_1_3' title="bbox 805 1879 1596 1917">
    <p class='ocr_par' dir='ltr' id='par_1_3' title="bbox 805 1879 1596 1917">
     <span class='ocr_line' id='line_1_23' title="bbox 805 1879 1596 1917; baseline 0 0"><span class='ocrx_word' id='word_1_192' title='bbox 805 1880 869 1917; x_wconf 89' lang='lat' dir='ltr'><strong>M.</strong></span> <span class='ocrx_word' id='word_1_193' title='bbox 903 1880 1143 1916; x_wconf 81' lang='lat' dir='ltr'>CICERO</span> <span class='ocrx_word' id='word_1_194' title='bbox 1184 1879 1429 1917; x_wconf 81' lang='lat' dir='ltr'>FURN10</span> <span class='ocrx_word' id='word_1_195' title='bbox 1471 1880 1509 1916; x_wconf 88' lang='lat' dir='ltr'><strong>S.</strong></span> <span class='ocrx_word' id='word_1_196' title='bbox 1541 1879 1596 1917; x_wconf 92' lang='lat' dir='ltr'><strong>D.</strong></span> 
     </span>
    </p>
   </div>
   <div class='ocr_carea' id='block_1_4' title="bbox 520 2003 1899 2580">
    <p class='ocr_par' dir='ltr' id='par_1_4' title="bbox 521 2003 1897 2076">
     <span class='ocr_line' id='line_1_24' title="bbox 521 2003 1897 2076; baseline 0.001 -33"><span class='ocrx_word' id='word_1_197' title='bbox 521 2005 677 2043; x_wconf 90' lang='lat' dir='ltr'>XXVI.</span> <span class='ocrx_word' id='word_1_198' title='bbox 702 2003 811 2076; x_wconf 87' lang='lat' dir='ltr'><strong>LE</strong></span> <span class='ocrx_word' id='word_1_199' title='bbox 828 2006 860 2043; x_wconf 94' lang='lat' dir='ltr'>C</span> <span class='ocrx_word' id='word_1_200' title='bbox 876 2005 944 2044; x_wconf 96' lang='lat' dir='ltr'><strong>TI</strong></span> <span class='ocrx_word' id='word_1_201' title='bbox 958 2006 979 2041; x_wconf 90' lang='lat' dir='ltr'>S</span> <span class='ocrx_word' id='word_1_202' title='bbox 1010 2004 1087 2042; x_wconf 86' lang='lat' dir='ltr'><strong>tuis</strong></span> <span class='ocrx_word' id='word_1_203' title='bbox 1108 2004 1246 2050; x_wconf 89' lang='lat' dir='ltr'><strong>literis,</strong></span> <span class='ocrx_word' id='word_1_204' title='bbox 1269 2005 1413 2056; x_wconf 86' lang='lat' dir='ltr'><strong>quibus</strong></span> <span class='ocrx_word' id='word_1_205' title='bbox 1435 2005 1667 2051; x_wconf 78' lang='lat' dir='ltr'><strong>declarabas,</strong></span> <span class='ocrx_word' id='word_1_206' title='bbox 1690 2015 1755 2043; x_wconf 84' lang='lat' dir='ltr'><strong>aut</strong></span> <span class='ocrx_word' id='word_1_207' title='bbox 1776 2006 1897 2044; x_wconf 87' lang='lat' dir='ltr'><strong>omit-</strong></span> 
     </span>
    </p>

    <p class='ocr_par' dir='ltr' id='par_1_5' title="bbox 520 2070 1899 2580">
     <span class='ocr_line' id='line_1_25' title="bbox 798 2070 1898 2123; baseline 0.001 -16"><span class='ocrx_word' id='word_1_208' title='bbox 798 2070 934 2108; x_wconf 85' lang='lat' dir='ltr'><strong>tendos</strong></span> <span class='ocrx_word' id='word_1_209' title='bbox 968 2070 1255 2114; x_wconf 80' lang='lat' dir='ltr'><strong>Narbonenses,</strong></span> <span class='ocrx_word' id='word_1_210' title='bbox 1286 2080 1352 2108; x_wconf 91' lang='lat' dir='ltr'><strong>aut</strong></span> <span class='ocrx_word' id='word_1_211' title='bbox 1383 2085 1475 2108; x_wconf 88' lang='lat' dir='ltr'><strong>cum</strong></span> <span class='ocrx_word' id='word_1_212' title='bbox 1501 2071 1677 2123; x_wconf 89' lang='lat' dir='ltr'><strong>periculo</strong></span> <span class='ocrx_word' id='word_1_213' title='bbox 1704 2071 1898 2109; x_wconf 80' lang='lat' dir='ltr'><strong>dimican-</strong></span> 
     </span>
     <span class='ocr_line' id='line_1_26' title="bbox 523 2135 1896 2187; baseline 0.001 -15"><span class='ocrx_word' id='word_1_214' title='bbox 523 2135 646 2180; x_wconf 78' lang='lat' dir='ltr'><strong>dum3</strong></span> <span class='ocrx_word' id='word_1_215' title='bbox 681 2135 781 2173; x_wconf 87' lang='lat' dir='ltr'><strong>illud</strong></span> <span class='ocrx_word' id='word_1_216' title='bbox 815 2136 938 2187; x_wconf 84' lang='lat' dir='ltr'><strong>magis</strong></span> <span class='ocrx_word' id='word_1_217' title='bbox 974 2135 1118 2180; x_wconf 77' lang='lat' dir='ltr'><strong>timui3</strong></span> <span class='ocrx_word' id='word_1_218' title='bbox 1155 2135 1262 2187; x_wconf 89' lang='lat' dir='ltr'><strong>quod</strong></span> <span class='ocrx_word' id='word_1_219' title='bbox 1295 2136 1462 2174; x_wconf 82' lang='lat' dir='ltr'><strong>vitatum</strong></span> <span class='ocrx_word' id='word_1_220' title='bbox 1494 2150 1572 2174; x_wconf 89' lang='lat' dir='ltr'><strong>non</strong></span> <span class='ocrx_word' id='word_1_221' title='bbox 1604 2135 1765 2173; x_wconf 88' lang='lat' dir='ltr'><strong>moleste</strong></span> <span class='ocrx_word' id='word_1_222' title='bbox 1798 2135 1896 2174; x_wconf 90' lang='lat' dir='ltr'><strong>fero.</strong></span> 
     </span>
     <span class='ocr_line' id='line_1_27' title="bbox 522 2200 1899 2252; baseline 0.001 -14"><span class='ocrx_word' id='word_1_223' title='bbox 522 2200 643 2252; x_wconf 85' lang='lat' dir='ltr'><strong>Qod</strong></span> <span class='ocrx_word' id='word_1_224' title='bbox 664 2201 709 2238; x_wconf 92' lang='lat' dir='ltr'><strong>de</strong></span> <span class='ocrx_word' id='word_1_225' title='bbox 731 2201 866 2238; x_wconf 86' lang='lat' dir='ltr'><strong>Planci</strong></span> <span class='ocrx_word' id='word_1_226' title='bbox 886 2210 924 2238; x_wconf 91' lang='lat' dir='ltr'><strong>et</strong></span> <span class='ocrx_word' id='word_1_227' title='bbox 945 2202 1056 2238; x_wconf 87' lang='lat' dir='ltr'><strong>Bruti</strong></span> <span class='ocrx_word' id='word_1_228' title='bbox 1078 2200 1285 2239; x_wconf 84' lang='lat' dir='ltr'><strong>concordia</strong></span> <span class='ocrx_word' id='word_1_229' title='bbox 1304 2201 1454 2247; x_wconf 87' lang='lat' dir='ltr'><strong>scribis,</strong></span> <span class='ocrx_word' id='word_1_230' title='bbox 1478 2202 1517 2240; x_wconf 88' lang='lat' dir='ltr'><strong>in</strong></span> <span class='ocrx_word' id='word_1_231' title='bbox 1539 2215 1584 2239; x_wconf 87' lang='lat' dir='ltr'><strong>eo</strong></span> <span class='ocrx_word' id='word_1_232' title='bbox 1605 2202 1664 2240; x_wconf 92' lang='lat' dir='ltr'><strong>vel</strong></span> <span class='ocrx_word' id='word_1_233' title='bbox 1686 2202 1899 2239; x_wconf 80' lang='lat' dir='ltr'><strong>maximam</strong></span> 
     </span>
     <span class='ocr_line' id='line_1_28' title="bbox 522 2266 1897 2319; baseline 0 -15"><span class='ocrx_word' id='word_1_234' title='bbox 522 2266 628 2319; x_wconf 90' lang='lat' dir='ltr'><strong>spem</strong></span> <span class='ocrx_word' id='word_1_235' title='bbox 649 2279 753 2318; x_wconf 88' lang='lat' dir='ltr'><strong>pono</strong></span> <span class='ocrx_word' id='word_1_236' title='bbox 774 2266 954 2304; x_wconf 64' lang='lat' dir='ltr'><strong>victoriae.</strong></span> <span class='ocrx_word' id='word_1_237' title='bbox 988 2266 1050 2303; x_wconf 90' lang='lat' dir='ltr'><strong>De</strong></span> <span class='ocrx_word' id='word_1_238' title='bbox 1071 2266 1279 2304; x_wconf 87' lang='lat' dir='ltr'><strong>Gallorum</strong></span> <span class='ocrx_word' id='word_1_239' title='bbox 1301 2266 1426 2304; x_wconf 88' lang='lat' dir='ltr'><strong>studio</strong></span> <span class='ocrx_word' id='word_1_240' title='bbox 1448 2280 1516 2304; x_wconf 88' lang='lat' dir='ltr'><strong>nos</strong></span> <span class='ocrx_word' id='word_1_241' title='bbox 1537 2266 1746 2318; x_wconf 83' lang='lat' dir='ltr'><strong>aliquando</strong></span> <span class='ocrx_word' id='word_1_242' title='bbox 1762 2267 1897 2304; x_wconf 89' lang='lat' dir='ltr'><strong>nosce-</strong></span> 
     </span>
     <span class='ocr_line' id='line_1_29' title="bbox 521 2331 1895 2384; baseline -0.001 -15"><span class='ocrx_word' id='word_1_243' title='bbox 521 2345 625 2376; x_wconf 87' lang='lat' dir='ltr'><strong>mus,</strong></span> <span class='ocrx_word' id='word_1_244' title='bbox 644 2341 687 2368; x_wconf 93' lang='lat' dir='ltr'><strong>ut</strong></span> <span class='ocrx_word' id='word_1_245' title='bbox 708 2331 857 2376; x_wconf 80' lang='lat' dir='ltr'><strong>scribis,</strong></span> <span class='ocrx_word' id='word_1_246' title='bbox 876 2332 986 2382; x_wconf 84' lang='lat' dir='ltr'><strong>cujus</strong></span> <span class='ocrx_word' id='word_1_247' title='bbox 1008 2331 1048 2368; x_wconf 90' lang='lat' dir='ltr'><strong>id</strong></span> <span class='ocrx_word' id='word_1_248' title='bbox 1067 2345 1182 2384; x_wconf 86' lang='lat' dir='ltr'><strong>opera</strong></span> <span class='ocrx_word' id='word_1_249' title='bbox 1202 2333 1372 2370; x_wconf 83' lang='lat' dir='ltr'><strong>maxime</strong></span> <span class='ocrx_word' id='word_1_250' title='bbox 1391 2332 1607 2370; x_wconf 83' lang='lat' dir='ltr'><strong>excitatum</strong></span> <span class='ocrx_word' id='word_1_251' title='bbox 1623 2332 1682 2369; x_wconf 85' lang='lat' dir='ltr'><strong>fit.</strong></span> <span class='ocrx_word' id='word_1_252' title='bbox 1716 2332 1895 2383; x_wconf 85' lang='lat' dir='ltr'><strong>Sedjam,</strong></span> 
     </span>
     <span class='ocr_line' id='line_1_30' title="bbox 520 2396 1896 2449; baseline -0.001 -14"><span class='ocrx_word' id='word_1_253' title='bbox 520 2396 623 2435; x_wconf 77' lang='lat' dir='ltr'><strong>mihi</strong></span> <span class='ocrx_word' id='word_1_254' title='bbox 643 2397 768 2442; x_wconf 89' lang='lat' dir='ltr'><strong>crede,</strong></span> <span class='ocrx_word' id='word_1_255' title='bbox 800 2397 1072 2448; x_wconf 84' lang='lat' dir='ltr'><strong>cognovimus.</strong></span> <span class='ocrx_word' id='word_1_256' title='bbox 1114 2398 1250 2449; x_wconf 88' lang='lat' dir='ltr'><strong>Itaque</strong></span> <span class='ocrx_word' id='word_1_257' title='bbox 1265 2398 1555 2449; x_wconf 83' lang='lat' dir='ltr'><strong>jucundiffimis</strong></span> <span class='ocrx_word' id='word_1_258' title='bbox 1577 2398 1654 2434; x_wconf 85' lang='lat' dir='ltr'><strong>tuis</strong></span> <span class='ocrx_word' id='word_1_259' title='bbox 1676 2396 1797 2434; x_wconf 86' lang='lat' dir='ltr'><strong>literis</strong></span> <span class='ocrx_word' id='word_1_260' title='bbox 1819 2397 1896 2434; x_wconf 91' lang='lat' dir='ltr'><strong>sto-</strong></span> 
     </span>
     <span class='ocr_line' id='line_1_31' title="bbox 520 2462 1893 2509; baseline -0.001 -8"><span class='ocrx_word' id='word_1_261' title='bbox 520 2462 721 2501; x_wconf 82' lang='lat' dir='ltr'><strong>machatus</strong></span> <span class='ocrx_word' id='word_1_262' title='bbox 743 2463 827 2501; x_wconf 90' lang='lat' dir='ltr'><strong>sum</strong></span> <span class='ocrx_word' id='word_1_263' title='bbox 847 2464 887 2500; x_wconf 91' lang='lat' dir='ltr'><strong>in</strong></span> <span class='ocrx_word' id='word_1_264' title='bbox 909 2471 1098 2500; x_wconf 84' lang='lat' dir='ltr'><strong>extremO.</strong></span> <span class='ocrx_word' id='word_1_265' title='bbox 1133 2463 1276 2500; x_wconf 83' lang='lat' dir='ltr'><strong>Scribis</strong></span> <span class='ocrx_word' id='word_1_266' title='bbox 1298 2464 1418 2509; x_wconf 87' lang='lat' dir='ltr'><strong>enim,</strong></span> <span class='ocrx_word' id='word_1_267' title='bbox 1450 2463 1476 2501; x_wconf 91' lang='lat' dir='ltr'>fi</span> <span class='ocrx_word' id='word_1_268' title='bbox 1498 2463 1538 2500; x_wconf 89' lang='lat' dir='ltr'><strong>in</strong></span> <span class='ocrx_word' id='word_1_269' title='bbox 1561 2462 1748 2500; x_wconf 87' lang='lat' dir='ltr'><strong>Sextilem</strong></span> <span class='ocrx_word' id='word_1_270' title='bbox 1768 2463 1893 2499; x_wconf 88' lang='lat' dir='ltr'><strong>comi-</strong></span> 
     </span>
     <span class='ocr_line' id='line_1_32' title="bbox 520 2526 1896 2580; baseline -0.002 -13"><span class='ocrx_word' id='word_1_271' title='bbox 520 2529 587 2575; x_wconf 85' lang='lat' dir='ltr'><strong>tia,</strong></span> <span class='ocrx_word' id='word_1_272' title='bbox 618 2529 697 2568; x_wconf 90' lang='lat' dir='ltr'><strong>cito</strong></span> <span class='ocrx_word' id='word_1_273' title='bbox 719 2538 781 2574; x_wconf 63' lang='lat' dir='ltr'><strong>te,</strong></span> <span class='ocrx_word' id='word_1_274' title='bbox 813 2529 867 2567; x_wconf 87' lang='lat' dir='ltr'><strong>fin</strong></span> <span class='ocrx_word' id='word_1_275' title='bbox 882 2528 967 2580; x_wconf 86' lang='lat' dir='ltr'><strong>jam</strong></span> <span class='ocrx_word' id='word_1_276' title='bbox 987 2527 1176 2573; x_wconf 62' lang='lat' dir='ltr'><strong>confecta,</strong></span> <span class='ocrx_word' id='word_1_277' title='bbox 1207 2528 1340 2574; x_wconf 77' lang='lat' dir='ltr'><strong>citius,</strong></span> <span class='ocrx_word' id='word_1_278' title='bbox 1372 2542 1420 2567; x_wconf 92' lang='lat' dir='ltr'><strong>ne</strong></span> <span class='ocrx_word' id='word_1_279' title='bbox 1441 2528 1591 2569; x_wconf 63' lang='lat' dir='ltr'><strong>diutius„</strong></span> <span class='ocrx_word' id='word_1_280' title='bbox 1609 2541 1701 2565; x_wconf 87' lang='lat' dir='ltr'><strong>cum</strong></span> <span class='ocrx_word' id='word_1_281' title='bbox 1720 2526 1896 2579; x_wconf 85' lang='lat' dir='ltr'><strong>periculo</strong></span> 
     </span>
    </p>
   </div>
  </div>
 </body>
</html>
