2351 2997
456 337 487 365 P·

715 238 1006 280 VARIAE
1092 238 1654 280 LECTIONES.

549 329 569 357 l.

458 377 493 406 53
542 378 577 397 10
597 369 649 398 fint
668 370 764 408 daefimt

453 771 492 802 54

455 1410 489 1439 55

453 2362 489 2392 57

534 423 575 430 —-
595 411 740 440 necessaria
754 426 767 440 υ
781 415 914 451 neceffizria
922 415 1041 452 puttffim

537 458 547 477 1
559 459 568 477 Ι
593 450 749 479 officiorum
763 453 787 485 -ῴ
802 453 970 489 beneficiorum

534 504 573 511 —
594 490 733 528 peripesta
748 493 767 519 P
778 495 890 529 perfidia

536 537 546 555 ι
556 538 570 565 3
594 539 674 566 agam
690 531 715 563 ψ
728 542 775 569 ago

535 577 573 597 20
594 569 765 606 perspetstum
781 584 804 604 v,
815 570 1015 609 slapeffiriptum

535 617 550 634 2
556 617 570 643 3
593 607 653 635 haec
668 621 682 636 v
695 609 740 638 hoc
1044 606 1048 611 ¹

535 656 572 681 24
592 656 717 676 meorum
732 650 757 683 ψ
771 660 835 678 mcor
836 661 925 689 umque
936 651 1031 679 dicrum

534 695 571 722 29
594 694 661 714 tunc
675 689 695 716 P
706 698 760 718 tum

535 735 573 762 30
594 736 644 764 per
659 729 678 755 P
693 737 716 755 et
727 738 775 766 per
787 744 800 758 v
814 738 837 759 et
846 732 947 768 perflare

555 774 564 793 1
590 766 643 793 effe
659 781 673 795 v
687 768 712 795 d.

555 815 570 834 2
593 805 621 833 id
636 819 650 834 v
663 809 694 835 id
703 819 739 836 me

555 854 569 882 3
593 845 660 890 Erat
675 847 704 874 id
719 861 732 875 v
746 849 788 885 ff
801 847 836 875 ad

552 895 571 919 4
592 893 632 912 ita
645 899 658 913 u
673 895 697 914 te

553 924 572 952 6
594 934 681 962 prope
695 926 720 959 ψ
730 933 834 963 propter

553 972 569 999 7
593 964 740 992 Laodiceae
755 964 775 993 P
786 965 922 994 Laudicea·

537 1011 572 1030 10
593 1011 686 1040 putem
704 1005 799 1042 Ppulo

538 1050 571 1069 12
592 1043 736 1072 celerrime
750 1045 774 1079 ψ
788 1045 922 1073 celerrimis

531 1096 575 1105 ·—·
595 1091 622 1111 et
639 1094 723 1120 quarn
738 1085 914 1113 creberrimis
930 1085 950 1112 P
965 1086 989 1114 d.

537 1133 569 1161 ις
593 1123 683 1151 audeo
697 1123 721 1157 ψ
735 1125 805 1152 debeo

535 1164 571 1191 16
593 1163 669 1199 prius
686 1171 714 1191 ut
730 1164 936 1192 te<conveniam
952 1165 972 1192 P
986 1177 999 1192 v
1013 1166 1042 1194 d.

530 1216 572 1225 -—
591 1212 675 1240 quam
696 1203 721 1237 ψ
735 1206 802 1241 quod

533 1251 566 1271 21
592 1242 693 1270 abesses
707 1245 842 1281 vpraeffs

534 1291 571 1318 24
592 1281 641 1309 fibi
657 1283 712 1319 uſs

531 1337 571 1345 —
593 1322 664 1349 Sane
680 1323 699 1349 P
711 1322 736 1355 ψ
751 1323 817 1351 Sane
829 1331 912 1351 amem

535 1371 569 1399 25
594 1361 666 1389 Vale
679 1361 700 1389 P
715 1362 740 1389 d.

536 1410 571 1438 14
592 1401 626 1429 iis
641 1402 665 1435 ψ
679 1403 713 1428 iis
726 1401 813 1430 multis

531 1456 567 1463 —-
591 1450 643 1477 ego
657 1454 670 1469 v
684 1442 708 1469 d.

536 1489 569 1517 ¹7
593 1482 693 1518 ltaque
707 1488 735 1509 et
751 1480 771 1508 P
785 1481 830 1509 Ita

534 1530 569 1549 22
592 1520 726 1548 disceffisti
742 1520 762 1548 P
776 1521 891 1559 decffsti

535 1570 572 1597 24
593 1560 645 1588 tibi
661 1561 680 1588 P
693 1562 720 1587 d.

531 1614 571 1621 -
592 1599 784 1628 decedendum
800 1613 813 1627 υ
820 1599 999 1635 sicccedendum
1010 1603 1034 1635 ψ
1044 1602 1159 1630 acceden-

633 1641 691 1667 dum

534 1688 568 1716 25
591 1679 648 1706 illis
664 1693 688 1712 υ,
701 1679 726 1712 ᾧ
740 1679 765 1706 d.

533 1719 570 1746 26
591 1719 721 1756 ignorant
738 1719 756 1746 P
771 1717 796 1753 ψ
811 1721 924 1755 ignorent

532 1768 568 1793 27
591 1758 718 1787 videatur
733 1757 760 1792 ψ
772 1758 914 1786 videbatur

532 1799 569 1826 28
591 1798 712 1826 venirem
727 1796 754 1832 ψ
769 1803 834 1826 veni

533 1847 569 1874 ²9
591 1837 710 1865 Tarsum
726 1838 751 1872 ψ
764 1836 893 1875 Tharfiam

555 1887 568 1914 3
592 1877 641 1904 fibi
658 1876 683 1910 ψ
697 1879 748 1905 tibi

552 1928 570 1953 4
591 1917 668 1954 Qin
684 1916 710 1950 ψ
724 1921 769 1955 qui

552 1958 570 1984 6
592 1957 703 1983 videtur
719 1958 737 1983 P
753 1957 889 1985 videretur

553 2005 571 2033 9
592 2005 654 2033 quae
670 2009 682 2022 υ
697 1997 820 2033 quaejam

535 2045 570 2071 ¹4
591 2035 739 2072 probatum
757 2048 770 2062 v
780 2035 916 2072 probatum
928 2036 996 2064 dedit

537 2085 569 2113 ις
592 2083 770 2103 evocatorum
786 2076 810 2109 ψ
824 2085 989 2104 evocaturum

532 2130 572 2136 —
592 2115 732 2142 videretur
744 2128 768 2147 v,
782 2116 807 2149 ψ
822 2115 958 2143 videbatur

535 2157 569 2183 18
594 2154 703 2182 usurum
720 2153 746 2188 ψ
759 2155 874 2190 vryiffum

530 2209 571 2216 —
592 2194 667 2231 quod
682 2204 715 2221 ne
731 2203 803 2221 nunc
818 2194 934 2232 quidem
950 2194 1065 2233 despero
1079 2194 1105 2231 ψ
1118 2195 1143 2224 d.

533 2244 568 2271 23
590 2234 742 2261 correxeris
757 2247 770 2261 υ
783 2235 920 2270 conceſjtris

532 2283 569 2311 29
591 2274 807 2301 commod=ffime
827 2275 1019 2312 vjucundffme

531 2328 571 2335 —
591 2313 663 2340 Vale
682 2314 700 2340 P
715 2314 740 2340 d.

554 2363 568 2390 3
591 2352 737 2380 Laodiceae
754 2354 778 2387 ψ
794 2353 926 2382 Laudiceoe

553 2394 570 2420 6
593 2392 774 2421 reddiderunt
788 2407 801 2420 υ
816 2394 976 2421 tradiderunt

534 2441 570 2460 ιο
590 2440 720 2469 peracute
736 2432 756 2459 P
768 2440 933 2470 peractus-ate

537 2482 546 2500 1
557 2482 566 2500 ι
591 2472 668 2501 enim
684 2472 708 2505 ψ
723 2472 749 2499 d.

1215 344 1243 372 p.

1216 383 1253 412 57

1217 533 1253 570 58

1217 1254 1255 1283 59

1217 1838 1255 1866 60

1214 2393 1250 2422 61

1301 381 1334 400 12
1356 371 1524 409 cognoscere
1538 386 1552 401 o
1566 372 1725 410 cognosterem

1294 426 1335 433 --
1354 412 1496 448 poss'emm
1513 411 1540 447 ψ
1552 413 1579 440 d.

1300 459 1331 487 13
1357 451 1460 478 Cilicia
1472 452 1630 488 recepiffem
1647 452 1667 480 P
1679 466 1692 480 v
1703 452 1761 480 alia
1774 462 1800 480 re
1813 455 1867 490 cepi

1297 498 1333 525 17
1355 490 1513 527 cognossem
1529 491 1549 518 P
1563 504 1576 519 υ
1589 493 1750 528 cognoscerem

1318 531 1334 557 8
1356 529 1508 558 Praesertim
1525 540 1588 557 cum
1606 531 1625 557 P
1640 544 1663 563 υ,
1676 530 1701 565 ψ
1712 532 1738 559 d.

1298 579 1331 607 ¹3
1357 572 1430 604 (mea
1442 569 1588 603 sententia)
1614 569 1641 603 ψ
1655 572 1826 608 measstntias

1294 625 1335 632 --
1355 608 1462 635 summa
1475 622 1488 636 v
1495 610 1596 643 summa
1608 613 1686 638 etiam
1698 611 1813 639 domina

1299 659 1335 687 14
1357 648 1515 676 urbanitate
1531 649 1550 676 P
1565 662 1588 682 v,
1603 647 1630 683 ψ
1641 651 1814 678 urbanitatem

1300 698 1333 726 ¹9
1356 687 1429 715 viros
1442 688 1462 715 P
1477 689 1501 722 ψ
1514 691 1588 717 viros
1598 698 1637 717 eos

1294 744 1335 750 —
1355 727 1435 755 vobis
1451 741 1464 755 υ
1478 728 1550 756 nobis

1298 778 1329 797 21
1356 767 1475 805 gloriam
1491 781 1504 796 v
1515 770 1636 806 gratiam

1297 818 1335 844 24
1355 806 1399 834 vel
1414 819 1427 834 v
1441 807 1466 834 d.

1297 858 1332 884 ²3
1354 846 1412 884 ipse
1427 860 1440 874 υ
1453 847 1503 884 ipſs

1296 887 1333 915 26
1355 894 1384 914 ut
1400 886 1418 912 P
1433 887 1459 913 d.

1293 941 1334 948 —
1353 926 1460 958 εὐγένιυι
1476 925 1495 953 Ρ
1506 925 1532 952 d.
1548 927 1620 959 (cum
1628 926 1733 963 spatio}
1748 939 1762 954 v
1774 925 1922 956 excellentia

1401 965 1425 998 ψ
1440 966 1548 997 amimae
1561 964 1692 1003 intelligas

1298 1014 1333 1042 27
1356 1003 1554 1032 Athen0.lorus
1572 1005 1591 1032 P
1609 1014 1633 1032 ee
1648 1004 1819 1033 Athenodorus
1832 1019 1845 1033 υ
1859 1006 1925 1043 etfi

1401 1043 1584 1071 Athenodorius

1294 1099 1335 1107 ——-
1355 1083 1491 1112 Sandonis
1505 1097 1519 1111 v
1535 1083 1652 1113 Scadonis

1297 1134 1333 1163 29
1354 1124 1439 1151 etiam
1463 1136 1476 1150 v
1490 1126 1524 1160 est

1298 1173 1335 1201 30
1356 1172 1419 1191 vere
1432 1176 1445 1190 u
1463 1163 1508 1199 ff

1298 1213 1334 1241 32
1357 1203 1476 1230 videaris
1488 1203 1513 1237 ψ
1527 1203 1626 1231 videris

1321 1253 1331 1273 1
1358 1241 1418 1278 παρ’
1431 1256 1511 1264 —·
1526 1244 1596 1273 Ζεύς.
1619 1243 1639 1271 Ρ
1654 1243 1681 1271 d.
1704 1241 1893 1280 (tumspatio)

1317 1293 1333 1312 2
1355 1285 1381 1312 κέ
1409 1282 1434 1315 ψ
1458 1281 1501 1317 κα)

1293 1338 1335 1347 -
1355 1322 1467 1361 μητῖιται
1487 1322 1513 1356 ψ
1526 1323 1649 1358 μητῐευπι

1315 1363 1332 1391 6
1354 1362 1408 1391 mei
1425 1361 1684 1400 benevolentiaeque
1705 1374 1719 1390 v
1734 1373 1795 1390 meae
1812 1363 1920 1390 beneva-

1394 1402 1482 1428 lemiae

1316 1451 1331 1478 7
1355 1441 1430 1469 Vale
1447 1440 1467 1466 Ρ
1481 1440 1508 1467 d.

1298 1491 1333 1510 10
1353 1482 1417 1509 esses
1431 1492 1445 1507 υ
1459 1479 1515 1515 effer

1299 1531 1308 1549 1
1318 1531 1332 1549 2
1355 1522 1390 1549 de
1405 1534 1418 1548 υ
1432 1520 1456 1546 d.

1299 1570 1331 1597 ¹5
1356 1568 1404 1588 aut
1422 1560 1439 1586 Ρ
1454 1559 1478 1592 ψ
1493 1559 1521 1585 d.

1298 1601 1332 1628 16
1355 1600 1403 1627 nisi
1421 1597 1447 1632 ψ
1463 1599 1490 1624 ni
1504 1607 1542 1625 me

1298 1642 1330 1667 18
1353 1645 1482 1677 ageretur
1496 1650 1509 1664 υ
1524 1644 1610 1674 ageret

1296 1689 1331 1707 22
1353 1677 1556 1717 significatione
1572 1677 1591 1704 P
1605 1676 1797 1712 ufhllicimdine
1809 1678 1922 1716 nsigni-

1392 1719 1515 1763 fictitios-ze

1297 1769 1331 1796 25
1354 1756 1554 1786 imminutione
1569 1770 1582 1784 v
1596 1758 1772 1785 immutatione

1298 1809 1334 1837 29
1356 1797 1496 1836 principes
1512 1797 1535 1830 ψ
1547 1805 1571 1833 p
1568 1808 1615 1824 nu
1608 1804 1659 1833 ceps

1318 1848 1333 1866 2
1357 1840 1393 1875 Sy
1398 1848 1430 1865 n1
1436 1837 1495 1865 adis
1515 1837 1534 1863 P
1552 1838 1658 1873 Synadis
1671 1836 1811 1874 ostendis

1316 1888 1330 1915 3
1354 1849 1446 1905 veyrbis
1461 1877 1485 1910 «ᾧ
1500 1876 1571 1904 rebus

1294 1932 1335 1940 —
1354 1917 1480 1955 Appium
1495 1913 1652 1943 Claudium
1667 1916 1687 1943 P
1698 1914 1922 1952 vApudCIodium

1398 1955 1425 1990 ’ψ
1440 1958 1505 1992 App.
1523 1956 1637 1983 Clodium

1313 2006 1334 2033 4
1355 1995 1552 2034 Myndenfium
1577 2009 1590 2023 v
1611 1994 1744 2031 Medefium
1769 1993 1797 2029 ψ
1817 1994 1921 2023 Midea-

1403 2043 1461 2063 lcum

1316 2083 1334 2112 7
1356 2063 1509 2103 meminisse
1525 2074 1544 2101 P
1558 2076 1655 2102 mcmim
1675 2083 1711 2101 em

1299 2125 1308 2143 1
1320 2125 1329 2143 ι
1355 2115 1404 2152 qui
1419 2115 1439 2142 P
1454 2118 1510 2152 quis

1298 2165 1308 2184 1
1319 2166 1330 2191 ς
1355 2165 1409 2182 non
1426 2163 1482 2183 tam
1497 2167 1510 2181 υ
1525 2165 1586 2182 vero
1598 2160 1698 2182 tantam
1709 2154 1733 2187 ᾧ
1744 2160 1843 2181 tantum

1298 2195 1332 2222 ¹6
1355 2204 1438 2232 quam
1455 2208 1467 2222 v
1483 2201 1605 2231 quantam

1298 2244 1332 2273 19
1354 2235 1381 2262 in
1399 2244 1503 2262 meum.
1531 2232 1750 2270 Diligentiffime
1775 2245 1789 2260 v
1804 2234 1832 2260 in
1845 2242 1922 2262 meum

1400 2274 1611 2311 diligentiffimum

1296 2315 1331 2342 28
1355 2313 1558 2341 mittebantur:
1587 2326 1610 2344 υ,
1627 2311 1654 2348 ψ
1667 2311 1813 2341 mittebam.

1298 2363 1332 2390 32
1356 2353 1439 2390 usque
1454 2366 1466 2381 v
1481 2353 1529 2380 hac
1543 2353 1616 2390 usque

1318 2402 1331 2429 3
1356 2392 1494 2430 Synnadis
1509 2393 1534 2426 ψ
1549 2392 1661 2420 Sinadeis

1316 2435 1331 2460 8
1355 2442 1371 2460 a
1385 2442 1430 2460 me
1449 2446 1462 2461 υ
1476 2435 1552 2461 inane
1566 2430 1592 2467 ψ
1607 2441 1644 2460 me
