2351 2997
639 252 732 290 AD
792 248 1265 291 FAMILIARES
1317 251 1454 294 ΜΒ.
1504 253 1617 295 xv1.
1744 270 1818 309 μμ

427 348 560 387 venire
574 357 816 402 oportuerat,
835 361 915 387 non
931 357 1100 387 venerat.
1130 349 1362 389 Incredibili
1382 351 1468 389 sum
1486 351 1753 391 sollicitudine
1773 355 1819 392 de

427 423 495 453 tua
513 414 764 454 valetudine:
795 428 874 468 qua
902 414 929 453 fi
959 429 1023 453 me
1054 414 1246 461 liberaris,
1275 430 1350 469 ego
1372 425 1409 455 te
1429 417 1540 455 omni
1561 431 1653 456 cura
1673 418 1816 458 libera-

427 480 493 518 bo.
539 481 657 519 Plura
687 480 911 526 scriberem,
931 480 968 519 's1
995 482 1078 533 jam
1100 490 1277 534 putarem
1300 482 1470 521 libenter
1490 492 1527 521 te
1548 483 1675 536 legere
1695 485 1813 537 poffe.

426 545 640 598 Ingenium
671 555 801 591 tuum,
831 545 940 598 quod
970 559 1043 598 ego
1074 547 1240 585 maximi
1269 545 1388 600 facio,
1419 548 1555 586 confer
1574 550 1619 586 ad
1633 558 1678 587 “te
1699 549 1815 594 mihi,

423 610 581 665 tibique
601 611 924 651 conservandum.
969 612 1075 650 Cura
1108 621 1144 650 te
1170 613 1288 650 etiam
1310 622 1427 666 atque
1447 615 1566 652 etiam
1587 615 1811 668 diligenter„

422 675 536 715 Vale.

484 743 637 794 Scripta
650 742 734 793 jam
755 740 931 793 epistola,
955 737 1129 779 Hermia
1147 742 1269 780 venit.
1308 742 1459 795 Accepi
1481 751 1587 782 tuam
1610 744 1812 797 epistolam

369 796 372 797 ⁷
421 807 698 846 vacillantibus
720 807 887 846 literulis
908 821 916 845 :
950 819 1022 845 nec
1043 808 1206 852 mirum,
1238 817 1316 847 tam
1339 809 1447 861 gravi
1467 810 1623 849 morbo.
1658 812 1746 864 Ego
1764 814 1812 851 ad

419 881 460 911 te
491 874 707 926 AEgyptam
733 873 841 917 mifi,
872 872 980 926 quod
1012 887 1083 912 nec
1116 873 1356 913 inhumanus
1386 874 1454 919 est,
1485 883 1523 912 et
1556 884 1593 913 te
1625 878 1727 915 visus
1759 879 1812 918 est

420 938 523 977 mihi
543 939 721 991 diligere,
751 948 796 977 ut
824 939 859 977 is
890 948 1023 977 tecum
1043 939 1161 984 effet5
1193 950 1345 978 etcum
1366 953 1412 978 eo
1432 953 1590 984 cocum,
1621 956 1701 993 quo
1724 954 1809 982 ute-

418 1017 516 1045 rere.
550 1004 662 1043 Vale,

567 1204 700 1256 QC.
733 1205 796 1243 M.
826 1206 1134 1243 ›CxcssRom
1169 1205 1403 1244 FRATRI
1449 1207 1483 1244 S.
1521 1207 1565 1245 P„
1597 1209 1652 1247 D„

415 1332 530 1371 XVI.
549 1333 680 1408 DE
710 1329 858 1378 Tirone,
889 1332 942 1371 mi
970 1333 1120 1376 Marce,
1151 1332 1207 1370 ita
1234 1341 1285 1377 te,
1314 1346 1498 1387 meumque
1518 1336 1739 1384 Ciceronem,
1771 1349 1807 1376 er

669 1411 782 1436 meam
803 1393 1009 1442 Tulliolam,
1039 1406 1213 1449 tuumque
1216 1398 1343 1448 filium
1363 1398 1520 1445 videam,
1543 1411 1586 1439 ut
1604 1402 1696 1440 mihi
1707 1417 1805 1455 gra-

409 1464 579 1516 ,tffmum
590 1462 736 1516 1,Ῑίέεξβιζ
762 1476 847 1501 cum
865 1477 944 1501 eum
964 1461 1153 1515 indignum
1173 1462 1237 1500 illa
1241 1463 1424 1515 firtuna,
1455 1479 1500 1503 ac
1516 1466 1616 1505 nobis
1635 1468 1804 1514 amicum,

410 1544 520 1583 quam
534 1531 707 1582 firvum,
737 1527 800 1580 {ffi'
828 1527 997 1579 maluisti.
1041 1527 1149 1565 Mihi
1165 1527 1282 1573 crede,
1314 1528 1389 1566 tuis
1407 1539 1445 1567 et
1463 1530 1560 1568 illius
1578 1532 1699 1570 literis
1712 1541 1805 1585 per-

410 1595 525 1640 leais,
554 1593 681 1647 eoffilui
693 1592 843 1645 gaudio.
888 1590 977 1631 Tibi
1004 1601 1041 1631 et
1068 1607 1137 1645 ago
1158 1593 1324 1645 gratias,
1354 1603 1392 1632 et
1413 1597 1607 1647 gratulor.
1653 1598 1699 1636 Si
1713 1601 1806 1638 enim

410 1661 504 1701 mihi
521 1660 642 1699 Statii
643 1659 813 1712 fidelitas
831 1659 877 1712 est
896 1668 1017 1698 tantae
1036 1659 1250 1712 voluptati:
1273 1661 1408 1712 quanti
1422 1661 1486 1714 -ff
1503 1662 1542 1700 in
1562 1662 1622 1715 ssa
1641 1663 1721 1703 haec
1738 1680 1803 1704 ea.-

409 1727 487 1766 dem
521 1725 613 1765 bona
645 1725 787 1771 debent,
827 1725 964 1764 additis
996 1725 1129 1770 literis,
1154 1725 1398 1779 sermonibus,
1439 1726 1685 1775 humanitate,
1722 1745 1804 1784 quae

392 1795 495 1848 sunt
512 1792 571 1830 his
589 1791 671 1845 {osis
698 1790 883 1830 commodis
895 1791 1045 1844 potiora
1058 1790 1080 1829 ,ἒ
1108 1792 1204 1830 Amo
1223 1800 1261 1829 te
1280 1791 1440 1829 omnibus
1459 1792 1617 1845 equidem
1636 1795 1803 1834 maximis

408 1858 451 1897 de
469 1858 596 1909 cazfsis,
625 1870 755 1895 verum
774 1857 884 1895 etiam
897 1865 1057 1910 propter
1075 1856 1184 1902 hanc,
1214 1857 1280 1895 vel
1294 1857 1391 1910 quod
1405 1857 1498 1896 mihi
1509 1859 1585 1910 stc,
1615 1868 1659 1898 ut
1688 1859 1801 1900 debu-

404 1923 478 1974 isti,
507 1920 697 1974 nuntiasti.
743 1918 795 1961 Te
825 1931 942 1961 totum
973 1923 1011 1962 in
1032 1922 1152 1962 literis
1171 1921 1266 1962 vidi.
1311 1921 1444 1962 Sabini
1453 1923 1584 1976 pueris
1601 1926 1803 1979 etpromg'fi

406 1988 539 2034 omnia,
568 1988 773 2041 etfaciam.
801 1988 908 2029 Vale.
1790 2016 1794 2019 Δ

721 2189 862 2228 Μ.Τ.
896 2190 1219 2228 C.T1RON1
1267 2188 1382 2227 31³.
1416 2190 1467 2228 D0

406 2318 536 2358 XVII.
559 2317 634 2389 V
649 2317 667 2356 Ι
684 2318 722 2356 D
738 2316 772 2355 E
789 2317 826 2356 Ο
857 2318 955 2371 quid
984 2330 1086 2370 agas.
1132 2319 1240 2357 Tuas
1271 2330 1431 2371 quoque
1450 2318 1630 2371 epistolas
1652 2322 1710 2360 vis
1732 2335 1792 2360 ree

656 2383 749 2422 ferri
769 2383 810 2421 in
831 2384 1048 2423 volumina,
1080 2384 1153 2422 Sed
1173 2383 1270 2423 heus
1292 2392 1351 2429 tu,
1376 2384 1447 2438 qui
1466 2380 1571 2421 κοινῶν
1589 2385 1662 2424 ess‘e
1682 2399 1792 2424 meo-

402 2462 492 2488 rum
513 2448 751 2502 scriptorum
771 2449 882 2495 soles,
913 2450 1017 2489 unde
1037 2449 1138 2489 illud
1159 2460 1239 2490 tarn
1259 2447 1386 2501 ἄκυρον,
1413 2450 1623 2489 valetudini
1623 2450 1794 2503 fideliter

402 2514 630 2569 irgstrviendo
647 2514 667 2553 ἓ
698 2515 814 2555 Unde
848 2516 890 2555 in
922 2516 1041 2556 istum
1071 2517 1206 2556 locum
1222 2516 1392 2569 fideliter
1417 2516 1557 2555 venit?
1582 2516 1653 2555 cui
1674 2517 1796 2557 verbo

487 2581 560 2621 To
573 2594 628 2622 M.
658 2581 752 2622 VII„
1341 2582 1378 2620 K
1407 2580 1434 2619 k
1464 2580 1489 2619 k
