2351 2997
636 270 730 308 AD
789 270 1256 314 FAMILIARES
1316 278 1449 319 LIB.
1501 284 1576 322 111.
1748 303 1798 343 55

412 368 452 406 in
471 376 622 420 ‚partem
642 370 854 422 provinciae
875 374 1046 412 maxime
1066 384 1221 428 putaret
1248 385 1285 416 te
1307 380 1420 425 velle,
1454 391 1496 420 ut
1516 383 1557 421 in
1586 384 1796 426 succeden-

409 431 459 469 do
479 433 654 484 primum
675 436 862 475 venirem.
888 439 993 477 Cum
1015 440 1083 478 ille
1103 441 1204 480 mihi
1228 443 1492 496 respondisset,
1515 448 1617 487 nihil
1638 465 1701 489 me
1723 454 1797 492 tibi

409 497 556 548 gratius
587 497 712 538 facere
738 502 854 553 poffe,
887 517 1004 556 quam
1035 505 1061 543 fi
1091 507 1137 544 ad
1167 508 1298 547 Sidam
1329 513 1587 565 navigaffem3
1620 517 1686 555 etfi
1715 520 1796 557 mi-

408 576 481 601 nus
504 564 706 617 dignitatis
726 566 896 607 habebat
917 570 984 608 ille
1004 571 1206 619 adventus,
1225 584 1262 612 et
1284 576 1330 614 ad
1352 580 1496 617 multas
1518 595 1575 619 res
1598 583 1699 622 mihi
1715 586 1795 624 mi-

408 642 481 667 nus
503 640 583 668 erat
602 642 730 684 aptus,
750 643 878 672 tamen
901 635 954 673 ita
974 651 1036 675 me
1058 638 1141 676 dixi
1161 639 1372 681 faciurum.
1398 645 1507 683 Idem
1529 662 1615 699 eg0,
1634 664 1726 689 cum
1743 653 1794 691 L.

409 695 600 734 Clodium
622 698 802 750 Corcyrae
822 702 1098 748 convenissem,
1122 703 1328 745 hominem
1350 709 1403 746 ita
1425 711 1497 748 tibi
1520 716 1794 766 conjunctum,

407 768 450 797 ut
470 760 587 806 mihi,
620 775 712 800 cum
733 764 804 802 illo
825 778 918 803 curn
940 767 1133 820 loquerer,
1167 780 1298 810 tecum
1320 774 1431 826 loqui
1452 776 1614 824 viderer,
1646 781 1728 819 dixi
1758 784 1794 821 ei

405 838 468 863 me
488 827 542 864 ita
561 826 757 867 facturum
777 830 863 876 effe,
886 842 929 870 ut
950 833 990 871 in
1012 848 1096 872 eam
1116 845 1282 888 partem,
1305 852 1424 891 quam
1447 841 1595 881 Phania
1615 847 1792 899 rogasset,

402 891 578 943 primum
599 894 787 934 venirem.
811 898 931 936 Tunc
952 899 1033 945 ille,
1057 901 1159 939 mihi
1179 916 1272 941 cum
1292 906 1433 957 gratias
1455 908 1601 960 egisset,
1624 925 1792 965 magno-

402 970 494 1009 pere
523 972 544 996 a
572 973 636 998 me
665 961 820 1013 petivit,
853 974 897 1002 ut
926 965 1162 1006 Laodiceam
1183 971 1363 1021 protinus
1385 973 1511 1013 irem:
1546 984 1582 1013 te
1603 977 1643 1015 in
1664 980 1792 1031 prima

402 1023 604 1074 provincia
623 1026 723 1064 velle
743 1027 829 1074 effe,
847 1039 891 1068 ut
911 1045 1030 1083 quam
1046 1033 1223 1085 primum
1244 1035 1466 1077 decederes:
1491 1041 1604 1093 quin,
1626 1045 1697 1082 nisi
1718 1059 1792 1098 ego

402 1088 590 1128 succeffor
609 1091 739 1138 effem,
771 1109 890 1147 quern
911 1105 954 1134 tu
976 1112 1135 1151 cuperes
1166 1100 1310 1148 videre,
1342 1113 1380 1141 te
1409 1114 1533 1152 antea,
1564 1121 1683 1160 quarn
1714 1112 1790 1151 tibi

400 1154 613 1194 succeffum
633 1159 737 1204 effet,
770 1160 1011 1201 deceffurum
1032 1164 1143 1204 fuiffe
1161 1181 1170 1205 :
1203 1169 1310 1220 quod
1331 1170 1493 1222 quidem
1523 1184 1602 1212 erat
1622 1177 1787 1216 consen-

399 1228 558 1259 taneum
579 1236 671 1260 cum
692 1224 739 1262 iis
760 1225 898 1272 literis,
931 1242 1025 1280 quas
1051 1244 1123 1283 ego
1146 1232 1284 1271 Rornae
1304 1248 1541 1289 acceperam,
1573 1254 1620 1278 ex
1641 1242 1787 1293 quibus

398 1286 627 1339 perspexisse
647 1288 748 1327 mihi
770 1291 941 1339 videbar,
973 1309 1092 1347 quam
1122 1296 1318 1338 festinares
1341 1301 1537 1343 decedere.
1585 1307 1787 1360 Respondi

399 1352 544 1391 Clodio
565 1368 628 1392 me
647 1355 702 1393 ita
721 1357 793 1395 effe
813 1357 1024 1407 faelururm
1046 1376 1090 1400 ac
1110 1364 1239 1403 multo
1260 1368 1423 1418 quidem
1444 1370 1647 1419 libentius,
1666 1389 1787 1427 quam

398 1416 423 1454 fi
446 1418 546 1456 illud
566 1420 656 1459 effet
676 1421 917 1471 faciendum,
949 1427 1056 1479 quod
1077 1429 1330 1481 promiseram
1360 1433 1532 1475 Phaniae.
1580 1439 1718 1492 Itaque
1747 1451 1787 1479 et

396 1484 605 1523 confilium
631 1489 795 1535 mutavi,
828 1499 866 1529 et
898 1491 944 1529 ad
975 1501 1011 1531 te
1040 1493 1170 1533 statim
1200 1509 1286 1535 mea
1316 1512 1434 1538 manu
1465 1501 1624 1555 scriptas
1655 1505 1783 1544 literas

395 1548 479 1586 mifi
496 1564 504 1587 :
529 1564 622 1602 quas
638 1553 798 1604 quidem
815 1569 862 1593 ex
880 1558 956 1595 tuis
974 1558 1097 1597 literis
1119 1561 1298 1600 intellexi
1319 1564 1407 1602 satis
1424 1576 1576 1606 mature
1592 1569 1638 1606 ad
1661 1579 1697 1608 te
1712 1571 1785 1610 effe

394 1614 571 1664 perlatas.
606 1617 697 1655 Hoc
719 1633 791 1671 ego
812 1635 900 1659 meo
921 1622 1022 1661 facto
1043 1626 1154 1664 valde
1175 1628 1369 1675 delcetom
1401 1631 1502 1670 nihil
1524 1634 1632 1672 enim
1652 1638 1785 1688 potuit

394 1679 477 1717 fieri
498 1683 705 1722 amantius.
751 1687 960 1726 Confidera
981 1703 1086 1729 nunc
1107 1693 1272 1732 viciffim
1296 1704 1424 1735 tuum.
1470 1699 1564 1736 Non
1586 1702 1706 1740 modo
1726 1704 1783 1742 ibi

394 1759 471 1783 non
493 1746 615 1794 fuisti,
648 1750 716 1788 ubi
737 1766 800 1790 me
821 1768 939 1806 quam
960 1757 1135 1808 primum
1157 1760 1286 1798 videre
1306 1762 1455 1814 posses3
1489 1765 1551 1802 sed
1573 1780 1617 1804 eo
1639 1767 1780 1808 disces-

392 1812 481 1857 fisti,
513 1828 592 1866 quo
624 1829 696 1868 ego
729 1827 765 1855 te
797 1833 846 1857 ne
876 1822 1053 1874 persequi
1085 1825 1246 1876 quidem
1274 1829 1420 1880 possem
1442 1831 1604 1882 triginta
1624 1834 1779 1882 diebus,

391 1879 460 1929 qui
494 1880 567 1918 tibi
599 1882 645 1918 ad
678 1883 945 1924 decedendum
977 1889 1061 1941 lege
1095 1893 1157 1943 (ut
1187 1894 1345 1945 opinor)
1371 1896 1555 1935 Cornelia
1575 1900 1779 1940 constituti

347 1969 349 1971 .
389 1943 507 1982 effent
527 1961 534 1983 :
568 1957 612 1984 ut
633 1957 747 1986 tuum
767 1950 930 1998 fastum,
962 1955 1041 1993 illis
1063 1958 1148 2008 qui,
1175 1972 1255 2010 quo
1275 1961 1407 1999 animo
1430 1962 1531 2000 inter
1552 1978 1622 2002 nos
1644 1966 1777 2013 simus,

390 2009 586 2060 ignorant,
612 2013 728 2052 alieni
750 2015 923 2056 hominis
948 2021 1010 2072 (ut
1031 2021 1218 2061 leviffime
1238 2025 1385 2077 dicam)
1409 2037 1446 2065 et
1467 2028 1657 2081 fugientis
1679 2046 1776 2070 con-

388 2075 571 2125 greffum,
603 2092 736 2117 meum
764 2096 853 2120 vero
880 2086 1185 2137 conjunefiffimi
1217 2100 1254 2128 et
1286 2093 1521 2139 amiciffimi,
1552 2096 1624 2134 effe
1645 2098 1776 2136 videa-

390 2149 466 2178 tur.
499 2144 558 2179 Ac
580 2144 681 2182 mihi
703 2155 847 2193 tamen,
878 2159 967 2187 ante
987 2165 1104 2203 quam
1134 2154 1174 2192 in
1199 2158 1444 2208 provinciam
1465 2162 1654 2208 venirem,
1685 2164 1775 2203 red-

388 2206 477 2243 ditae
498 2208 585 2246 sunt
607 2223 626 2247 a
648 2220 684 2249 te
705 2212 839 2259 literae,
871 2217 1015 2267 quibus
1045 2220 1112 2257 etfi
1145 2230 1182 2259 te
1203 2223 1369 2261 Tarsum
1391 2226 1586 2277 proficisci
1608 2229 1774 2268 demon-

386 2270 541 2317 strabas,
575 2284 702 2313 tamen
733 2277 835 2316 mihi
865 2294 943 2318 non
975 2282 1135 2322 dubiam
1162 2286 1268 2338 spem
1297 2290 1374 2326 mei
1396 2293 1655 2331 conveniendi
1676 2295 1771 2332 affe-

387 2337 521 2375 sebas:
555 2352 646 2377 cum
676 2342 835 2390 interea,
868 2347 983 2386 credo
1013 2350 1212 2402 equidem,
1244 2354 1427 2393 malevoli
1448 2356 1644 2404 homines,
1679 2361 1773 2411 (late

385 2402 491 2439 enim
511 2413 617 2455 patet
637 2405 714 2444 hoc
735 2410 891 2456 vitium,
924 2423 962 2451 et
991 2415 1044 2452 est
1074 2416 1115 2453 in
1145 2418 1302 2470 multis)
1336 2420 1398 2458 sed
1426 2432 1555 2461 tamen
1583 2425 1769 2476 probabi-

386 2468 463 2505 lem
492 2472 695 2509 materiam
726 2477 826 2513 nacti
857 2478 1059 2527 sermonis,
1091 2483 1215 2535 ignari
1250 2499 1346 2525 meae
1377 2488 1618 2535 constantiae,
1650 2504 1768 2529 cona-

386 2535 526 2572 bantur
555 2536 719 2577 alienare
749 2553 769 2578 a
800 2549 836 2579 te
866 2544 1110 2586 voluntatem
1140 2562 1296 2597 meam5
1329 2554 1398 2606 qui
1429 2562 1466 2591 te
1495 2553 1626 2594 forum
1659 2557 1769 2595 Tarsi
