2351 2997
507 275 590 326 446
861 269 1545 310 EPISTULARUM

508 375 685 417 triclinio
705 386 797 414 cura
816 382 861 412 ut
881 372 991 412 facis.
1022 371 1159 410 Tertia
1179 372 1314 416 aderit,
1335 372 1455 410 modo
1476 385 1524 409 ne
1545 370 1710 409 Publius
1732 379 1889 424 rogatus

510 444 569 482 fit.
602 441 830 481 Demetrius
852 438 919 477 iste
940 450 1145 489 nunquam
1166 438 1330 474 omnino
1352 436 1560 474 Phalereus
1581 436 1673 482 fuit,
1700 436 1762 474 sed
1784 450 1890 475 nunc

508 509 623 562 plane
646 506 837 545 Billienus
858 503 925 541 est.
958 503 1094 554 Itaque
1116 510 1153 538 te
1173 500 1223 539 do
1243 501 1454 539 vicarium:
1478 510 1522 539 tu
1542 515 1633 540 eum
1653 502 1888 540 observabis.

511 575 620 613 Etfi:
653 578 934 609 veruntamen:
966 568 1014 606 de
1034 566 1139 605 illis:
1164 566 1263 604 nosti
1283 576 1430 605 caetera.
1464 567 1536 605 Sed
1558 576 1701 612 tamen,
1724 568 1750 605 s1
1771 581 1891 620 quem

510 653 603 678 cum
633 651 678 675 eo
708 636 926 674 sermonem
955 632 1152 677 habueris,
1184 631 1325 671 scribes
1353 632 1399 670 ad
1420 646 1497 678 me,
1530 642 1574 670 ut
1595 631 1696 672 mihi
1717 632 1892 670 nascatur

509 704 679 758 epistolae
706 710 998 755 argumentum,
1029 709 1067 738 et
1097 707 1141 737 ut
1169 707 1251 736 tuas
1279 713 1397 751 quam
1422 699 1660 752 longiffimas
1683 699 1811 736 literas
1833 699 1891 736 le-

510 784 615 824 gam.
647 769 766 813 Cura,
797 768 855 806 mi
873 766 987 810 Tiro,
1012 774 1055 804 ut
1075 764 1197 803 valeas
1213 779 1225 803 ς
1257 762 1334 803 hoc
1356 763 1457 803 mihi
1477 765 1623 817 gratius
1644 763 1769 802 facere
1789 762 1892 802 nihil

511 846 637 891 potes.
669 834 780 873 Vale.

722 1036 1007 1074 Turnus
1051 1031 1436 1069 T1R0N15uo
1478 1029 1515 1068 S.
1548 1028 1592 1067 P.
1628 1029 1681 1067 D„

514 1164 668 1207 XXIII.
691 1161 831 1237 TU
862 1175 952 1200 vero
981 1159 1131 1199 confice
1161 1157 1449 1211 profeffionem,
1480 1157 1506 1195 fi
1528 1167 1652 1209 potes.
1704 1157 1784 1195 Etsi
1812 1156 1892 1196 haec

791 1228 957 1280 pecunia
977 1240 1024 1264 ex
1044 1239 1090 1263 eo
1110 1238 1250 1277 genere
1270 1224 1337 1269 est,
1355 1232 1397 1261 ut
1418 1221 1649 1276 profeffione
1670 1236 1748 1260 non
1769 1232 1893 1275 egeat.

513 1299 795 1336 Veruntamen.
831 1294 976 1332 Balbus
997 1292 1044 1329 ad
1065 1305 1128 1330 me
1149 1290 1312 1342 scripfit,
1343 1298 1450 1328 tanta
1470 1289 1505 1327 se
1525 1288 1713 1341 epiphora
1732 1288 1893 1341 oppres-

513 1364 613 1408 sum,
645 1372 689 1400 ut
709 1361 820 1414 loqui
842 1372 919 1397 non
941 1357 1070 1411 poffit,
1103 1356 1302 1395 Antonius
1330 1355 1377 1393 de
1403 1355 1488 1407 lege
1518 1354 1615 1406 quid
1635 1355 1772 1406 egerit.
1821 1354 1893 1391 Li-

513 1439 595 1468 ceat
616 1428 736 1467 modo
757 1425 945 1465 rusticari.
990 1422 1054 1461 Ad
1087 1422 1345 1473 Bithynicum
1377 1420 1518 1472 scripsi.
1568 1420 1629 1457 De
1663 1419 1825 1456 Servilio
1852 1428 1895 1456 tu

512 1494 669 1539 videris,
700 1493 770 1546 qui
803 1492 1039 1530 senectutem
1072 1501 1150 1526 non
1183 1486 1416 1525 contemnis.
1467 1484 1548 1522 Etfi
1570 1484 1729 1522 Atticus
1752 1483 1891 1527 noster,

503 1560 604 1613 -quia
623 1559 823 1612 quondam
851 1570 914 1594 me
939 1553 1180 1594 commoveri
1212 1550 1347 1590 πανικεῗς
1377 1549 1589 1594 intellexit,
1620 1549 1726 1586 idem
1746 1548 1895 1600 semper

511 1634 639 1679 putat,
671 1638 741 1662 nec
772 1622 893 1667 videt,
923 1621 1068 1674 quibus
1092 1617 1275 1671 praefidiis
1297 1614 1556 1669 philosophiae
1577 1614 1705 1666 septus
1726 1614 1824 1651 fim:
1856 1623 1895 1652 et

512 1691 659 1735 hercle,
690 1689 798 1742 quod
829 1687 993 1726 timidus
1025 1685 1104 1738 ipse
1129 1684 1196 1728 est,
1226 1678 1421 1731 9υρυςοπσι-ἷι.
1469 1683 1556 1733 Ego
1577 1690 1706 1718 tamen
1728 1680 1897 1718 Antonii

512 1759 766 1796 inveteratam
798 1753 877 1792 fine
909 1752 990 1790 ulla
1021 1750 1232 1789 offensione
1262 1747 1476 1786 amicitiam
1499 1747 1662 1784 retinere
1684 1745 1769 1783 sane
1789 1745 1894 1790 volo,

513 1822 759 1873 scribamque
790 1819 837 1856 ad
864 1832 970 1862 eum,
999 1816 1065 1855 sed
1086 1829 1164 1854 non
1187 1822 1397 1866 antequam
1419 1822 1455 1851 te
1475 1812 1635 1850 videro:
1669 1824 1738 1848 nec
1766 1819 1896 1848 tamen

514 1896 553 1925 te
572 1899 691 1924 avoco
711 1899 732 1923 a
763 1881 1003 1936 syngrapha,
1032 1879 1106 1927 γόνυ
1138 1875 1269 1925 κνήμης.
1309 1879 1404 1915 Cras
1425 1878 1586 1929 expecto
1608 1876 1801 1927 Leptam:
1834 1884 1895 1912 et-

513 1952 622 1989 enim
652 1951 699 1989 ad
730 1951 841 2004 cujus
874 1956 1002 1987 rutam
1023 1945 1184 1999 pulegio
1204 1942 1306 1982 mihi
1326 1943 1385 1981 tui
1406 1941 1594 1980 sermonis
1613 1939 1807 1978 utendum
1828 1940 1895 1978 est.

515 2016 627 2054 Vale.

801 2146 1092 2184 Turnus
1125 2141 1357 2181 TIRONI
1406 2141 1444 2178 S.
1477 2140 1522 2178 P.
1555 2140 1609 2178 D.

515 2277 669 2319 XXIV.
694 2273 873 2347 ETSI
902 2285 1015 2312 mane
1041 2270 1262 2324 Harpalum
1282 2268 1477 2313 miseram,
1509 2276 1638 2305 tamen
1660 2279 1752 2304 cum
1774 2265 1895 2304 habe-

790 2352 873 2377 rem
904 2338 970 2377 cui
1000 2337 1101 2376 reete
1131 2335 1263 2374 darem
1291 2334 1438 2379 literas,
1469 2332 1535 2371 etsi
1567 2330 1657 2370 novi
1678 2329 1780 2368 nihil
1801 2340 1895 2374 erat,

514 2408 654 2449 iisdem
674 2407 720 2445 de
740 2404 855 2444 rebus
876 2403 985 2443 volui
1004 2402 1051 2440 ad
1072 2410 1110 2440 te
1129 2401 1266 2454 saepius
1288 2398 1479 2438 scribere:
1503 2411 1582 2436 non
1603 2396 1700 2449 quin
1720 2395 1896 2434 confide-

516 2489 599 2515 rem
619 2471 834 2525 diligentiae
860 2478 935 2509 tuae
951 2487 964 2515 ς
996 2467 1060 2507 sed
1088 2467 1144 2505 rei
1174 2479 1238 2504 me
1266 2463 1501 2517 magnitudo
1531 2461 1727 2501 movebat.
1787 2459 1897 2499 Mihi

516 2553 629 2594 prora
660 2548 699 2579 et
729 2535 874 2592 puppis
909 2536 972 2589 (ut
993 2535 1225 2574 Graecorum
1244 2530 1499 2585 proverbium
1519 2527 1593 2582 est)
1616 2526 1694 2567 fuit
1714 2540 1734 2565 a
1753 2539 1817 2566 me
1838 2524 1897 2564 tui
