2351 2997
634 126 725 165 AD
784 126 1250 165 FAMILIARES
1306 127 1441 169 ΜΒ.
1494 127 1588 166 XII.
1713 143 1800 181 ¹331

421 228 483 274 sis,
514 228 585 265 otii
607 236 735 265 tamen
757 226 846 278 plus
876 225 1023 263 habes:
1057 234 1135 269 aut,
1167 226 1194 262 fi
1227 239 1275 262 ne
1306 233 1348 264 tu
1376 226 1537 277 quidem
1565 241 1687 272 vacas,
1720 229 1802 267 noli

422 293 629 346 impudens
658 291 745 337 effe,
777 290 967 329 neor-nihi
991 290 1207 334 molestiam
1229 290 1428 349 ert-hibere,
1458 301 1497 330 et
1528 305 1548 329 a
1580 306 1642 330 me
1672 294 1802 331 literas

420 361 648 404 crebriores,
679 372 772 396 cum
791 367 836 395 -tu
859 357 959 400 mihi
980 371 1063 399 raro
1084 357 1232 402 mittas,
1265 356 1449 409 flagitare.
1489 359 1598 399 'Nam
1619 372 1712 397 cum
1732 373 1803 396 an-

421 435 481 468 tea
497 425 709 467 ⁴distinebar
729 424 911 465 maximis
933 424 1275 476 occupa-tionibus,
1307 434 1510 477 propterea
1536 424 1643 477 quod
1669 425 1803 464 omni-

417 490 493 528 bus
529 491 632 529 curis
667 489 953 542 rempublicam
988 489 1089 527 mihi
1126 489 1311 528 tuendam
1345 490 1560 542 putabam3
1605 500 1691 529 tum
1725 490 1801 528 hoc

406 566 610 610 .,temp01·e,
629 555 757 597 multo
778 556 961 598 distineor
980 555 1266 597 vehementius.
1301 557 1358 594 Ut
1378 557 1485 595 enim
1504 558 1657 608 gravius
1679 571 1803 609 aegro-

418 632 502 661 tant
523 624 567 668 ii,
598 624 668 678 qui
688 637 781 662 cum
802 623 918 660 levati
937 622 1077 660 morbo
1097 621 1294 666 videntur,
1318 623 1363 662 ,in
1378 636 1476 661 eum
1497 622 1543 660 de
1563 623 1717 675 integro
1737 624 1803 660 in-

410 689 619 734 rciderunt5
644 689 693 729 fic
714 687 985 740 vehementius
1007 701 1077 725 nos
1095 687 1334 732 laboramus,
1352 688 1436 739 qui,
1453 688 1660 740 profligato
1682 689 1800 733 bello,

419 768 462 792 ac
483 768 581 806 pene
602 753 767 798 sublato,
803 762 1031 791 renovatum
1054 753 1204 791 bellum
1224 767 1355 805 gerere
1375 767 1577 793 conamur.
1625 754 1696 792 Sed
1718 754 1803 792 haec

420 819 620 858 haetenus.
654 820 720 857 Tu
743 819 831 863 tibi,
850 819 905 856 mi
928 818 1134 863 Cornifici,
1153 818 1213 856 fac
1231 828 1274 856 ut
1294 819 1530 871 persuadeas,
1550 833 1628 857 non
1649 819 1721 857 efl'e
1741 834 1804 857 me

420 895 501 923 tam
521 884 724 923 imbecillo
745 885 892 929 animo,
911 898 958 921 ne
979 884 1107 940 dicam
1127 883 1360 930 inhumano,
1380 893 1423 922 ut
1442 898 1462 922 a
1483 893 1519 922 te
1540 885 1645 922 vinci
1665 885 1804 937 poffim

419 963 486 990 aut
505 952 662 996 officiis,
685 960 750 989 aut
771 964 915 989 amore.
950 951 1044 989 Non
1066 951 1295 988 dubitabam
1316 951 1500 1003 equidem
1518 967 1526 989 :
1551 961 1803 990 veruntamen

421 1018 550 1055 multo
571 1015 672 1054 mihi
694 1017 888 1054 notiorem
908 1029 1080 1054 amorem
1102 1024 1217 1053 tuum
1236 1016 1367 1054 effecit
1389 1015 1627 1069 Cherippus.
1668 1018 1704 1054 O
1728 1016 1801 1054 ho-

420 1084 569 1121 minem
602 1083 749 1135 semper
779 1082 896 1120 illum
929 1082 1090 1134 quidem
1122 1081 1224 1120 mihi
1250 1091 1401 1135 aptum,
1434 1096 1539 1120 nunc
1567 1096 1656 1120 vero
1686 1084 1804 1121 etiam

419 1149 599 1187 suavem!
638 1148 784 1186 Vultus
817 1147 1042 1186 mehercule
1074 1157 1161 1186 tuos
1194 1147 1295 1186 mihi
1330 1148 1508 1200 expreffit
1539 1162 1690 1193 omnes,
1724 1163 1803 1187 non

418 1214 546 1252 solum
567 1214 744 1251 animum
764 1227 807 1251 ac
832 1213 947 1251 verba
973 1214 1150 1266 pertulit.
1198 1215 1335 1266 ltaque
1367 1214 1449 1251 noli
1482 1214 1616 1258 vereri,
1649 1228 1696 1252 ne
1730 1215 1804 1252 tibi

418 1279 718 1323 succensuerim,
750 1278 857 1330 quod
889 1278 1026 1317 eodem
1045 1279 1228 1331 exemplo
1255 1279 1301 1316 ad
1328 1293 1406 1324 me,
1438 1293 1518 1331 quo
1549 1279 1596 1316 ad
1627 1288 1800 1319 caeteros.

417 1343 621 1396 Requifivi
651 1343 836 1395 equidem
868 1344 1042 1396 proprias
1075 1343 1122 1380 ad
1154 1357 1217 1381 me
1249 1358 1374 1382 unum
1406 1344 1550 1390 literas,
1583 1344 1646 1382 sed
1676 1359 1803 1398 neque

415 1408 681 1454 vehementer,
712 1417 750 1446 et
771 1418 958 1447 amanter.
996 1410 1059 1447 De
1079 1408 1254 1461 sumptu,
1287 1423 1406 1462 quem
1428 1418 1465 1448 te
1486 1411 1526 1448 in
1547 1425 1630 1449 rem
1650 1411 1801 1450 milita-

416 1489 499 1514 rem
525 1473 650 1513 facere
679 1483 718 1512 et
747 1473 878 1512 fecisse
909 1474 1023 1520 dicis,
1055 1473 1157 1512 nihil
1189 1475 1276 1513 sane
1308 1474 1460 1527 poffum
1494 1476 1567 1513 tibi
1599 1477 1800 1529 opitulari,

415 1549 618 1594 propterea
637 1539 744 1593 quod
763 1549 801 1578 et
821 1539 939 1578 orbus
961 1540 1127 1584 senatus,
1159 1540 1385 1578 consulibus
1413 1542 1569 1588 amiffis,
1601 1552 1639 1581 et
1670 1544 1800 1581 incre-

415 1606 557 1644 dibiles
578 1604 761 1656 angustiae
782 1605 957 1657 pecuniae
984 1605 1181 1657 publicae;
1214 1620 1300 1658 quae
1330 1608 1579 1659 conquiritur
1610 1608 1800 1660 undique,

415 1680 461 1709 ut
481 1670 631 1723 optime
651 1670 801 1707 meritis
823 1669 1020 1708 militibus
1042 1671 1223 1722 promissa
1251 1671 1473 1710 solvantur:
1507 1673 1613 1724 quod
1641 1674 1801 1725 quidem

416 1736 501 1774 fieri
522 1736 599 1774 fine
620 1735 771 1773 tributo
791 1735 894 1787 poffe
920 1749 1000 1773 non
1027 1736 1206 1774 arbitror.
1253 1737 1314 1773 De
1342 1737 1454 1774 Attio
1483 1738 1671 1789 Dionyslo
1700 1738 1801 1776 nihil

416 1811 515 1854 puto
535 1801 626 1846 effe;
650 1801 838 1853 quoniam
860 1801 961 1839 mihi
983 1801 1084 1839 nihil
1106 1802 1207 1840 dixit
1229 1804 1451 1841 Stratos-ius.
1486 1805 1547 1840 De
1570 1805 1612 1842 P.
1629 1806 1802 1843 Lucceio

417 1866 519 1905 nihil
541 1867 615 1904 tibi
636 1867 824 1911 concedo,
851 1881 930 1919 quo
951 1867 1152 1905 studiosior
1172 1869 1254 1919 ejus
1277 1869 1336 1912 fis,
1370 1882 1488 1920 quam
1509 1883 1581 1920 ego
1604 1870 1687 1907 sum
1707 1886 1715 1908 :
1749 1871 1802 1909 est

412 1934 522 1971 enim
543 1933 656 1970 nobis
678 1932 922 1971 neceffarius.
970 1933 1041 1970 Sed
1071 1947 1091 1970 a
1123 1934 1313 1985 magistris
1343 1948 1434 1972 cum
1457 1936 1733 1974 contenderem
1756 1937 1802 1975 de

415 1998 648 2051 proferendo
669 1998 744 2043 die,
768 1999 1029 2051 probaverunt
1051 1999 1166 2044 mihi,
1190 2000 1278 2045 sese,
1301 2015 1380 2052 quo
1401 2001 1532 2038 minus
1555 2001 1594 2039 id
1615 2002 1800 2049 facerent,

412 2073 453 2101 et
474 2063 750 2116 compromisso
770 2073 808 2101 et
823 2065 1077 2116 jurejurando
1099 2065 1297 2117 impediri.
1331 2068 1461 2118 Qare
1482 2067 1718 2106 veniendum
1740 2082 1800 2106 ar-

416 2129 540 2167 bitror
562 2129 735 2166 Lucceio
754 2144 762 2167 :
796 2143 1035 2181 quanquam,
1069 2130 1093 2167 s1
1116 2131 1213 2168 meis
1235 2131 1356 2170 literis
1378 2133 1677 2184 obtemperavit,
1709 2147 1802 2172 cum

416 2204 460 2233 tu
480 2193 563 2232 haec
592 2194 712 2246 leges,
745 2194 861 2232 illum
888 2196 1025 2233 Romae
1047 2195 1118 2233 effe
1138 2196 1351 2248 oportebit.
1399 2198 1560 2236 Caeteris
1593 2198 1639 2236 de
1671 2200 1799 2246 rebus,

415 2261 667 2312 maximeque
693 2260 739 2298 de
759 2261 939 2313 pecunia,
972 2275 1065 2299 cum
1097 2262 1225 2300 Pansae
1245 2273 1414 2301 mortem
1435 2264 1646 2316 ignorares,
1679 2265 1800 2318 scrip—

418 2325 508 2371 fisti,
540 2338 626 2377 quae
648 2339 715 2378 per
736 2339 805 2363 nos
827 2327 873 2364 ab
895 2340 940 2364 eo
961 2328 1147 2380 consequi
1175 2338 1212 2366 te
1239 2329 1342 2380 poffe
1363 2329 1588 2367 arbitrarere
1607 2346 1615 2367 ε
1649 2344 1733 2383 quse
1766 2340 1802 2367 te

420 2404 499 2429 non
532 2389 770 2437 fefellissent,
802 2392 828 2431 fi
861 2393 1033 2439 viveret;
1067 2407 1157 2432 nam
1192 2403 1228 2432 te
1263 2394 1467 2447 diligebat.
1515 2396 1602 2433 Post
1637 2404 1803 2434 mortem

1373 2462 1508 2499 Tt2
