2351 2997
563 388 638 429 330
905 369 1591 410 EPISTOLARUM'.

561 473 624 511 Ad
658 473 741 511 haec
775 472 916 516 officia,
950 471 1008 508 vel
1044 471 1181 508 merita
1216 470 1361 522 potius,
1388 469 1665 521 jucundissima
1699 470 1935 508 consuetude

561 539 724 582 accedit,
758 548 799 575 ut
822 538 932 574 nullo
952 537 1105 588 prorsus
1126 536 1215 588 plus
1236 534 1398 573 homine
1425 535 1605 573 delecter.
1651 536 1745 574 Non
1774 546 1871 588 puto
1901 545 1939 573 te

555 604 639 654 jam
668 604 880 655 expectare,
913 601 1056 653 quibus
1088 613 1179 638 eum
1210 600 1286 637 tibi
1317 599 1442 637 verbis
1475 599 1777 638 commendem:
1810 600 1937 638 causas

561 669 667 716 enim
690 668 789 704 tanti
808 668 949 704 amoris
972 666 1160 717 intelligis
1178 684 1189 710 3
1222 679 1307 717 quae
1328 665 1444 702 verba
1463 664 1662 709 desideret,
1695 665 1741 702 iis
1767 679 1829 702 me
1849 679 1936 703 om-

562 734 677 771 nibus
696 733 807 770 usum
824 742 975 785 putato.
999 735 1174 770 Tantum
1192 731 1312 769 velim
1327 731 1536 775 existimes,
1560 731 1584 768 fi
1601 731 1757 782 negotia
1776 731 1937 775 Lamiae,

560 807 844 851 procuratores,
887 799 1063 842 libertos,
1106 796 1312 840 familiam,
1355 795 1654 848 quibuscunque
1693 796 1806 833 rebus
1841 809 1938 848 opus

561 865 649 908 erit,
672 863 903 907 defenderis,
925 864 1071 914 gratius
1093 861 1193 899 mihi
1214 861 1409 905 futurum,
1432 874 1550 913 quam
1571 861 1596 898 fi
1617 874 1659 898 ea
1679 870 1744 898 tua
1764 861 1937 899 liberali-

562 939 617 967 tas
650 929 892 982 pertinuiffet
923 928 968 965 ad
998 942 1080 965 rem
1110 927 1342 965 familiarem
1374 939 1515 964 meam.
1562 927 1650 964 Nec
1671 926 1810 964 dubito
1841 927 1938 978 quin

561 995 637 1032 sine
659 1008 743 1032 mea
763 994 1118 1037 commendatione,
1147 993 1253 1044 quod
1274 1001 1387 1029 tuum
1408 991 1460 1028 est
1475 991 1674 1042 judicium
1695 991 1741 1028 de
1760 991 1937 1029 homini-

562 1060 650 1105 bus,
682 1059 798 1112 ipsius
831 1059 977 1096 Lamiae
1009 1058 1118 1096 causa
1150 1057 1314 1095 studiose
1345 1057 1478 1094 omnia
1507 1055 1678 1093 facturus
1706 1057 1778 1094 fis:
1812 1070 1938 1108 quan-

561 1139 680 1178 quam
699 1134 779 1162 erat
800 1125 913 1162 nobis
935 1125 1098 1168 dietum,
1123 1133 1159 1161 te
1179 1123 1411 1167 existimare,
1429 1122 1547 1159 alicui
1567 1121 1940 1167 senatus-consulto,

560 1191 667 1244 quod
687 1199 822 1228 contra
841 1190 1073 1242 dignitatem
1091 1199 1197 1227 tuam
1218 1189 1340 1233 fieret,
1358 1187 1561 1225 scribendo
1577 1187 1757 1225 Lamiam
1772 1187 1939 1233 affuiffe;

560 1258 628 1309 qui
649 1257 813 1294 omnino
833 1256 1059 1294 consulibus
1080 1256 1159 1293 illis
1181 1267 1384 1306 nunquam
1405 1253 1518 1292 affuit
1538 1253 1742 1291 scribendo
1760 1269 1769 1292 :
1802 1253 1942 1291 deinde

558 1323 693 1360 omnia
731 1332 817 1360 tum
854 1321 947 1359 falsa
986 1320 1338 1359 senatus-consulta
1376 1318 1663 1357 deferebantur.
1714 1319 1800 1358 Nifi
1840 1318 1942 1357 forte

561 1389 678 1426 etiam
700 1388 760 1425 illi
782 1387 1062 1439 Semproniano
1082 1385 1438 1424 senatus-consulto
1458 1398 1522 1422 me
1538 1384 1665 1422 censes
1682 1383 1848 1428 affuiffe3
1873 1385 1943 1436 qui

563 1468 609 1492 ne
631 1455 768 1493 Romae
789 1453 950 1505 quidem
971 1461 1057 1490 tum
1077 1451 1136 1490 fui
1153 1471 1166 1497 ς
1197 1460 1241 1489 ut
1262 1451 1308 1488 de
1329 1464 1374 1488 eo
1393 1450 1439 1487 ad
1468 1459 1505 1487 te
1531 1449 1675 1502 scripfi,
1707 1463 1746 1487 re
1776 1450 1938 1488 recenti.

563 1520 634 1557 Sed
655 1519 738 1557 haec
758 1519 958 1556 hactenus.
994 1519 1069 1562 Te,
1102 1518 1158 1555 mi
1180 1516 1385 1561 Cornifici,
1417 1516 1534 1553 etiam
1554 1525 1669 1568 atque
1690 1516 1806 1553 etiam
1828 1528 1938 1567 rogo,

563 1595 606 1622 ut
626 1585 759 1622 omnia
780 1584 925 1621 Lamiae
947 1583 1116 1635 negotia,
1148 1596 1232 1620 mea
1252 1591 1364 1635 putes
1386 1581 1485 1625 effe;
1517 1581 1716 1632 curesque,
1750 1589 1794 1618 ut
1819 1581 1940 1617 intel-

564 1651 661 1702 ligat
692 1650 792 1687 hanc
827 1649 1210 1687 commendationem
1244 1647 1419 1685 maximo
1453 1646 1523 1683 fibi
1558 1646 1643 1683 usui
1677 1645 1802 1684 fuiffe.
1848 1646 1940 1683 Hoc

560 1715 661 1754 mihi
682 1717 827 1768 gratius
849 1714 973 1753 facere
995 1714 1095 1752 nihil
1116 1723 1242 1767 potes.
1277 1715 1380 1751 Cura
1400 1720 1444 1750 ut
1464 1711 1601 1750 valeas.

694 1920 757 1957 M.
791 1921 842 1955 T.
878 1919 1117 1955 CICERO
1161 1917 1561 1954 CORNIFICIO
1603 1917 1640 1952 S.
1675 1915 1719 1952 P.
1755 1915 1809 1951 D.

563 2049 695 2086 XXX.
721 2046 925 2119 ITA-N
940 2046 971 2083 E
993 2046 1005 2083 ?
1038 2054 1175 2097 praeter
1194 2044 1423 2095 litigatores,
1456 2056 1572 2081 nemo
1592 2042 1638 2079 ad
1666 2051 1702 2080 te
1723 2055 1825 2079 meas
1848 2041 1939 2079 lite-

800 2114 888 2150 ras?
926 2112 1067 2150 Multae
1102 2112 1178 2150 istae
1213 2111 1400 2164 quidem:
1440 2120 1482 2148 tu
1514 2110 1621 2148 enim
1654 2107 1863 2161 perfecisti,
1895 2118 1939 2146 ut

562 2192 679 2216 nemo
698 2179 775 2216 fine
796 2178 918 2215 literis
939 2177 1035 2214 meis
1058 2176 1131 2214 tibi
1152 2176 1187 2213 se
1208 2175 1528 2214 commendatum
1549 2183 1715 2227 putaret.
1759 2173 1830 2210 Sed
1851 2173 1939 2225 quis

561 2258 735 2296 unquam
757 2253 916 2282 tuorum
936 2242 1037 2281 mihi
1058 2242 1158 2280 dixit
1179 2242 1265 2287 effe,
1287 2242 1352 2279 cui
1373 2241 1518 2287 darem,
1536 2241 1635 2294 quin
1655 2239 1852 2277 dederim?
1875 2247 1941 2276 aut

562 2310 659 2362 quid
692 2309 793 2347 mihi
822 2308 1053 2361 jucundius,
1087 2321 1222 2359 quarn,
1257 2320 1350 2344 cum
1385 2320 1515 2344 coram
1551 2315 1683 2344 tecum
1717 2304 1827 2356 loqui
1862 2316 1940 2340 non

561 2376 714 2428 poffim,
747 2385 812 2413 aut
833 2375 996 2412 scribere
1017 2374 1063 2411 ad
1085 2383 1136 2419 te,
1157 2382 1223 2411 aut
1244 2382 1327 2411 tuas
1348 2373 1475 2424 legere
1495 2373 1624 2410 literas
1644 2372 1657 2409 ?
1690 2370 1795 2408 Illud
1816 2370 1939 2421 magis

562 2441 661 2479 mihi
683 2441 778 2478 solet
805 2440 875 2478 effe
901 2438 1123 2483 molestum,
1157 2439 1273 2476 tantis
1301 2452 1363 2475 me
1390 2437 1572 2490 impediri
1598 2435 1938 2488 occupationibus,

563 2516 605 2544 ut
632 2506 678 2544 ad
705 2515 742 2544 te
775 2505 967 2543 scribendi
1000 2518 1087 2543 meo
1119 2504 1305 2542 arbitratu
1337 2502 1501 2541 facultas
1532 2503 1641 2540 nulla
1672 2501 1797 2539 detur.
1844 2500 1940 2538 Non

561 2574 668 2610 enim
700 2582 737 2610 te
768 2572 954 2625 epistolis,
986 2571 1048 2609 sed
1080 2569 1365 2614 voluminibus,
1398 2569 1642 2613 lacefferem3
1674 2566 1818 2619 quibus
1846 2565 1939 2616 qui-

562 2639 650 2676 dem
680 2653 742 2677 me
773 2652 793 2676 a
825 2647 861 2676 te
890 2637 1088 2691 provocari
1121 2636 1340 2688 oportebat.
1387 2635 1578 2686 Qamvis
1599 2634 1706 2672 enim
1727 2640 1940 2684 occupatus
