2351 2997
598 242 691 281 AD
750 243 1215 288 FAMILIARES
1274 253 1552 298 LIB.·XV.
1691 278 1770 318 415

380 354 453 385 nos,
485 355 590 393 quam
619 341 690 380 tibi
714 343 853 394 referre
878 355 1074 400 acceptum,
1105 350 1235 397 mavis,
1261 354 1411 405 gaudeo.
1461 358 1569 410 and
1574 360 1619 410 st
1634 363 1767 401 trium-

372 406 446 458 phi
468 408 760 459 praerogativam
783 418 895 462 putas
914 413 1226 465 sispplicationem
1257 428 1294 457 et
1326 419 1454 460 idcirco
1486 437 1529 461 ca
1545 439 1601 463 um
1629 429 1766 479 potius,

379 485 485 523 quam
510 480 558 516 te,
588 473 736 512 laudari
757 476 874 513 mavis
890 494 902 521 3
933 492 1042 530 neque
1049 481 1346 533 supplicationem
1349 488 1522 539 sequitur
1526 491 1671 544 semper
1690 494 1765 532 tri-

378 537 542 588 umphus,
564 547 599 576 et
614 540 795 593 triumpho
813 542 923 582 multo
937 543 1070 584 clarius
1087 547 1144 596 est,
1147 548 1319 598 senatum
1323 551 1506 603 judicare,
1522 559 1645 608 polias
1660 573 1766 598 man-

362 602 556 652 fitetudine
582 613 617 642 et
649 605 852 645 innocentia·
877 607 1116 660 inperatoris,
1140 615 1383 663 provinciam,
1414 633 1519 670 quam
1538 622 1582 659 vi
1599 623 1764 672 militum,

375 677 442 705 aut
461 668 682 721 benignitate
701 670 855 717 deorum,
885 683 1064 712 retentam
1083 686 1192 728 atque
1210 683 1458 728 const’rvatam
1477 685 1538 736 effi’
1551 705 1562 731 5
1595 690 1688 740 quod
1703 706 1763 744 ego

373 747 449 771 mea
454 736 642 786 fintentia
662 736 849 786 cerdebam.
886 741 1012 792 Atque
1031 742 1107 780 haec
1125 757 1186 794 ego
1206 744 1334 785 idcirco
1353 748 1405 786 ad
1419 758 1454 787 te
1472 761 1601 791 contra
1620 758 1761 808 cmfite-

373 799 528 838 tudinem
547 815 657 839 meam
669 802 838 854 pluribus
842 805 987 857 strzpst,
1018 816 1073 852 ztt,
1105 809 1199 861 quod
1221 813 1370 851 maxime
1393 816 1485 861 volo,
1517 819 1683 870 exssimes
1710 836 1763 861 me

370 865 548 910 laborare,
581 876 622 905 ut
650 868 722 905 tibi
736 870 982 920 persuadeam,
1013 887 1066 923 me
1093 884 1129 912 et
1148 877 1288 929 volufffi’
1306 878 1348 917 de
1365 889 1432 919 tua
1453 883 1641 935 772ajcstate,
1672 888 1767 940 quod

373 931 688 982 amplff'mumstm
708 934 933 981 arbitratum
956 947 1005 982 et,
1023 940 1117 991 quod
1126 949 1168 979 tu
1182 943 1498 996 malussi,fhc<tum
1513 948 1574 1001 effi
1584 953 1770 1002 gauderes

372 996 472 1041 Vale,
503 1006 539 1034 et
568 1012 627 1036 nos
659 999 777 1051 dilige,
809 1009 844 1038 et
875 1001 1034 1053 zbssituto
1063 1006 1192 1046 itinere
1204 1010 1445 1060 stveritatem
1474 1014 1759 1073 dill'gentzamque

355 1062 464 1113 sociis
483 1072 519 1101 et
538 1063 741 1116 respublicae
751 1067 902 1119 praesta.

625 1266 689 1306 M.
723 1269 776 1306 T.
811 1269 859 1308 C.
892 1269 957 1310 M.
991 1272 1241 1314 CATONI
1285 1278 1322 1316 S.
1356 1280 1401 1319 P.
1435 1281 1490 1320 D.

362 1391 435 1429 VI.
460 1390 580 1464 LAE
596 1394 634 1432 T
650 1395 828 1447 USfitm
847 1396 995 1438 laudari
1009 1414 1074 1446 me,
1105 1402 1238 1456 inquit
1266 1406 1429 1455 Hector,
1461 1411 1615 1464 opinor,
1647 1416 1751 1468 apud

557 1459 758 1506 Naevium,
789 1461 853 1501 abs
883 1473 932 1510 te,
956 1473 1082 1517 pater,
1111 1480 1135 1505 a
1161 1469 1306 1509 laudato
1327 1473 1422 1512 viro.
1468 1477 1526 1514 Ea
1556 1478 1609 1516 est
1640 1481 1750 1520 enim

360 1523 535 1576 profecto
551 1525 728 1576 jucunda
748 1527 845 1574 laus,
864 1544 950 1581 quae
970 1532 1018 1569 ab
1038 1533 1086 1570 iis
1102 1535 1379 1586 proficiscitur,
1397 1541 1467 1592 qui
1488 1542 1558 1594 ipfi
1579 1544 1620 1583 in
1637 1545 1751 1587 laude

359 1589 556 1629 vixerunt.
590 1592 677 1643 Ego
698 1606 788 1630 vero
809 1594 868 1632 vel
889 1597 1150 1648 gratulatione
1171 1602 1373 1643 literarum
1394 1616 1565 1654 tuarum,
1588 1611 1648 1649 vel
1671 1612 1747 1650 tes-

361 1654 538 1694 timoniis
560 1656 758 1696 sententiae
779 1659 904 1706 dietae,
927 1661 1029 1701 nihil
1051 1664 1103 1702 est
1123 1668 1230 1718 quod
1251 1683 1315 1707 me
1334 1685 1413 1710 non
1435 1673 1648 1714 affecutum
1667 1691 1746 1730 pu-

359 1729 467 1760 tem:
501 1722 620 1775 idque
647 1723 748 1762 mihi
776 1739 869 1764 cum
895 1729 1191 1781 ampliffimum,
1225 1744 1310 1773 tum
1331 1739 1589 1788 gratiffimum
1609 1742 1677 1788 est,
1709 1753 1748 1783 te

359 1786 527 1825 libenter
542 1789 725 1827 amicitiae
742 1790 896 1838 dedisse,
915 1794 1021 1846 quod
1042 1796 1195 1848 liquido
1211 1801 1364 1840 veritati
1381 1803 1502 1843 dares.
1537 1808 1603 1852 Et,
1622 1808 1648 1846 fi
1665 1823 1746 1848 non

357 1852 477 1890 modo
501 1866 654 1899 omnes,
687 1868 823 1894 verum
852 1860 971 1896 etiam
1001 1862 1135 1907 multi,
1169 1865 1337 1905 Catones
1368 1869 1486 1908 effent
1516 1872 1556 1909 in
1586 1874 1745 1913 civitate

357 1917 496 1963 nostra,
528 1919 568 1956 in
591 1933 667 1972 qua
687 1935 811 1960 unum
834 1925 1000 1963 extitisse
1021 1928 1201 1967 mirabile
1220 1931 1300 1976 est3
1333 1946 1453 1985 quem
1472 1950 1545 1988 ego
1566 1951 1742 1986 currum,

356 1993 422 2021 aut
452 1998 570 2036 quam
597 1986 782 2033 lauream,
815 2003 907 2028 cum
935 2000 1001 2030 tua
1031 1993 1252 2034 laudatione
1279 1999 1530 2041 conferrem?
1563 2005 1669 2044 Nam
1695 2007 1743 2047 ad

355 2062 489 2087 meum
510 2051 677 2097 sensum,
709 2063 747 2091 et
768 2054 813 2091 ad
834 2056 934 2094 illud
956 2058 1148 2099 sincerum
1169 2076 1211 2100 ac
1233 2064 1375 2104 subtile
1390 2068 1605 2119 judicium,
1637 2072 1740 2111 nihil

352 2115 477 2166 potest
498 2116 569 2154 effe
590 2117 840 2165 laudabiliuS,
871 2135 989 2173 quam
1012 2138 1054 2162 ea
1076 2134 1139 2163 tua
1161 2130 1298 2175 oratio,
1321 2146 1406 2184 quae
1426 2134 1479 2171 est
1499 2135 1545 2172 ad
1567 2151 1629 2175 me
1649 2152 1739 2190 per-

353 2179 495 2232 scripta
524 2196 544 2219 a
573 2184 670 2221 meis
701 2186 930 2225 necessariis.
983 2190 1054 2227 Sed
1084 2193 1236 2233 causam
1272 2209 1366 2234 meae
1395 2200 1625 2247 voluntatis,
1659 2218 1739 2243 non

352 2246 458 2283 enim
480 2246 607 2285 dicam
629 2250 871 2301 cupiditatis,
902 2255 1061 2305 exposui
1086 2257 1157 2294 tibi
1180 2259 1444 2312 superioribus
1466 2265 1618 2313 literi83
1651 2283 1737 2320 quae

350 2311 468 2348 etiam
490 2312 515 2349 s1
537 2327 675 2364 parum
690 2316 791 2367 justa
813 2317 886 2355 tibi
907 2319 984 2357 visa
1004 2321 1070 2366 est,
1103 2322 1203 2363 hanc
1233 2336 1360 2365 tamen
1389 2328 1507 2369 habet
1529 2334 1733 2380 rationem,

350 2390 428 2414 non
453 2387 495 2415 ut
517 2380 635 2417 nimis
658 2384 992 2435 concupiscendus
1012 2385 1154 2435 honos,
1186 2392 1249 2430 sed
1272 2403 1416 2441 tamen,
1447 2398 1473 2434 fi
1503 2398 1696 2438 deferatur
1715 2415 1735 2438 a

350 2441 496 2488 senatu,
515 2444 680 2484 minime
701 2447 974 2499 aspernandus,
997 2453 1068 2492 effe
1089 2456 1276 2501 videatur.
1311 2462 1429 2512 Spero
1449 2472 1594 2509 autem,
1616 2465 1741 2504 illum,

349 2507 542 2556 ordinem,
573 2524 644 2563 pro
673 2515 770 2552 meis
801 2516 852 2553 ob
886 2519 1174 2570 rempublicam
1203 2524 1388 2578 susceptis
1423 2527 1637 2575 laboribus,
1669 2545 1740 2572 me
