2351 2997
1051 271 1281 326 [236]

715 524 1621 572 EPISTOLARUM

554 743 724 802 AD
851 743 1795 801 FAMILIARES

962 962 1238 1000 LIBER
1331 961 1384 999 X.

874 1157 1134 1195 CICERO
1185 1156 1470 1194 PLANCO.

491 1287 523 1324 1.
665 1287 703 1323 Τ
733 1283 841 1322 abfui
873 1284 1119 1337 proficiscens
1149 1285 1190 1322 in
1222 1284 1442 1323 Graeciam:
1474 1292 1512 1322 et
1540 1282 1787 1336 posteaquam
1816 1282 1872 1320 de-

680 1364 767 1388 meo
787 1350 899 1387 cursu
921 1349 1165 1402 Reipublicae
1191 1349 1275 1387 sum
1295 1362 1389 1387 voce
1415 1357 1629 1393 revocatus,
1661 1360 1864 1399 nunquam

490 1431 558 1469 per
578 1417 640 1454 M.
665 1415 888 1453 Antonium
909 1414 1064 1466 quietus
1085 1413 1172 1459 fui3
1205 1416 1316 1466 cujus
1338 1422 1442 1451 tanta
1463 1412 1528 1457 est,
1560 1426 1638 1450 non
1660 1412 1865 1449 insolentia

493 1485 601 1534 (narn
622 1482 662 1520 id
681 1481 842 1533 quidem
862 1480 1018 1532 vulgare
1037 1480 1181 1517 vitium
1202 1479 1271 1529 est)
1295 1479 1357 1516 sed
1379 1479 1615 1523 immanitas,
1647 1491 1725 1515 non
1746 1476 1866 1515 modo

491 1557 534 1585 ut
554 1561 705 1591 vocem,
737 1545 799 1583 sed
820 1559 867 1583 ne
887 1546 1043 1583 vultum
1065 1545 1225 1597 quidem
1246 1545 1430 1588 liberum,
1462 1543 1575 1596 poffit
1604 1542 1703 1581 ferre
1732 1542 1864 1594 cujus-

491 1626 624 1665 quam.
670 1613 805 1663 Itaque
836 1610 937 1648 mihi
970 1611 1148 1648 maximae
1179 1623 1278 1647 curae
1307 1609 1373 1653 est,
1406 1622 1484 1646 non
1517 1608 1563 1645 de
1592 1621 1677 1645 mea
1706 1607 1867 1659 quidem

490 1679 583 1722 vita,
615 1677 679 1714 cui
700 1675 866 1713 satisfeci
887 1676 947 1713 vel
968 1684 1089 1719 aetate,
1121 1675 1181 1712 vel
1210 1674 1335 1719 factis,
1367 1674 1427 1711 vel
1459 1673 1504 1725 (fi
1525 1673 1620 1725 quid
1644 1673 1761 1710 etiam
1790 1671 1867 1709 hoc

491 1743 537 1780 ad
559 1756 640 1780 rem
660 1741 847 1793 pertinet)
870 1740 1014 1793 gloria:
1048 1740 1110 1778 sed
1130 1753 1192 1779 me
1213 1740 1335 1792 patria
1354 1739 1551 1783 sollicitat,
1574 1738 1614 1775 in
1636 1737 1864 1790 primisque,

493 1809 549 1846 mi
581 1809 736 1851 Plance,
768 1807 983 1859 expectatio
1012 1806 1234 1844 consulatus
1262 1806 1349 1850 tui3
1381 1819 1466 1857 quae
1493 1804 1547 1842 ita
1577 1804 1694 1855 longa
1724 1803 1790 1847 est,
1823 1811 1867 1839 ut

492 1874 708 1925 optandum
730 1873 789 1916 fit,
822 1881 864 1909 ut
887 1872 1068 1923 poffimus
1098 1872 1144 1908 ad
1176 1871 1215 1908 id
1247 1880 1400 1922 tempus
1431 1869 1655 1920 reipublicae
1685 1868 1868 1920 spiritum

494 1939 647 1976 ducere.
694 1938 791 1987 Qae
824 1935 947 1988 potest
977 1936 1083 1972 enim
1114 1936 1195 1987 spes
1226 1935 1297 1972 effe
1331 1935 1370 1971 in
1405 1947 1448 1971 ea
1477 1933 1691 1985 republica,
1722 1932 1762 1968 in
1793 1945 1869 1983 qua

495 2002 668 2041 hominis
690 2000 1001 2052 impotentissimi
1028 2010 1143 2052 atque
1172 1999 1522 2051 intemperatissimi
1552 1998 1667 2035 armis
1698 1996 1869 2048 opprefl'a

497 2070 584 2107 sunt
605 2068 766 2105 omnia?
799 2075 835 2103 et
868 2067 907 2104 in
938 2080 1013 2119 qua
1043 2080 1112 2104 nec
1141 2066 1305 2109 senatuS,
1337 2079 1407 2102 nec
1435 2064 1619 2117 populus,
1651 2063 1731 2100 vim
1752 2061 1870 2099 habet

497 2135 618 2172 ullam
638 2135 649 2169 ?
689 2146 758 2169 nec
780 2132 882 2182 leges
905 2132 993 2169 ullae
1015 2132 1116 2175 sunt,
1149 2145 1219 2168 nec
1235 2130 1399 2183 judicia,
1436 2143 1506 2167 nec
1528 2128 1690 2166 omnino
1712 2127 1869 2165 simula-

496 2213 608 2237 crum
628 2197 787 2250 aliquod
807 2210 849 2235 ac
867 2197 1071 2248 vestigium
1088 2198 1283 2235 civitatis?
1308 2196 1378 2234 Sed
1399 2210 1490 2233 cum
1511 2196 1591 2232 acta
1611 2193 1742 2231 omnia
1763 2192 1870 2230 mitti

498 2265 542 2302 ad
566 2275 601 2302 te
622 2263 845 2306 arbitrabar,
880 2261 979 2299 nihil
1010 2271 1087 2300 erat
1117 2262 1222 2314 quod
1250 2261 1409 2313 lingulis
1438 2260 1484 2298 de
1512 2260 1625 2297 rebus
1647 2258 1868 2296 scriberem.

501 2330 604 2369 Illud
626 2337 754 2365 autem
776 2337 853 2364 erat
875 2328 1014 2365 amoris
1041 2328 1132 2371 mei,
1164 2341 1282 2379 quem
1313 2340 1332 2364 a
1363 2336 1427 2364 tua
1456 2325 1623 2377 pueritia
1652 2324 1873 2376 susceptum

500 2409 577 2433 non
599 2394 740 2431 servavi
761 2393 900 2436 solum,
934 2393 994 2429 sed
1026 2394 1142 2429 etiam
1175 2393 1278 2436 auxi,
1311 2405 1467 2429 monere
1499 2400 1534 2428 te
1565 2399 1680 2442 atque
1709 2388 1870 2431 hortari,

500 2471 543 2498 ut
581 2461 622 2498 in
662 2458 945 2510 rempublicam
983 2458 1093 2494 omni
1132 2458 1368 2509 cogitatione
1407 2469 1574 2508 curaque
1609 2454 1869 2492 incumberes,

501 2528 599 2577 Qae
630 2525 653 2562 s1
686 2524 732 2561 ad
766 2533 877 2561 tuum
911 2532 1063 2575 tempus
1097 2523 1337 2574 perducitur,
1369 2521 1494 2560 facilis
1530 2519 1760 2572 gubernatio
1791 2517 1870 2556 est:
