2351 2997
568 305 642 331 110
917 291 1602 330 EPISTOLARUM

565 392 818 436 adducemus,
836 400 879 429 ut
900 390 976 429 hoc
998 391 1205 443 suscipias;
1228 391 1301 428 erit
1320 390 1382 441 (ut
1403 389 1503 427 mihi
1525 389 1750 442 persuadeo)
1770 389 1949 427 materies

566 459 684 510 digna
704 457 888 495 facultate
908 466 946 494 et
973 457 1086 509 copia
1113 466 1190 494 tua.
1238 457 1275 493 A
1305 456 1501 507 principio
1531 457 1637 493 enim
1667 455 1948 507 conjurationis

566 523 685 574 usque
717 523 763 559 ad
795 522 966 559 reditum
999 521 1173 559 nostrum
1205 520 1358 558 videtur
1388 520 1489 558 mihi
1519 521 1723 558 modicum
1751 520 1950 572 quoddam

565 601 706 640 corpus
727 587 871 625 confici
891 586 994 639 posse
1013 602 1021 625 :
1054 587 1095 624 in
1126 600 1205 637 quo
1235 595 1273 623 et
1303 586 1370 622 illa
1390 586 1534 638 poteris
1557 586 1613 622 uti
1636 585 1816 622 civilium
1836 599 1948 623 com-

565 654 831 692 mutationum
854 653 1026 697 scientia,
1049 653 1108 690 vel
1130 653 1169 689 in
1191 652 1432 704 explicandis
1454 652 1572 689 caufis
1595 665 1724 688 rerum
1745 665 1949 696 novarum,

564 720 625 758 vel
656 721 696 758 in
727 719 907 757 remediis
937 719 1297 762 incommodorum,
1329 731 1420 755 cum
1443 727 1480 755 et
1502 716 1756 770 reprehendes
1778 730 1832 761 ea,
1865 731 1951 769 quae

564 785 818 839 vituperanda
837 785 983 830 duces3
1015 795 1068 829 et,
1100 798 1185 836 quae
1206 784 1432 836 placebunt,
1464 783 1703 836 exponendis
1734 783 1950 820 rationibus

565 852 870 904 comprobabis5
903 860 955 896 et,
988 851 1013 888 fi
1045 850 1222 894 liberius,
1255 858 1297 887 ut
1325 848 1528 893 consuesti,
1561 848 1754 900 agendum
1776 848 1948 901 putabis,

565 917 785 955 multorum
820 917 860 953 in
896 929 965 953 nos
1001 915 1220 968 perfidiam,
1258 914 1426 958 insidias,
1462 913 1742 965 proditionem,
1779 912 1947 950 notabis.

566 984 742 1020 Multam
764 983 881 1020 etiam
903 981 1009 1019 casus
1032 981 1150 1018 nostri
1181 980 1255 1017 tibi
1277 980 1500 1016 varietatem
1522 980 1561 1015 in
1584 978 1788 1015 scribendo
1808 978 1950 1030 suppe-

566 1048 764 1092 ditabunt,
787 1048 943 1099 plenam
964 1046 1166 1098 cujusdam
1187 1045 1415 1096 voluptatis,
1434 1058 1519 1096 quae
1535 1043 1785 1081 vehementer
1800 1043 1951 1080 animos

565 1114 777 1153 hominum
805 1114 846 1150 in
875 1111 1040 1164 legendo
1074 1111 1216 1163 scripto
1249 1111 1413 1147 retinere
1446 1109 1573 1162 poffit.
1622 1108 1739 1147 Nihil
1770 1108 1823 1146 est
1843 1109 1951 1146 enim

565 1182 693 1234 aptius
726 1179 772 1217 ad
803 1178 1101 1216 delectationem
1133 1177 1303 1221 lectoris,
1335 1190 1454 1228 quam
1488 1185 1712 1227 temporum
1733 1175 1949 1219 varietates,

566 1247 812 1298 fortunaeque
832 1244 1135 1283 viciffitudines:
1159 1257 1244 1296 quae
1260 1243 1327 1280 etsi
1351 1243 1463 1280 nobis
1480 1242 1672 1294 optabiles
1689 1242 1728 1278 in
1746 1241 1950 1293 experien-

566 1314 616 1351 do
637 1327 715 1350 non
736 1311 910 1356 fuerunt,
929 1312 970 1348 in
991 1310 1156 1361 legendo
1179 1320 1307 1347 tamen
1328 1318 1442 1346 erunt
1457 1307 1657 1360 jucundae.
1691 1306 1824 1344 Habet
1844 1307 1951 1344 enim

565 1379 751 1433 praeteriti
773 1378 917 1416 doloris
939 1377 1069 1415 secura
1089 1375 1305 1414 recordatio
1326 1375 1623 1412 delectationem
1642 1389 1650 1411 :
1684 1373 1830 1411 caeteris
1861 1386 1951 1410 vero

566 1446 675 1483 nulla
694 1443 909 1497 perfunctis
931 1442 1087 1495 propria
1106 1441 1295 1485 molestia,
1325 1440 1430 1477 casus
1452 1449 1581 1477 autem
1603 1439 1748 1476 alienos
1770 1438 1847 1476 fine
1869 1438 1952 1476 ullo

566 1511 699 1548 dolore
720 1509 983 1553 intuentibus,
1006 1507 1124 1546 etiam
1147 1507 1226 1560 ipsa
1246 1506 1510 1544 misericordia
1529 1505 1582 1542 est
1597 1503 1786 1556 jucunda.
1818 1505 1952 1555 Qem

566 1577 673 1614 enim
694 1575 868 1612 nostrum
890 1574 957 1611 ille
977 1574 1147 1610 moriens
1170 1572 1272 1624 apud
1294 1572 1542 1609 Mantineam
1560 1568 1851 1622 Epaminondas
1873 1583 1952 1606 non

566 1657 659 1681 cum
680 1642 847 1694 quadam
870 1640 1114 1678 miseratione
1135 1638 1297 1676 delectat
1315 1639 1327 1675 ?
1360 1638 1428 1689 qui
1450 1647 1535 1674 tum
1558 1636 1727 1687 denique
1747 1636 1818 1672 fibi
1839 1635 1954 1672 avelli

560 1709 676 1761 jubet
706 1707 916 1759 spiculum,
950 1705 1076 1757 postea
1103 1717 1221 1756 quam
1248 1703 1283 1740 ei
1310 1702 1557 1755 percontanti
1587 1701 1737 1738 dictum
1766 1700 1834 1744 est,
1865 1700 1951 1750 cly-

566 1788 683 1827 peum
704 1772 776 1810 effe
797 1771 972 1816 salvum3
1006 1780 1063 1814 ut,
1095 1771 1213 1807 etiam
1235 1762 1274 1806 in
1297 1769 1467 1806 vulneris
1499 1767 1647 1811 dolore,
1681 1780 1792 1818 aequo
1821 1767 1953 1803 animo

566 1854 659 1877 cum
681 1838 793 1876 laude
814 1845 1043 1874 moreretur.
1089 1836 1214 1886 Cujus
1237 1834 1409 1871 studium
1431 1834 1469 1869 in
1493 1832 1658 1883 legendo
1680 1845 1757 1868 non
1780 1833 1952 1868 erectum

567 1903 848 1944 Themistoclis
881 1901 973 1953 fuga
1004 1901 1209 1951 redituque
1231 1901 1419 1937 retinetur
1438 1900 1450 1935 ?
1484 1898 1644 1935 Etenim
1666 1897 1761 1934 ordo
1782 1896 1861 1948 ipse
1882 1909 1952 1933 an—

568 1971 716 2008 nalium
738 1968 988 2006 mediocriter
1010 1980 1077 2003 nos
1105 1966 1259 2009 retinet,
1293 1965 1395 2017 quali
1427 1963 1719 2000 enumeratione
1749 1961 1950 1999 fastorum.

568 2038 623 2074 At
644 2036 715 2072 viri
738 2034 835 2085 saepe
855 2032 1083 2070 excellentis
1106 2031 1296 2082 ancipites
1318 2030 1491 2080 variique
1513 2028 1618 2065 casus
1648 2027 1795 2064 habent
1826 2027 1954 2064 admi-

568 2104 773 2146 rationem,
806 2100 1131 2152 expectationem,
1172 2098 1364 2141 laetitiam‚
1406 2095 1639 2139 molestiam,
1678 2094 1800 2147 spem,
1833 2094 1955 2130 timo-

566 2183 648 2207 rem
668 2185 675 2206 :
710 2168 734 2205 si
756 2180 845 2204 vero
865 2166 974 2202 exitu
996 2164 1160 2202 notabili
1182 2162 1489 2205 concluduntur,
1513 2161 1693 2212 expletur
1714 2160 1866 2197 animus
1883 2160 1952 2210 ju-

567 2234 797 2273 cundiffima
818 2231 995 2269 leetionis
1017 2231 1231 2283 voluptate.
1266 2230 1358 2280 Qo
1380 2227 1480 2265 mihi
1502 2226 1687 2264 acciderit
1708 2226 1895 2278 optatiuS‚
1927 2225 1954 2262 fi

568 2302 609 2339 in
630 2299 702 2338 hac
725 2298 913 2336 sententia
933 2296 1067 2342 fueris,
1087 2306 1129 2334 ut
1150 2310 1170 2333 a
1190 2294 1486 2333 continentibus
1509 2293 1586 2330 tuis
1609 2292 1776 2345 scriptis,
1801 2293 1839 2328 in
1862 2291 1954 2343 qui-

569 2367 640 2404 bus
663 2373 890 2418 perpetuam
912 2375 1041 2399 rerum
1062 2361 1255 2413 gestarum
1282 2359 1482 2397 historiam
1510 2357 1797 2409 complecteris,
1831 2357 1953 2394 secer-

568 2445 634 2469 nas
656 2430 757 2468 hanc
774 2428 877 2481 quasi
900 2426 1072 2464 fabulam
1092 2440 1221 2463 rerum
1237 2435 1545 2476 eventorumque
1564 2423 1796 2460 nostrorum.
1822 2422 1956 2459 Habet

568 2498 675 2536 enim
697 2496 820 2534 varios
842 2496 962 2539 aetus,
994 2493 1215 2544 multasque
1246 2492 1414 2529 actiones
1444 2500 1482 2527 et
1509 2490 1761 2528 consiliorum
1791 2498 1829 2525 et
1851 2497 1952 2524 tem-

568 2577 725 2616 porum.
770 2562 829 2599 Ac
864 2574 941 2599 non
973 2573 1119 2604 vereor,
1152 2572 1199 2596 ne
1229 2555 1548 2596 assentatiuncula
1577 2555 1744 2608 quadam
1771 2552 1955 2604 aucupari
