2351 2997
593 230 686 269 AD
744 228 1207 267 FAMILIARES
1268 229 1399 268 LIB.
1450 231 1502 269 X.
1667 246 1744 288 237

365 340 409 369 ut
440 328 673 383 perducatur
704 337 849 373 autern,
881 341 1031 380 magnae
1058 341 1151 366 cum
1178 327 1393 380 diligentiae
1419 329 1486 374 est,
1520 339 1606 367 tum
1627 331 1746 369 etiam

365 396 545 434 fortunae.
593 394 665 432 Sed
694 403 732 432 et
762 403 801 432 te
829 394 1029 447 aliquanto
1056 403 1144 432 ante
1174 396 1236 445 (ut
1257 394 1383 446 spero)
1411 393 1659 441 habebimus,
1691 408 1744 442 et,

363 470 621 513 praeterquam
652 460 758 511 quod
789 460 1014 512 reipublicae
1048 459 1247 497 consulere
1277 460 1480 506 debemus,
1512 470 1641 500 tamen
1673 472 1749 500 tuae

364 527 548 579 dignitati
576 527 630 564 ita
656 526 845 571 favemus,
879 535 922 564 ut
951 540 1068 563 omne
1098 525 1273 563 nostrum
1301 527 1524 573 confilium,
1555 528 1744 574 studium,

364 593 557 638 officium,
575 606 747 645 operam,
766 593 953 636 laborem,
972 592 1234 643 diligentiam,
1252 592 1299 629 ad
1315 593 1620 644 amplitudinem
1638 604 1747 632 tuam

364 657 625 696 conferamus.
658 659 717 696 Ita
736 657 926 694 facillime
941 665 979 694 et
995 657 1235 708 reipublicae,
1255 671 1339 708 quae
1356 658 1457 695 mihi
1474 659 1662 696 cariffima
1676 661 1744 705 est,

363 734 401 762 et
422 725 603 762 amicitiae
624 723 773 768 nostrae,
797 736 915 775 quam
936 722 1163 760 sanffiffime
1184 723 1298 760 nobis
1319 723 1524 762 colendam
1544 735 1656 776 puto,
1684 740 1748 764 me

362 789 544 840 intelligo
560 787 861 826 satisfacffturum.
893 788 1088 825 Furnium
1104 787 1280 826 nostrum
1296 790 1394 826 tanti
1411 803 1431 826 a
1448 798 1484 827 te
1501 789 1598 835 fieri,
1618 804 1745 843 quan-

362 863 450 892 tum
470 853 588 905 ipsius
609 862 647 891 et
667 852 890 892 humanitas
906 862 944 891 et
960 853 1129 905 dignitas
1146 852 1328 905 postulat,
1347 868 1418 892 nec
1437 856 1570 900 miror,
1589 865 1627 893 et
1647 869 1745 907 gau-

363 920 463 965 deo3
496 929 610 971 teque
631 918 706 957 hoc
728 919 944 958 existimare
964 920 1069 964 volo,
1100 918 1297 972 quidquid
1321 920 1362 958 in
1383 934 1474 959 eum
1490 921 1634 972 judicii
1655 923 1745 960 offi-

364 987 496 1037 ciique
516 985 744 1031 contuleris,
773 986 813 1023 id
834 986 887 1024 ita
905 999 968 1024 me
989 985 1176 1038 accipere,
1210 995 1253 1024 ut
1274 986 1314 1024 in
1336 987 1529 1039 meipsum
1551 997 1587 1025 te
1608 998 1749 1039 putem

364 1050 583 1089 contuliffe.
616 1050 731 1090 Vale²

735 1253 978 1290 CICERO
1030 1253 1283 1292 PLANCO
1334 1256 1371 1292 S.

364 1381 420 1419 ΙΙ.
445 1380 536 1452 Μ
555 1380 587 1418 Ε
606 1379 709 1417 UM
740 1378 911 1417 studium
939 1379 1080 1418 honori
1111 1390 1180 1420 tuo
1212 1395 1282 1434 pro
1312 1381 1588 1420 neceffitudine
1620 1383 1752 1421 nostra

567 1459 647 1484 non
667 1444 859 1490 defuifl‘et,
882 1446 908 1483 fi
929 1455 995 1484 aut
1016 1455 1103 1485 tuto
1122 1447 1163 1484 in
1185 1447 1374 1492 senatum,
1398 1458 1462 1486 aut
1483 1448 1654 1494 honeste,
1676 1463 1744 1487 ve-

365 1512 446 1549 nire
467 1511 686 1563 potuiffem.
734 1511 806 1548 Sed
834 1525 903 1549 nec
925 1512 1002 1550 fine
1022 1513 1198 1564 periculo
1219 1513 1442 1566 quisquam,
1474 1514 1594 1552 libere
1616 1514 1662 1552 de
1683 1529 1744 1552 re-

364 1577 523 1627 publica
549 1576 730 1621 sentiens,
761 1576 898 1614 versari
925 1578 1048 1629 potest
1075 1580 1116 1616 in
1146 1579 1297 1617 summa
1326 1580 1561 1632 impunitate
1591 1580 1744 1632 gladio-

366 1655 453 1679 rum
468 1660 482 1686 5
515 1655 585 1679 nec
606 1641 740 1680 nostrae
761 1642 962 1693 dignitatis
984 1643 1137 1681 videtur
1157 1644 1242 1689 effe,
1275 1645 1331 1682 ibi
1359 1645 1590 1683 sententiam
1611 1645 1657 1683 de
1684 1660 1744 1683 re-

366 1707 525 1758 publica
556 1707 696 1752 dicere,
729 1707 798 1745 ubi
824 1721 888 1745 me
915 1716 952 1745 et
979 1709 1120 1747 melius
1153 1718 1191 1747 et
1217 1711 1377 1762 propius
1406 1711 1564 1749 audiant
1591 1712 1743 1757 armati,

364 1786 483 1824 quam
510 1773 713 1811 senatores.
760 1775 1008 1825 Qapropter
1038 1775 1078 1812 in
1109 1776 1268 1827 privatis
1302 1775 1415 1814 rebus
1441 1776 1598 1814 nullum
1620 1790 1746 1828 neque

366 1837 556 1881 officium,
588 1851 713 1890 neque
749 1838 920 1875 studium
955 1852 1103 1884 meum,
1135 1840 1391 1879 defiderabis:
1424 1856 1471 1879 ne
1501 1842 1541 1879 in
1573 1842 1744 1894 publicis

365 1902 541 1954 quidem,
573 1903 599 1940 fi
629 1903 724 1955 quid
754 1905 827 1942 erit
856 1905 897 1941 in
925 1918 1004 1956 quo
1024 1919 1086 1943 me
1107 1905 1281 1944 intereffe
1302 1907 1447 1945 neceffe
1479 1908 1538 1953 fit,
1571 1922 1745 1960 unquam

365 1968 491 2013 deero,
524 1982 571 2005 ne
601 1982 693 2006 cum
722 1969 898 2021 periculo
928 1971 1089 2022 quidem
1124 1985 1226 2016 meo,
1260 1972 1443 2024 dignitati
1479 1982 1567 2011 tuae.
1615 1974 1660 2010 In
1696 1974 1743 2010 iis

365 2041 495 2070 autem
516 2032 645 2077 rebus,
677 2047 760 2084 quae
783 2033 1058 2080 nihilominus,
1091 2045 1134 2073 ut
1155 2050 1226 2088 ego
1247 2037 1381 2082 absim,
1409 2037 1551 2075 confici
1572 2037 1742 2089 possunt,

366 2106 456 2148 peto
483 2111 502 2135 a
529 2107 579 2142 te,
614 2107 656 2136 ut
684 2112 746 2137 me
775 2100 966 2138 rationem
992 2100 1133 2140 habere
1154 2102 1248 2141 velis
1269 2112 1307 2141 et
1329 2103 1459 2142 salutis
1481 2113 1519 2141 et
1540 2103 1742 2155 dignitatis

364 2176 472 2201 inere.
506 2163 615 2202 Vale.
