2351 2997
568 213 620 254 γε
921 199 1604 242 EPISTOLARUM

569 301 722 355 Itaque,
753 301 1088 354 quemadmodum
1115 303 1320 356 expediam
1345 304 1497 343 exitum
1517 303 1636 357 hujus
1656 303 1841 344 institutae
1862 318 1948 345 ora-

569 368 704 412 tionis,
737 381 816 405 non
836 368 999 419 reperio.
1038 369 1181 420 Neque
1201 370 1307 406 enim
1328 369 1473 408 tristius
1495 370 1622 409 dicere
1642 371 1860 424 quidquam
1880 372 1949 411 de-

569 432 643 471 beo
663 446 705 469 ea
725 432 771 470 de
792 446 844 476 re,
863 446 982 484 quam
1003 442 1047 470 tu
1067 433 1147 484 ipse
1167 434 1368 471 ominibus
1389 435 1552 486 optimis
1573 437 1828 489 prosequeris.
1861 438 1949 476 Ne-

569 511 646 550 que
666 511 745 536 non
767 511 829 535 me
851 507 980 535 tamen
1006 499 1159 536 mordet
1185 499 1361 550 aliquid:
1395 500 1436 537 in
1463 514 1543 552 quo
1572 515 1697 540 unum
1723 516 1869 549 vereor,
1901 516 1951 541 ne

568 571 612 601 tu
631 576 769 615 parum
790 562 996 614 perspicias
1018 576 1074 607 ea,
1106 577 1191 616 quae
1212 564 1314 616 gesta
1334 564 1421 609 sint,
1453 565 1501 602 ab
1521 565 1605 604 aliis
1626 565 1698 603 effe
1717 566 1833 618 gesta,
1855 568 1948 619 qui-

568 628 641 666 bus
674 641 747 680 ego
778 628 833 664 ita
862 628 1101 674 mandaram,
1134 638 1191 674 ut,
1224 643 1317 667 cum
1346 639 1426 668 tam
1452 630 1569 683 longe
1590 630 1797 669 abfuturus
1817 632 1949 678 effem,

567 692 614 730 ad
635 706 698 730 me
719 706 766 730 ne
787 691 1001 738 referrent,
1034 703 1204 745 agerent,
1237 694 1343 747 quod
1363 695 1595 748 probassent.
1643 697 1689 734 In
1715 694 1792 734 hoc
1819 705 1952 735 autem

567 757 669 796 mihi
689 758 790 795 illud
810 760 1005 797 occurrit:
1039 759 1149 810 Qid
1170 769 1212 798 tu
1233 760 1368 812 igitur,
1392 761 1417 798 fi
1438 761 1602 800 affuiffes
1620 762 1632 798 ?
1665 762 1767 799 Rem
1787 761 1948 814 probas-

568 822 676 861 sem:
709 822 756 860 de
784 832 972 875 ternpore,
1005 823 1107 862 nihil
1134 834 1172 862 te
1198 825 1338 870 invito,
1371 824 1472 863 nihil
1500 826 1577 864 fine
1604 827 1765 864 consilio
1791 826 1949 879 egissem

568 897 653 928 tuo.
694 888 814 926 Vides
848 888 979 927 sudare
1012 903 1090 935 me,
1116 890 1353 942 jamdudum
1385 891 1641 936 laborantem,
1673 892 1874 944 quomodo
1907 906 1951 931 ea

567 963 689 1000 tuear,
721 968 806 1007 quae
838 954 939 992 mihi
971 955 1114 993 tuenda
1145 956 1248 1001 sunt,
1281 966 1319 994 et
1346 967 1384 994 te
1409 971 1487 994 non
1509 957 1718 996 offendam.
1763 958 1867 996 Leva
1886 972 1950 996 me

566 1021 691 1072 igitur
711 1019 787 1058 hoc
808 1033 923 1058 onere
941 1036 949 1058 t
984 1035 1186 1073 nunquam
1207 1024 1313 1060 enim
1335 1022 1435 1060 mihi
1456 1022 1589 1060 videor
1610 1022 1777 1060 traetafi'e
1798 1022 1951 1061 causam

568 1085 848 1124 difficiliorem.
896 1086 957 1123 Sic
982 1085 1125 1124 habeto
1147 1097 1275 1125 tamen
1296 1103 1303 1125 :
1338 1088 1406 1125 nisi
1423 1088 1506 1138 jam
1528 1096 1623 1125 tunc
1644 1088 1777 1125 omnia
1795 1089 1953 1140 negotia

566 1165 660 1190 cum
689 1151 841 1189 summa
868 1160 934 1189 tua
959 1151 1150 1204 dignitate
1182 1153 1474 1205 diligentiffime
1505 1153 1769 1199 confecissem,
1801 1154 1950 1194 tametfi

565 1216 669 1255 nihil
690 1216 894 1255 videbatur
913 1217 959 1254 ad
980 1231 1113 1256 meum
1134 1232 1223 1271 erga
1244 1229 1281 1257 te
1296 1218 1505 1271 pristinum
1522 1218 1694 1257 studium
1715 1218 1803 1256 addi
1824 1219 1948 1272 poffe;

565 1291 712 1327 tamen,
744 1281 816 1320 hac
838 1282 939 1320 mihi
966 1283 1154 1322 affinitate
1175 1284 1366 1329 nuntiata,
1397 1297 1477 1322 non
1498 1285 1643 1336 majore
1663 1285 1847 1336 equidem
1866 1284 1948 1322 stu-

565 1348 645 1393 dio,
664 1348 728 1386 sed
747 1348 887 1394 acrius,
905 1350 1090 1401 apertius,
1113 1349 1409 1402 significantius,
1429 1349 1661 1401 dignitatem
1683 1359 1791 1388 tuam
1811 1349 1950 1388 defen-

565 1413 715 1452 diffem.
746 1414 964 1452 Decedenti
985 1414 1101 1461 mihi,
1123 1425 1161 1454 et
1175 1417 1259 1468 jam
1280 1416 1446 1468 imperio
1466 1429 1594 1453 annuo
1617 1417 1839 1462 terminato,
1861 1425 1951 1455 ante

564 1479 672 1518 diem
698 1493 772 1519 111.
803 1494 922 1519 nonas
951 1481 1130 1527 Sextiles,
1163 1495 1256 1520 cum
1282 1482 1329 1520 ad
1362 1482 1491 1520 Sidam
1523 1483 1610 1520 navi
1642 1483 1879 1529 accederem,
1911 1493 1950 1521 et

564 1558 725 1584 mecum
753 1545 1015 1597 QServilius
1043 1546 1148 1591 effet,
1179 1547 1301 1585 literae
1332 1561 1352 1584 a
1384 1548 1480 1585 meis
1514 1547 1603 1585 sunt
1634 1548 1806 1587 redditae.
1851 1548 1950 1586 Dixi

564 1610 695 1649 statim
721 1612 898 1656 Servilio,
931 1613 1098 1663 (etenim
1118 1613 1322 1651 videbatur
1342 1613 1413 1650 effe
1440 1614 1683 1664 commotus)
1714 1624 1758 1652 ut
1777 1615 1911 1652 omnia
1930 1628 1951 1652 a

565 1689 630 1714 me
650 1677 795 1728 majora
815 1678 1047 1728 expectaret.
1080 1677 1190 1729 Qid
1210 1678 1336 1716 multa
1353 1680 1364 1714 ?
1398 1678 1698 1716 Benevolentior
1718 1679 1807 1725 tibi,
1830 1693 1950 1732 quam

565 1741 640 1787 fui,
672 1741 800 1780 nihilo
821 1742 906 1780 sum
926 1741 1075 1788 factum
1109 1743 1336 1795 diligentior
1356 1743 1402 1781 ad
1423 1743 1691 1782 declarandam
1713 1745 1949 1784 benevolen-

565 1808 663 1846 tiam
683 1807 826 1846 multo.
860 1808 967 1845 Nam
984 1816 1027 1845 ut
1043 1816 1153 1846 vetus
1170 1809 1296 1846 nostra
1311 1808 1484 1846 fimultas
1501 1818 1611 1846 antea
1625 1808 1849 1848 stimulabat
1868 1824 1947 1856 me,

564 1882 610 1911 ut
625 1886 816 1917 caverem,
834 1886 881 1910 ne
898 1873 962 1910 cui
979 1872 1239 1925 suspicionem
1255 1873 1343 1911 ficte
1364 1874 1622 1912 reconciliatae
1642 1876 1773 1926 gratiae
1794 1875 1923 1913 darem
1933 1894 1945 1920 ς

566 1939 616 1977 fic
637 1939 802 1976 affinitas
824 1951 965 1976 novam
986 1951 1120 1976 curam
1141 1938 1241 1977 mihi
1263 1938 1373 1977 affert
1393 1939 1569 1984 cavendi,
1588 1953 1635 1978 ne
1656 1940 1752 1992 quid
1773 1941 1819 1979 de
1839 1941 1948 1980 sum-

564 2017 633 2042 mo
653 2016 742 2042 meo
762 2016 851 2055 erga
871 2011 908 2041 te
928 2016 1057 2041 amore
1078 2004 1294 2043 detractum
1313 2004 1384 2043 effe
1404 2005 1593 2043 videatur.
1626 2005 1736 2044 Vale.

746 2201 810 2241 M.
842 2203 896 2241 Τ.
930 2202 978 2242 C.
1011 2204 1197 2242 APPIO
1230 2203 1514 2243 Purcnao
1556 2205 1593 2243 S.
1627 2204 1672 2243 P.
1706 2203 1759 2243 D.

564 2330 682 2369 XIII.
699 2330 871 2418 QUA
885 2332 907 2369 S
922 2334 941 2371 Ι
971 2334 1186 2372 divinarem
1209 2332 1276 2370 tali
1297 2332 1337 2370 in
1358 2333 1489 2371 officio
1510 2330 1593 2370 fore
1614 2331 1716 2370 mihi
1736 2331 1946 2383 aliquando

805 2398 1071 2449 expetendum
1092 2397 1264 2435 studium
1286 2406 1425 2442 tuum,
1459 2398 1523 2443 fic,
1553 2411 1645 2435 cum
1666 2397 1712 2434 de
1734 2398 1810 2435 tuis
1832 2397 1945 2435 rebus

559 2460 675 2515 gestis
700 2462 900 2515 agebatur,
933 2464 1190 2503 inserviebam
1215 2462 1359 2502 honori
1387 2472 1470 2503 tuo.
1514 2464 1659 2502 Dicam
1680 2472 1810 2502 tamen
1830 2476 1915 2502 vere
1932 2481 1944 2507 5
