2351 2997
558 291 631 344 158
897 285 1574 326 ErtsToLARUM

556 392 674 432 minis
697 389 821 428 sordes
842 389 972 426 minus
993 400 1056 424 me
1076 399 1257 437 magnam
1277 385 1386 423 illam
1406 386 1581 423 laetitiam
1601 394 1748 439 putare.
1781 385 1924 425 Credas

556 457 658 496 mihi
679 457 811 499 velim,
834 453 956 504 magis
977 464 1039 488 me
1054 450 1207 501 judicio
1228 448 1318 494 hoc,
1344 463 1461 501 quam
1481 460 1605 488 morte
1626 451 1794 495 inimici,
1817 452 1924 489 laeta-

558 533 658 561 turn.
692 521 870 558 Primum
889 518 995 554 enim
1010 515 1163 567 judicio
1183 514 1300 559 malo,
1322 527 1440 565 quam
1459 515 1614 566 gladio3
1646 516 1784 554 deinde
1803 517 1927 568 gloria

557 587 687 640 potius
715 584 845 627 amici,
876 595 995 635 quarn
1025 580 1256 618 calamitate.
1304 580 1349 616 In
1381 580 1592 632 primisque
1618 593 1681 617 me
1708 581 1924 626 delectavit,

558 660 711 689 tantum
732 648 902 685 studium
923 646 1117 683 bonorum
1144 645 1184 681 in
1211 657 1274 681 me
1303 644 1467 681 extitifi'e
1493 653 1627 682 contra
1654 645 1927 683 incredibilem

557 716 852 754 contentionem
884 711 1079 749 clariflimi
1112 719 1150 747 et
1184 709 1437 761 potentissimi
1471 710 1557 747 viri.
1609 709 1820 754 Postremo,
1860 711 1927 748 vix

557 780 762 820 verifimile
789 778 939 817 fortaffe
966 776 1153 820 videatur,
1183 775 1338 812 oderam
1365 776 1492 812 multo
1520 776 1628 827 pejus
1656 774 1777 820 hunc,
1809 788 1928 826 quam

558 848 674 886 illurn
694 845 821 898 ipsum
842 844 1029 882 Clodium
1048 857 1056 880 :
1090 842 1205 878 illum
1225 841 1330 878 enim
1350 854 1630 893 oppugnaram‚
1662 840 1768 878 hunc
1789 840 1926 878 defen-

559 913 688 950 deram
708 926 715 949 :
748 920 786 947 et
807 910 887 953 ille,
909 922 1000 946 cum
1021 907 1148 945 omnis
1170 906 1386 958 respublica
1405 906 1444 942 in
1466 919 1553 943 meo
1574 907 1699 957 capite
1719 905 1927 943 discrimen

558 977 647 1015 effet
667 976 860 1018 habitura,
883 986 1069 1025 magnum
1090 971 1275 1023 quiddam
1296 971 1495 1023 spe&avit;
1520 984 1590 1008 nec
1611 971 1674 1007 sua
1694 970 1842 1022 sponte,
1865 969 1928 1007 sed

559 1055 693 1080 eorum
713 1040 874 1083 auxilio,
897 1039 980 1090 qui,
1013 1051 1074 1074 rne
1094 1037 1227 1080 stante,
1260 1035 1351 1072 stare
1373 1048 1449 1072 non
1470 1044 1674 1087 poterant:
1707 1034 1773 1071 hic
1794 1035 1926 1072 simio-

560 1107 635 1150 lus,
656 1105 777 1142 animi
796 1103 919 1147 causa,
942 1115 1018 1146 me,
1040 1103 1079 1138 in
1102 1114 1219 1152 quem
1240 1098 1498 1143 inveheretur,
1521 1099 1739 1150 delegerat;
1771 1098 1926 1150 persua-

560 1171 732 1222 seratque
760 1167 959 1205 nonnullis
988 1165 1129 1203 invidis
1157 1166 1269 1208 meis,
1302 1164 1335 1201 se
1363 1164 1402 1200 in
1430 1177 1492 1201 me
1519 1163 1753 1201 emissarium
1781 1163 1930 1215 semper

559 1235 655 1273 fore.
689 1233 954 1284 Qamobrem
975 1231 1084 1268 valde
1099 1230 1220 1281 jubeo
1240 1229 1403 1281 gaudere
1425 1238 1479 1266 te:
1504 1242 1642 1280 magna
1661 1241 1718 1265 res
1734 1227 1836 1279 gesta
1854 1227 1927 1266 est:

559 1312 761 1351 nunquam
783 1298 855 1334 ulli
875 1297 1053 1335 fortiores
1074 1296 1176 1332 cives
1196 1293 1371 1338 fuerunt,
1401 1307 1519 1345 quam
1541 1293 1609 1345 qui
1629 1293 1704 1330 ausi
1730 1292 1818 1330 sunt
1838 1306 1929 1330 eum

558 1374 692 1402 contra
713 1372 835 1401 tantas
856 1376 946 1414 opes
968 1363 1065 1413 ejus,
1091 1374 1110 1397 a
1130 1374 1209 1412 quo
1230 1359 1298 1412 ipfi
1319 1359 1408 1396 lecti
1424 1359 1575 1410 judices
1597 1367 1717 1402 erant,
1739 1357 1927 1394 condem·

560 1445 646 1468 nare
666 1446 674 1468 ;
707 1429 812 1481 quod
833 1428 1005 1465 feciffent
1027 1440 1243 1476 nunquam,
1275 1425 1343 1461 nifi
1364 1425 1411 1461 iis
1433 1424 1557 1460 dolori
1579 1437 1687 1461 meus
1707 1423 1836 1460 fuisset
1857 1423 1928 1460 do-

557 1497 632 1534 lor.
664 1496 750 1533 Nos
771 1494 836 1531 hic
858 1494 897 1530 in
919 1491 1173 1530 multitudine
1193 1500 1230 1527 et
1250 1489 1472 1526 celebritate
1487 1489 1743 1539 judiciorum,
1761 1498 1798 1525 et
1819 1489 1928 1526 novis

560 1561 728 1612 legibus,
760 1560 813 1596 ita
839 1558 1080 1601 distinemur,
1113 1565 1155 1592 ut
1183 1554 1359 1606 quotidie
1385 1562 1473 1591 vota
1499 1552 1701 1597 faciamus,
1732 1566 1779 1590 ne
1806 1553 1929 1590 inter-

559 1626 718 1671 caletur,
751 1634 793 1661 ut
815 1637 931 1675 quam
953 1623 1127 1674 primum
1149 1630 1185 1658 te
1204 1619 1331 1658 videre
1353 1619 1551 1670 poffimus.

827 1822 889 1859 M.
924 1821 1152 1858 CICERO
1193 1819 1256 1856 M.
1289 1818 1499 1855 MARIO
1541 1817 1577 1854 S.
1612 1817 1665 1854 D.

560 1951 635 1988 ΙΙΙ,
661 1948 713 2019 Ρ
731 1950 762 1986 Ε
780 1950 814 1985 R
831 1949 852 1984 S
866 1949 913 1985 AE
931 1947 958 1982 P
974 1948 1007 1983 E
1038 1945 1138 1982 mihi
1165 1944 1353 1996 cogitanti
1381 1943 1426 1980 de
1451 1942 1728 1980 communibus
1748 1942 1926 1985 miseriis,

733 2014 772 2050 in
794 2012 936 2064 quibus
959 2019 1016 2047 tot
1037 2022 1156 2047 annos
1173 2009 1378 2052 versamur,
1397 2017 1433 2044 et
1453 2009 1514 2058 (ut
1530 2007 1659 2055 video)
1678 2005 1927 2050 versabimur,

562 2079 656 2117 solet
677 2079 717 2115 in
739 2085 911 2115 mentem
939 2075 1068 2112 venire
1095 2074 1201 2111 illius
1230 2073 1430 2126 temporis,
1462 2085 1541 2123 quo
1572 2071 1748 2124 proxime
1780 2070 1928 2108 fuimus

561 2157 663 2181 una:
697 2142 792 2194 quin
813 2141 928 2178 etiam
950 2139 1076 2191 ipsum
1097 2139 1200 2175 diem
1222 2138 1408 2175 memoria
1429 2146 1554 2174 teneo.
1601 2136 1705 2173 Nam
1733 2149 1766 2173 a.
1790 2135 1829 2173 d.
1856 2148 1928 2172 111.

561 2208 647 2245 idus
669 2207 810 2250 Maias,
829 2203 999 2243 Lentulo
1020 2213 1057 2241 et
1078 2202 1269 2240 Marcello
1290 2202 1530 2245 consulibus,
1548 2214 1639 2237 cum
1660 2200 1700 2237 in
1723 2199 1928 2251 Pompeia-

560 2286 657 2311 num
684 2271 829 2323 vesperi
857 2268 1053 2313 veniffem,
1085 2277 1128 2305 tu
1158 2267 1258 2304 mihi
1289 2267 1457 2304 sollicito
1486 2266 1616 2303 animo
1645 2264 1779 2317 praesto
1807 2263 1927 2301 fuisti.

562 2337 785 2376 Sollicitum
806 2344 934 2374 autem
956 2344 993 2372 te
1012 2333 1178 2371 habebat
1198 2333 1384 2384 cogitatio
1412 2345 1503 2369 cum
1534 2331 1669 2375 officii,
1701 2339 1786 2367 tum
1814 2330 1930 2366 etiarn

560 2402 725 2457 periculi
741 2402 832 2439 mei.
863 2401 901 2437 Si
918 2412 1113 2437 manerem
1130 2399 1170 2435 in
1188 2398 1311 2442 Italia,
1329 2397 1518 2441 verebare,
1537 2410 1583 2433 ne
1599 2396 1730 2434 officio
1747 2394 1906 2432 deeffem
1916 2413 1928 2439 3

559 2469 586 2506 fi
612 2466 875 2520 proficiscerer
901 2464 947 2501 ad
975 2464 1138 2507 bellum,
1169 2462 1390 2515 periculum
1417 2471 1454 2499 te
1482 2474 1614 2498 meum
1641 2459 1928 2498 commovebat.

561 2535 654 2585 Qo
684 2542 859 2584 tempore
886 2529 1014 2569 vidisti
1040 2527 1214 2582 profecto
1234 2541 1296 2565 me
1316 2540 1471 2579 quoque
1491 2527 1544 2564 ita
1563 2525 1855 2568 conturbatum,
1887 2531 1930 2560 ut
