2351 2997
605 326 697 364 AD
755 323 1222 362 FAMILIARES
1281 323 1413 362 LIB.
1465 325 1558 363 VII.
1702 342 1775 380 177

395 439 461 463 me
492 438 641 470 mones,
672 422 781 462 valde
813 431 968 474 gratum
1000 421 1080 467 est3
1112 422 1230 474 idque
1258 431 1302 460 ut
1330 422 1478 476 semper
1498 422 1630 468 facias,
1662 438 1772 477 rogo.

400 491 553 530 Videris
575 490 682 528 enim
702 486 804 524 mihi
825 488 960 532 vereri,
992 501 1054 532 ne,
1090 486 1115 524 s1
1145 487 1262 525 istum
1283 486 1550 533 habuerimus,
1583 489 1775 527 rideamus

395 552 528 602 γέλωτα
552 549 716 609 σαρδόνιον,
748 552 819 590 Sed
839 552 935 590 heus
958 562 1015 597 tu,
1039 566 1200 590 manum
1221 552 1267 590 de
1289 553 1442 591 tabula:
1476 554 1655 606 magister
1674 555 1776 592 adest

391 617 527 661 citius,
558 630 675 668 quam
697 627 935 670 putaramus.
977 617 1123 655 Vereor
1152 632 1199 655 ne
1226 618 1267 655 in
1296 619 1510 656 Catonium
1539 621 1771 658 Catoninos.

396 683 460 720 Mi
482 683 611 727 Galle,
629 697 719 721 cave
740 692 851 735 putes
868 683 1084 735 quid-quam
1100 683 1256 727 melius,
1275 696 1393 734 quam
1410 684 1578 736 epistolae
1596 695 1670 723 tuae
1685 699 1774 737 par-

398 757 478 785 tem
499 747 546 785 ab
567 762 611 785 eo
632 749 720 786 loco
738 764 746 786 :
779 756 912 786 caetera
932 748 1120 786 labuntur.
1163 749 1316 785 Secreto
1337 747 1412 785 hoc
1434 749 1523 786 audi
1540 768 1551 794 3
1583 750 1624 786 id
1645 759 1776 788 tecum

396 812 559 857 habeto,
584 827 631 850 ne
650 813 798 864 Apellae
819 813 979 864 quidem
1001 813 1143 850 liberto
1165 821 1233 850 tuo
1254 813 1411 851 dixeris.
1446 814 1588 852 Praeter
1609 814 1686 852 duo
1707 828 1776 852 nos

397 880 574 931 loquitur
594 877 664 915 isto
685 878 803 916 modo
825 892 940 916 nemo
960 894 968 916 :
994 880 1090 916 bene
1111 878 1277 923 malene,
1300 878 1432 916 videro
1451 894 1459 917 ε
1484 879 1560 924 sed,
1584 879 1777 932 quidquid

397 944 464 989 est,
497 942 671 980 nostrum
691 943 757 981 est.
791 945 899 995 Urge
919 944 1055 995 igitur,
1088 957 1157 980 nec
1179 943 1434 981 transversum
1456 958 1629 996 unguem
1654 946 1778 997 (quod

397 1008 524 1058 aiunt)
548 1022 567 1044 a
587 1007 684 1059 stylo
703 1024 711 1046 :
745 1009 776 1046 is
797 1009 904 1046 enim
924 1009 977 1046 est
998 1008 1153 1046 dicendi
1173 1007 1306 1060 opifex
1324 1024 1332 1046 :
1365 1018 1480 1061 atque
1500 1010 1684 1062 equidem
1704 1011 1777 1048 ali-

398 1083 592 1126 quantum
607 1074 689 1125 jam
711 1074 828 1111 etiam
850 1075 973 1112 noetis
995 1075 1154 1113 afi‘umo.
1188 1074 1298 1111 Vale.

757 1280 999 1316 CICERO
1037 1278 1253 1316 GALLO
1295 1278 1333 1316 S.
1366 1278 1420 1316 D.

401 1404 554 1443 XXVI.
581 1404 647 1477 C
666 1406 703 1442 U
718 1405 766 1443 M
796 1406 994 1444 decimum
1017 1407 1100 1457 jam
1129 1404 1234 1443 diem
1254 1405 1421 1457 graviter
1441 1419 1487 1444 ex
1509 1407 1700 1446 intestinis
1722 1408 1779 1446 la=

680 1471 870 1516 borarem,
902 1484 1028 1524 neque
1049 1472 1112 1516 iis,
1143 1472 1212 1523 qui
1242 1483 1327 1508 mea
1355 1484 1470 1524 opera
1497 1473 1555 1510 uti
1582 1473 1779 1519 volebant,

400 1549 462 1573 me
482 1536 687 1587 probarem
717 1550 796 1574 non
825 1537 963 1582 valere,
995 1537 1086 1588 quia
1114 1535 1259 1574 febrim
1288 1548 1367 1574 non
1394 1536 1593 1582 haberem,
1624 1537 1711 1590 fugi
1740 1539 1782 1576 in

401 1602 701 1648 Tusculanum3
733 1617 826 1641 cum
847 1603 1008 1655 quidem
1031 1603 1197 1640 biduum
1218 1603 1272 1640 ita
1286 1604 1447 1654 jejunus
1468 1603 1637 1649 fuiffem,
1670 1614 1714 1642 ut
1734 1618 1782 1642 ne

401 1680 540 1718 aquam
562 1668 722 1720 quidem
743 1669 949 1720 gustarem.
998 1670 1133 1719 Itaque
1153 1667 1354 1706 confeems
1383 1669 1568 1721 languore
1597 1679 1635 1707 et
1664 1669 1782 1715 fame,

400 1733 525 1784 magis
555 1742 668 1771 tuum
697 1733 873 1771 officium
904 1733 1124 1778 desideravi,
1157 1747 1275 1785 quam
1307 1733 1373 1770 abs
1405 1743 1441 1771 te
1472 1735 1617 1786 requiri
1647 1736 1782 1787 putavi

402 1810 548 1835 meum.
596 1799 683 1850 Ego
710 1807 839 1836 autem
867 1813 958 1836 curn
986 1812 1120 1836 omnes
1149 1797 1307 1835 morbos
1336 1797 1562 1843 reformido,
1595 1808 1681 1837 tum
1702 1813 1783 1852 quo

402 1862 621 1913 Epicurum
644 1873 757 1900 tuum
784 1863 904 1901 Stoici
934 1863 1034 1901 male
1055 1863 1269 1915 accipiunt,
1300 1863 1394 1914 quia
1421 1863 1538 1908 dicat,
1568 1857 1783 1918 duo-sesndg

400 1917 606 1971 δυσῑντεφικέι
635 1922 730 1967 πάθη
756 1927 826 1965 fibi
861 1928 1020 1965 molesta
1049 1928 1146 1966 effe:
1180 1941 1351 1979 quorum
1382 1928 1564 1973 alterum,
1596 1928 1783 1966 morbum

394 1990 598 2029 edacitatis
620 1992 691 2030 effe
711 2001 865 2044 putant,
897 1993 1063 2030 alterum
1094 1993 1211 2030 etiam
1239 1992 1426 2045 turpioris
1457 1993 1780 2044 intemperantiae.

400 2058 495 2094 Sane
515 2050 719 2102 &berewegjoev
738 2059 1030 2110 pertimueram.
1079 2058 1150 2096 Sed
1171 2058 1247 2095 visa
1268 2058 1320 2095 est
1341 2057 1441 2096 mihi
1462 2059 1523 2096 vel
1553 2059 1630 2096 loci
1652 2068 1782 2096 muta-

400 2123 470 2166 tio,
502 2121 563 2159 vel
584 2122 704 2159 animi
726 2123 842 2160 etiam
864 2123 1062 2168 relaxatio,
1094 2124 1154 2160 vel
1176 2123 1255 2175 ipsa
1275 2122 1427 2161 fortaffe
1449 2125 1532 2175 jam
1554 2123 1782 2162 senescentis

401 2187 529 2225 morbi
552 2187 732 2232 remiffio,
764 2187 962 2239 profuiffe.
1006 2189 1209 2233 Attamen,
1242 2202 1289 2226 ne
1310 2189 1465 2233 mirere,
1499 2189 1600 2227 unde
1620 2189 1696 2227 hoc
1717 2203 1783 2227 ac-

402 2253 555 2297 ciderit,
587 2252 834 2303 quomodove
861 2254 1153 2298 commiserim,
1186 2254 1249 2291 lex
1277 2253 1528 2306 sumptuaria,
1561 2268 1646 2306 quae
1674 2255 1783 2292 vide—

403 2328 466 2355 tur
486 2313 639 2357 λιτότητα
668 2318 849 2363 attuliffe,
880 2332 921 2356 ea
948 2318 1048 2356 mihi
1080 2319 1205 2356 fraudi
1236 2317 1328 2356 fuit.
1376 2320 1496 2364 Nam,
1529 2319 1624 2357 dum
1644 2320 1784 2358 volunt

403 2382 464 2419 isti
484 2382 581 2419 lauti
603 2390 701 2419 terra
721 2391 821 2427 nata,
852 2397 938 2435 quae
956 2384 1043 2436 lege
1063 2392 1224 2435 excepta
1245 2383 1347 2428 sunt,
1380 2385 1420 2421 in
1448 2384 1638 2422 honorem
1659 2385 1783 2423 addu-

403 2461 503 2492 cere,
535 2446 693 2498 fungos,
723 2447 925 2493 helvellas,
957 2448 1094 2487 herbas
1116 2462 1266 2493 omnes,
1298 2449 1351 2486 ita
1372 2450 1577 2494 condiunt,
1611 2459 1653 2487 ut
1684 2449 1785 2488 nihil

403 2512 516 2565 poffit
548 2511 619 2549 effe
651 2511 816 2551 suavius.
863 2514 908 2551 In
938 2527 998 2552 eas
1029 2529 1120 2552 cum
1151 2513 1367 2551 incidissem
1401 2515 1440 2551 in
1471 2528 1582 2552 coena
1610 2515 1784 2565 augurali

405 2577 508 2630 apud
542 2577 774 2623 Lentulum,
807 2587 911 2617 tanta
934 2593 997 2618 me
1017 2574 1152 2630 δὶοίῤῥοιοι
1182 2580 1359 2631 arripuit,
1392 2589 1434 2617 ut
1463 2578 1581 2617 hodie
1610 2579 1785 2631 primum

494 2644 630 2682 TOM.
664 2643 758 2682 VII.
1452 2645 1485 2681 Z
