2351 2997
646 246 737 283 AD
796 245 1263 285 FAMILIARES
1323 249 1454 289 LIB.
1506 252 1558 291 X.
1718 269 1794 308 259

409 344 460 395 in⁴
462 342 628 393 fraudem
632 345 678 395 st
703 341 887 380 deduo‘z‘um
907 343 1059 388 videret,
1089 358 1227 389 manus,
1259 360 1346 398 quas
1352 348 1482 399 jzstius
1501 350 1538 387 in
1558 351 1692 403 Lepidi
1701 362 1791 403 per-

411 408 531 446 niciem
549 407 727 458 armqffl’t,
743 408 971 461 fibiqfferre
989 418 1135 447 conatus
1155 410 1213 461 ιβ.
1259 413 1305 450 In
1325 427 1390 465 quo
1417 416 1498 467 cefic
1524 423 1642 454 tamen
1674 417 1791 455 inter-

400 472 571 524 pellatus,
602 481 637 510 et
657 472 771 511 adhuc
791 473 903 518 vivit,
925 483 960 512 et
978 474 1112 513 dicitur
1131 475 1296 516 vitturus
1309 493 1322 515 .·
1338 479 1411 530 sed
1426 488 1544 518 tamen
1563 480 1603 519 de
1623 482 1686 519 hoc
1705 482 1794 520 mihi

400 546 536 590 parum
555 547 692 576 certum
712 539 768 590 ιβ.
800 541 942 596 IA'agno
961 555 1039 579 cum
1057 541 1171 579 dolore
1182 543 1454 594 parricidarum
1474 546 1698 599 elapsttsfinn
1714 548 1787 586 his:

407 604 599 642 veniebant
618 604 706 642 enim
726 604 979 656 eedemfurore
997 606 1033 644 in
1053 620 1117 649 me,
1149 620 1214 658 quo
1234 608 1271 646 in
1284 610 1463 659 patriam,
1494 611 1651 650 incitati.
1698 615 1789 651 Ira-

405 670 550 708 cundias
569 678 687 708 autem
706 670 836 708 harum
856 685 975 709 rerum
994 680 1150 710 recentes
1170 673 1346 711 habebant
1364 691 1376 714 :
1407 676 1500 728 quod
1514 678 1690 729 Lepidum
1710 680 1788 728 ceff-

403 735 526 786 tigare
552 749 621 773 non
651 734 862 783 destiteram,
893 745 935 774 ut
961 736 1186 788 extingueret
1210 737 1362 783 bellunm
1396 741 1490 792 quod
1503 742 1668 794 colloquia
1673 744 1789 795 sabla

402 799 668 852 improbabam,
700 800 794 852 quod
818 800 951 853 legatos
960 801 1039 852 fide
1069 801 1202 854 Lepidi
1223 803 1329 855 mestos
1355 805 1407 843 ad
1428 820 1482 843 me
1508 806 1546 844 in
1575 810 1788 861 coaespettum

401 864 526 902 venire
552 872 766 904 vetaveram
783 883 795 909 3
827 866 921 918 quod
946 869 990 905 C.
1015 867 1160 905 Catium
1192 869 1380 915 Vestinum,
1410 870 1595 910 tribunum
1619 874 1784 918 militum,

400 929 533 982 miſjum
551 930 598 968 ab
613 931 773 969 Antonio
791 932 842 970 ad
855 946 908 971 me
926 946 1002 970 cum
1021 933 1150 978 literis,
1180 943 1396 987 exceperam.
1427 938 1473 975 In
1493 952 1557 989 quo
1576 938 1670 977 banc
1688 941 1785 991 capio

401 996 634 1048 voluptatem,
656 996 749 1048 quod
763 1006 870 1041 certe,
892 1012 957 1050 quo
976 999 1088 1051 magis
1107 1013 1160 1037 me
1172 1001 1400 1051 petiverunt,
1423 1012 1527 1040 tanto
1546 1004 1711 1054 majorem
1729 1005 1785 1043 his
1840 1043 1845 1047 ,

384 1061 587 1113 ,ᾒιβναίίο
606 1061 754 1101 dolorem
772 1064 915 1102 attulit.
962 1062 1032 1109 Tu,
1063 1065 1114 1102 mi
1130 1066 1266 1110 Cicero,
1297 1067 1392 1119 quod
1410 1067 1665 1122 adbuc-fecesti,
1696 1070 1784 1108 idem

392 1126 542 1178 praesta‚
577 1135 620 1165 ut
647 1126 846 1178 vigilanter
871 1131 1081 1182 nervost’que
1099 1145 1172 1175 nos,
1203 1131 1414 1184 quistamus
1433 1133 1471 1172 in
1489 1136 1576 1179 acie,
1591 1135 1782 1186 fitbornes.

400 1192 532 1231 Veniat
548 1194 671 1246 Caestir
689 1207 767 1232 cum
786 1195 903 1247 copiis,
919 1210 1005 1248 quas
1024 1196 1354 1249 habetflrmqffi'mas
1365 1216 1378 1243 ς
1400 1210 1478 1244 aut,
1483 1200 1526 1251 si
1537 1201 1646 1252 ipsum
1661 1202 1784 1255 aliqua

397 1272 454 1296 res
473 1258 629 1310 impedit,
649 1259 825 1298 exercitus
843 1261 1017 1300 mittatur
1029 1279 1041 1306 ς
1063 1261 1163 1314 cujus
1185 1262 1288 1315 {psius
1306 1278 1473 1317 magnum
1491 1267 1619 1319 agitur
1631 1268 1782 1320 pericu-

395 1323 483 1361 lum.
530 1324 716 1376 Qudquid
728 1325 916 1377 aliquando
925 1328 1106 1378 futurum
1111 1328 1199 1378 fuit
1217 1328 1255 1367 in
1275 1329 1398 1381 cestris
1409 1331 1636 1383 perditorum
1654 1343 1784 1373 contra

387 1388 568 1441 patriam,
588 1389 651 1428 boc
670 1404 766 1428 omne
773 1390 854 1442 jam
873 1392 1052 1431 convenit.
1084 1395 1162 1432 Pro
1182 1393 1282 1432 urbis
1301 1397 1518 1448 verofizlute
1537 1413 1603 1437 cur
1617 1414 1686 1438 non
1705 1415 1781 1439 onz-

394 1453 497 1491 nibus
500 1454 763 1505 facultatibus,
785 1470 872 1508 quas
891 1457 1069 1502 habemus,
1091 1468 1239 1497 utamur
1255 1459 1275 1497 ἒ
1304 1460 1412 1511 Qod
1407 1461 1450 1512 st
1465 1476 1528 1501 vos
1540 1463 1615 1513 ssic
1629 1479 1697 1503 non
1716 1466 1779 1504 de-

379 1518 551 1569 fueritis,
564 1519 740 1571 profec‘lo,
770 1521 865 1573 quod
878 1521 929 1560 ad
940 1537 992 1561 me
1009 1523 1158 1568 attinet,
1180 1523 1336 1563 omnibus
1355 1525 1460 1565 rebus
1478 1527 1616 1568 abunde
1634 1531 1779 1582 reipub-

392 1583 719 1637 licaefhtzsfaciam.
765 1584 815 1624 Te
834 1587 983 1640 quidem,
1013 1590 1067 1627 mi
1082 1589 1219 1635 Cicero,
1251 1590 1288 1629 in
1306 1590 1390 1637 dies,
1416 1594 1640 1640 mehercules,
1672 1597 1780 1636 habeo

392 1649 565 1688 cariorem
580 1668 592 1694 3
599 1650 918 1706 sollieitudinffique
937 1668 1030 1692 meas
1048 1655 1200 1708 quotidie
1219 1657 1333 1708 magis
1351 1667 1417 1697 tua
1435 1662 1566 1700 merita
1583 1673 1777 1709 exacuunt,

392 1728 436 1752 ne
450 1714 537 1767 quid
547 1725 614 1754 aut
628 1730 671 1754 ex
685 1731 815 1762 amore,
829 1727 895 1757 aut
911 1733 954 1757 ex
956 1719 1094 1771 judicio
1110 1730 1184 1766 tuo,
1196 1722 1361 1774 perdam.
1381 1726 1490 1777 Opto,
1509 1736 1551 1765 ut
1566 1727 1657 1766 mihi
1670 1729 1778 1769 liceat

378 1779 475 1830 jam,
498 1781 675 1832 praesenti
682 1782 823 1834 pietate
841 1799 993 1824 meorum
1011 1786 1199 1838 officiorum
1218 1796 1285 1826 tua
1302 1788 1466 1842 beneficia
1491 1791 1698 1844 tibifizcere
1703 1795 1775 1847 ju-

389 1844 572 1884 cundiora.
613 1847 754 1886 ottavo
772 1848 858 1887 Idus
875 1851 975 1904 Jun.
999 1852 1189 1898 Cularone,
1220 1867 1263 1891 ex
1264 1853 1406 1904 finibus
1425 1856 1673 1910 Allobrogum.

507 2047 722 2085 PLANcns
755 2050 860 2089 ΙΜΡ.
893 2053 996 2091 Cos.
1031 2067 1219 2094 DESIGN.
1252 2058 1481 2097 CICERONx
1525 2060 1562 2099 S.
1596 2061 1652 2100 D.

389 2173 671 2249 XXIV.FA
678 2176 841 2216 CERE
860 2193 929 2218 non
938 2179 1082 2232 poſjum,
1100 2183 1184 2235 quin
1199 2183 1236 2222 in
1237 2185 1406 2237 stngulas
1420 2201 1477 2225 res
1494 2188 1690 2242 meritaque
1705 2199 1772 2230 tua

617 2240 687 2279 tibi
698 2242 845 2293 gratias
864 2258 984 2295 agam.
1008 2246 1079 2284 Sed
1090 2249 1300 2287 mehercules
1301 2250 1408 2302 jacio
1423 2266 1501 2290 cum
1513 2253 1663 2305 pudore.
1686 2257 1769 2294 Ne·-

387 2318 453 2356 que
470 2305 560 2344 enini
580 2315 688 2345 tanta
705 2308 919 2359 necfftudo,
941 2320 1112 2363 quantam
1132 2322 1174 2352 tu
1193 2314 1283 2353 mibi
1298 2325 1413 2356 tecum
1432 2317 1492 2371 effi*
1507 2320 1660 2372 voluisti,
1680 2321 1767 2371 defi-

385 2369 513 2409 derare
532 2372 678 2410 videtur
692 2374 904 2425 gratiarum
921 2377 1090 2417 cretionem
1101 2394 1115 2417 :
1145 2395 1255 2434 neque
1275 2396 1336 2434 ego
1353 2383 1505 2423 libenter
1516 2394 1587 2437 pro
1607 2387 1768 2424 maximis

385 2436 457 2474 tuis
476 2436 645 2488 beneficiis
665 2448 740 2477 tam
759 2439 829 2478 vili
843 2455 985 2480 munere
1003 2443 1177 2497 defimgor
1202 2448 1398 2493 orationis,
1429 2459 1465 2487 et
1496 2451 1585 2489 malo
1609 2453 1767 2504 praestus

383 2501 626 2550 obstrvantia‚
647 2504 881 2557 indulgentia,
902 2507 1113 2558 cff'duitate,
1130 2526 1309 2551 memorem
1330 2527 1382 2551 me
1396 2514 1467 2552 tibi
1476 2515 1645 2568 probare.
1665 2516 1772 2569 Qtod

1317 2579 1356 2616 K
1384 2577 1412 2616 k
1442 2592 1465 2619 2,
