2351 2997
578 210 627 263 38
953 210 1636 249 EPISTOLARUM

572 317 662 349 tum
682 308 800 348 etiam
820 308 953 348 futura
971 310 1110 361 magis,
1127 312 1303 362 expee’co.
1327 310 1472 361 Qare,
1489 319 1534 349 ut
1549 310 1596 348 ad
1612 323 1674 348 me
1689 310 1822 349 omnia
1835 323 1953 364 quam

571 374 868 428 diligentiffime
886 376 1115 428 perscribas,
1145 384 1184 414 te
1204 375 1455 414 vehementer
1474 389 1584 427 rogo,
1616 376 1728 415 Vale.

670 568 736 607 M.
760 569 815 607 T.
839 568 888 607 C.
913 569 1016 607 IMP.
1040 567 1104 607 Μ.
1129 568 1306 612 CAEmo,
1337 568 1492 606 AEDILI
1518 579 1707 615 CURULl,
1739 570 1778 608 S.
1801 570 1857 609 D.

574 695 652 736 XI.
667 695 956 768 PUTARE
970 697 1107 735 S-NE
1129 709 1304 749 unquam
1324 696 1497 734 accidere
1517 696 1634 749 posse,
1657 704 1701 734 ut
1720 695 1822 734 mihi
1843 696 1958 735 verba

755 761 936 807 deessent,
954 774 1081 814 neque
1097 761 1224 799 solum
1243 761 1311 799 ista
1326 761 1445 799 vestra
1459 762 1639 806 oratoria,
1656 761 1720 799 sed
1739 759 1822 800 haec
1838 761 1956 800 etiam

573 825 676 865 levia
694 826 906 865 nostratia?
938 827 1092 865 Desunt
1112 836 1242 865 autem
1264 836 1421 879 propter
1440 825 1541 865 hanc
1562 827 1728 872 causam,
1751 826 1858 879 quod
1877 827 1957 865 mi-

574 891 684 931 rifice
699 892 785 930 sum
801 891 1008 938 sollicitus,
1025 892 1216 945 quidnam
1232 891 1279 929 de
1294 892 1506 944 provinciis
1527 892 1768 930 decernatur.
1801 892 1958 930 Mirum

574 970 641 996 me
661 956 892 995 defiderium
912 966 1019 995 tenet
1044 957 1168 1003 urbis,
1200 957 1431 995 incredibile
1451 971 1645 1002 meorum,
1676 966 1792 1009 atque
1812 958 1853 994 in
1873 957 1957 1009 pri-
2023 952 2037 964 ⁷*

573 1023 652 1062 mis
673 1023 732 1062 tui
748 1042 760 1068 5
793 1023 943 1061 satietas
972 1032 1104 1061 autem
1133 1023 1343 1075 provinciae
1361 1038 1369 1060 :
1401 1023 1461 1061 vel
1484 1024 1576 1075 quia
1594 1023 1774 1061 videmur
1793 1036 1877 1060 earn
1897 1021 1958 1060 fa-

574 1101 682 1126 mam
702 1087 916 1132 consecuti,
947 1097 992 1125 ut
1020 1101 1101 1125 non
1130 1096 1211 1125 tam
1236 1087 1394 1125 acceffio
1415 1087 1633 1139 quaerenda‚
1664 1101 1781 1140 quam
1802 1087 1961 1126 fortuna

573 1152 785 1192 metuenda
801 1153 866 1197 fit;
889 1152 949 1190 vel
970 1153 1063 1204 quia
1082 1161 1213 1191 totum
1233 1153 1440 1205 negotium
1455 1167 1534 1191 non
1550 1153 1602 1191 est
1623 1153 1789 1205 dignum
1809 1153 1958 1192 viribus

574 1218 730 1264 nostris,
762 1218 832 1270 qui
853 1219 998 1270 majora
1017 1232 1132 1257 onera
1151 1218 1192 1256 in
1213 1218 1415 1270 republica
1434 1217 1616 1256 sustinere
1640 1228 1677 1257 et
1705 1219 1890 1272 pofiimus
1920 1228 1960 1257 et

575 1284 766 1323 soleamus
778 1302 790 1328 ς
814 1282 875 1321 vel
895 1284 987 1335 quia
1006 1282 1101 1322 belli
1122 1284 1256 1335 magni
1276 1284 1396 1321 timor
1414 1283 1632 1336 impendet,
1654 1284 1761 1337 quod
1780 1284 1960 1323 videmur

574 1349 763 1401 effugere,
794 1349 821 1386 fi
853 1348 900 1385 ad
931 1348 1184 1387 constitutam
1216 1348 1321 1386 diem
1353 1348 1600 1388 decedemus.
1646 1351 1709 1388 De
1742 1349 1958 1403 pantheris,

576 1428 645 1467 per
665 1428 729 1452 eos
750 1414 821 1466 qui
840 1415 971 1452 venari
992 1413 1130 1460 solent,
1160 1414 1290 1467 agitur
1310 1414 1493 1452 mandato
1513 1428 1601 1453 meo
1628 1414 1837 1467 diligenter
1854 1430 1863 1454 :
1896 1415 1960 1453 sed

576 1480 678 1518 mira
697 1479 870 1532 paucitas
890 1479 971 1525 est;
1003 1489 1042 1518 et
1062 1493 1137 1525 eas,
1169 1494 1255 1532 quae
1285 1480 1387 1525 sunt,
1419 1480 1528 1519 valde
1557 1481 1666 1518 aiunt
1696 1481 1822 1533 queri,
1853 1480 1961 1533 quod

575 1543 681 1583 nihil
701 1545 887 1596 cuiquam
908 1545 1133 1584 infidiarum
1154 1546 1195 1584 in
1217 1559 1301 1584 mea
1320 1546 1535 1598 provincia,
1567 1542 1637 1584 nifi
1658 1546 1743 1591 fibi,
1766 1546 1846 1584 fiat.
1879 1547 1961 1584 Ita-

576 1624 655 1664 que
685 1611 923 1649 constituisse
954 1611 1141 1650 dicuntur
1172 1613 1212 1650 in
1247 1612 1402 1649 Cariam
1435 1625 1481 1649 ex
1510 1611 1635 1649 nostra
1661 1612 1863 1664 provincia
1891 1611 1961 1650 de—

576 1675 729 1715 cedere.
775 1676 848 1714 Sed
876 1685 1006 1714 tamen
1026 1677 1160 1715 sedulo
1189 1677 1234 1715 fit
1263 1686 1302 1714 et
1331 1677 1371 1714 in
1401 1678 1540 1729 primis
1568 1690 1588 1714 a
1614 1677 1780 1716 Patisco.
1826 1677 1961 1729 Qid-

574 1742 675 1795 quid
694 1742 782 1787 erit,
814 1741 889 1780 tibi
909 1742 983 1779 erit
1001 1757 1010 1781 ς
1043 1742 1120 1787 sed,
1143 1743 1240 1794 quid
1260 1742 1350 1780 effet
1370 1742 1497 1794 plane,
1522 1742 1800 1781 nesciebamus.
1833 1741 1959 1787 Mihi,

578 1806 820 1853 mehercule,
852 1821 1001 1858 magnae
1028 1821 1129 1845 curae
1155 1808 1208 1845 est
1232 1807 1393 1846 aedilitas
1415 1817 1480 1845 tua
1498 1823 1506 1845 ε
1539 1808 1619 1860 ipsa
1639 1807 1719 1845 dies
1740 1821 1802 1845 me
1823 1808 1960 1846 admo-

577 1873 724 1918 nebat;
757 1872 885 1925 scripsi
907 1873 1014 1909 enim
1041 1871 1124 1911 haec
1146 1873 1234 1924 ipfis
1257 1873 1562 1924 Megalensibus.
1604 1874 1670 1910 Tu
1691 1873 1811 1911 velim
1831 1873 1878 1910 ad
1898 1887 1961 1911 me

578 1937 628 1975 de
658 1938 769 1976 omni
801 1937 1027 1989 reipublicae
1059 1937 1158 1974 statu
1185 1951 1303 1990 quam
1331 1938 1622 1989 diligentiffime
1649 1938 1887 1990 perscribas:
1920 1952 1963 1976 ea

577 2003 686 2041 enim
705 2003 912 2041 certiffima
930 2002 1092 2055 putabo,
1123 2017 1209 2055 quae
1228 2017 1275 2041 ex
1297 2012 1334 2040 te
1354 2017 1586 2055 cognovero.
1620 2003 1731 2042 Vale.

674 2195 741 2235 M.
765 2196 818 2234 T.
843 2195 892 2234 C.
916 2195 1019 2233 ΙΜΡ.
1043 2195 1108 2235 Μ.
1132 2182 1309 2242 CAEL‘10,
1340 2197 1494 2234 AED1L1
1521 2209 1709 2241 enimn,
1743 2196 1780 2234 S.
1804 2197 1858 2235 D.

580 2316 678 2356 XII.
698 2315 746 2388 S
761 2317 797 2354 O
811 2316 845 2355 L
857 2316 891 2354 L
906 2317 925 2355 Ι
937 2317 970 2355 C
985 2317 1004 2355 I
1018 2318 1056 2356 T
1069 2317 1107 2355 U
1123 2317 1145 2354 S
1172 2317 1357 2369 equidem
1376 2331 1480 2355 eram
1501 2316 1547 2354 de
1568 2317 1681 2355 rebus
1703 2317 1859 2355 urbanis
1875 2336 1886 2362 3
1909 2318 1963 2356 ita

777 2381 1028 2421 tumultuosae
1048 2382 1273 2428 conciones,
1295 2383 1350 2420 ita
1368 2382 1535 2420 molestae
1557 2384 1844 2436 Qinquatrus,
1867 2382 1961 2421 affe-

580 2448 787 2490 rebantur:
811 2462 903 2490 nam
923 2448 1103 2489 citeriora
1121 2448 1301 2489 nondum
1320 2449 1586 2488 audiebamus.
1618 2449 1690 2488 Sed
1710 2458 1839 2488 tamen
1860 2448 1962 2486 nihil
