2351 2997
514 268 590 320 276
857 259 1539 307 EPISTOLARUM

515 363 658 415 Bafficm
680 363 858 402 Caecilium
874 382 885 407 ;
918 363 981 416 qui
995 362 1084 401 mihi
1099 363 1283 407 videntur,
1313 362 1376 400 hoc
1400 361 1524 400 nuntio
1543 360 1584 400 de
1604 361 1745 413 Caesare
1763 361 1890 407 allato,

500 428 834 480 firmioresfitturi.
868 428 966 465 Satis
983 436 1136 478 tempore
1155 427 1205 465 ad
1220 442 1272 465 eos
1290 426 1498 471 accedemus,
1529 427 1601 471 ubi,
1623 427 1709 479 quid
1725 428 1886 472 valeant,

500 493 700 546 scierimus.
732 494 809 530 Pro
827 491 936 542 Cestio
955 500 990 528 et
1009 500 1059 535 te,
1064 492 1108 540 st
1119 490 1207 543 quid
1217 505 1268 529 me
1283 490 1402 528 velitis
1417 491 1583 543 recipere,
1601 492 1789 544 recipiam:
1803 494 1886 544 pos·

516 556 611 593 tulat
633 556 721 593 enim
741 556 802 594 hoc
822 555 986 599 Hirtius,
1017 563 1058 592 ut
1072 555 1230 606 jaciam.
1274 556 1373 606 Rogo
1404 568 1480 599 vos,
1511 569 1614 606 quam
1627 555 1784 606 primum
1803 556 1891 594 mihi

516 621 716 670 rescribatis
733 635 746 658 .·
776 634 858 658 nam
878 635 944 658 non
964 619 1097 663 dubito,
1120 620 1204 672 quin
1223 620 1276 658 his
1296 620 1335 658 de
1354 620 1456 658 rebus
1475 628 1560 657 ante
1578 619 1701 657 horam
1721 629 1888 672 quartam

517 685 668 724 Hirtius
688 687 871 724 certiorem
889 700 941 723 me
945 686 1000 736 stt
1003 686 1197 736 jacturas,
1219 699 1316 738 quem
1335 686 1372 724 in
1390 685 1499 723 locum
1518 685 1704 722 convenire
1715 693 1762 737 po
1786 699 1889 724 imus,

516 753 594 802 Qto
612 766 665 789 me
682 751 802 789 velitis
821 751 957 795 venire,
988 750 1181 801 rescribite.
1212 750 1296 802 Post
1316 749 1528 800 novssimum
1547 749 1674 787 Hirtii
1675 752 1888 801 sermonem,

509 817 684 869 placitum
704 817 748 868 est
767 817 854 854 mihi
862 816 1050 868 postulare,
1081 825 1122 853 ut
1140 816 1262 854 liceret
1280 815 1375 854 nobis
1394 814 1453 866 effe
1472 817 1595 854 Romae
1605 814 1745 868 publico
1758 815 1889 868 preest-

516 881 570 919 dio
585 900 596 925 ς
628 881 720 933 quod
736 880 809 919 illos
828 880 922 919 nobis
942 879 1150 932 conceffitros
1178 894 1245 918 non
1259 889 1349 932 puto
1364 895 1378 917 :
1408 893 1571 931 magnam
1598 880 1687 918 enim
1716 879 1890 918 invidiam

515 946 758 997 iisjaciemus.
788 946 901 985 Nihil
916 954 1034 984 tamen
1052 959 1119 983 non
1133 944 1373 997 postulcmdum
1387 944 1537 996 putavi,
1568 944 1661 996 quod
1673 958 1811 997 aequum
1830 943 1891 996 effe

503 1011 716 1063 statuerem.

571 1212 759 1251 BRUTUS
803 1224 863 1250 ET
905 1211 1097 1250 CAssms
1140 1209 1338 1248 PRAETT.
1377 1207 1441 1247 M.
1473 1210 1693 1249 ANTONIO
1735 1210 1838 1251 Cos„

517 1339 574 1378 II.
594 1341 683 1415 D
698 1342 734 1380 E
764 1348 831 1378 tua
841 1339 920 1390 fide
938 1348 973 1378 et
992 1336 1230 1376 benevolentia
1247 1337 1285 1376 in
1306 1350 1366 1376 nos
1383 1337 1451 1388 nili
1459 1337 1663 1391 petficafimz
1681 1337 1759 1390 effit
1778 1336 1891 1382 nobis,

466 1401 470 1404 ’
698 1419 766 1444 non
774 1403 1021 1458 scripstffi’mus
1040 1403 1116 1442 haec
1134 1402 1204 1440 tibi
1209 1420 1220 1446 ς
1242 1416 1322 1454 quae
1332 1403 1504 1454 profacto,
1521 1417 1599 1441 cum
1618 1404 1634 1440 i
1660 1417 1717 1442 um
1735 1402 1891 1441 animum

516 1470 634 1517 habes,
650 1471 688 1510 in
703 1470 867 1523 optimam
874 1478 1020 1522 partem
1037 1468 1196 1522 accipies.
1228 1468 1409 1507 Ser-ibitur
1427 1467 1536 1512 nobis,
1557 1483 1722 1520 magnam
1740 1476 1889 1506 vetera-

517 1550 642 1575 norum
660 1533 917 1574 multitudinem
935 1535 1083 1573 Romam
1101 1531 1391 1584 conveniffi’jam‚
1421 1542 1456 1571 et
1481 1533 1532 1571 ad
1551 1534 1639 1571 Kal.
1662 1532 1890 1585 Jamfictu-

517 1615 598 1639 ram
617 1600 728 1638 multo
743 1598 920 1650 majorem.
951 1599 1015 1638 De
1033 1599 1116 1650 test
1130 1596 1337 1640 dubitemus,
1358 1606 1424 1635 aut
1442 1611 1644 1641 vereamur,
1651 1597 1766 1648 fimus
1785 1596 1893 1647 mssri

516 1665 696 1716 dffmiles.
741 1664 813 1703 Sed
827 1673 934 1708 certe,
966 1677 1042 1702 cum
1062 1663 1126 1715 ipsi
1140 1663 1177 1701 in
1198 1671 1263 1701 tua
1275 1662 1446 1715 potestate
1450 1662 1648 1713 fuerimus,
1679 1671 1805 1714 tuoque
1823 1660 1890 1698 ad-

516 1730 616 1769 ducii
631 1730 762 1782 consilio
780 1729 1003 1780 dtmffi‘rimus
1022 1743 1065 1766 ex
1083 1727 1278 1780 municipiis
1296 1727 1424 1779 nostros
1450 1726 1648 1778 neceff'arios
1661 1744 1674 1772 5
1704 1741 1812 1779 neque
1821 1726 1890 1775 so-

516 1796 587 1834 lum
607 1795 725 1838 edicto,
734 1794 807 1846 ſsd
821 1794 926 1832 etiam
944 1794 1073 1838 literis,
1094 1793 1133 1831 id
1132 1793 1330 1844 ficerimus
1344 1810 1355 1836 3
1388 1792 1490 1843 digni
1491 1795 1631 1844 sumus,
1662 1805 1744 1843 quos
1762 1789 1893 1829 habeas-

516 1860 575 1899 tui
589 1860 717 1909 corfilii
728 1858 937 1912 participes,
956 1859 992 1896 in
1013 1872 1054 1896 ea
1067 1858 1269 1910 prasertim
1283 1871 1334 1901 re,
1351 1871 1429 1908 qua>
1442 1856 1493 1894 ad
1506 1871 1564 1894 nos
1572 1857 1746 1908 pertinet.
1768 1857 1891 1907 Qare

511 1925 665 1978 petimus
683 1939 707 1962 a
727 1933 775 1968 te,
790 1923 918 1975 facim
936 1937 996 1960 nos
1014 1922 1179 1960 certiores
1199 1931 1273 1959 tuae
1291 1921 1489 1959 voluntatis
1509 1921 1545 1958 in
1565 1935 1624 1959 nos
1636 1936 1649 1958 .·
1665 1920 1811 1973 putesne
1829 1934 1890 1957 nos

518 1998 614 2028 tutos
629 1989 719 2040 jore
749 1988 786 2026 in
811 1996 918 2025 tanta
929 1986 1145 2039 frequentia
1164 1986 1314 2023 militum
1333 1995 1595 2029 veteranorum,
1627 1999 1708 2036 quos
1727 1984 1832 2022 etiam
1851 1982 1892 2020 de

518 2052 714 2106 reponenda
732 2066 802 2090 ara
821 2051 978 2103 cogitare
1000 2050 1184 2093 audimus5
1215 2049 1307 2102 quod
1323 2049 1411 2087 velle
1442 2059 1490 2093 te,
1514 2049 1670 2101 probare
1699 2049 1765 2086 vix
1795 2047 1888 2099 quis-

516 2133 621 2172 quam
634 2116 724 2170 pff
742 2116 901 2160 videtur,
932 2115 994 2168 qui
1014 2130 1073 2153 nos
1077 2114 1205 2166 salvos
1232 2124 1267 2152 et
1292 2113 1440 2166 honestos
1464 2114 1565 2151 velit.
1612 2115 1689 2156 Nos
1715 2113 1761 2150 ab
1791 2112 1893 2149 initio

502 2182 673 2238 δ[ρι’ἑὶίξβὲ
692 2182 813 2225 otium,
843 2195 905 2219 nec
923 2180 1109 2233 quidquam
1128 2179 1229 2217 aliud
1242 2179 1407 2217 libertate
1426 2179 1598 2216 communi
1624 2176 1781 2229 quaestſje,
1813 2176 1888 2214 exi-

517 2258 577 2287 tus
596 2246 768 2285 declarat.
800 2245 943 2284 Fallere
963 2259 1056 2283 nemo
1076 2258 1136 2282 nos
1148 2243 1272 2296 potest,
1292 2244 1358 2294 773st
1373 2252 1414 2280 tu
1429 2261 1439 2286 ς
1462 2242 1554 2294 quod
1571 2252 1666 2280 certe
1684 2241 1774 2293 abest
1787 2255 1809 2279 a
1825 2250 1894 2278 tua.

515 2314 658 2352 virtute
677 2320 711 2349 et
716 2310 794 2362 fide
810 2326 823 2348 .·
839 2310 910 2363 fid
925 2311 1014 2349 alius
1033 2323 1128 2348 nemo
1131 2310 1356 2359 facultatem
1376 2307 1482 2346 habet
1501 2307 1692 2359 decipiendi
1707 2321 1766 2344 nos
1781 2322 1793 2344 .·
1824 2305 1893 2343 tibi

516 2380 606 2417 enim
637 2377 702 2416 uni
722 2375 941 2420 credidimus,
971 2385 1006 2413 et
1037 2374 1212 2413 credituri
1221 2375 1363 2426 fitmus.
1408 2373 1571 2411 I'vIaximo
1597 2372 1721 2410 timore
1739 2371 1778 2409 de
1797 2370 1894 2408 nobis

515 2442 723 2495 afficiuntur
740 2441 847 2480 amici
861 2440 991 2492 nostri:
1023 2438 1145 2491 quibus
1165 2439 1228 2488 etss
1243 2447 1307 2477 tua
1312 2437 1405 2488 fides
1425 2438 1610 2489 explorata
1629 2437 1686 2487 est,
1708 2444 1824 2473 tamen
1843 2435 1892 2472 il-

513 2508 579 2548 lud
592 2508 629 2547 in
649 2515 796 2547 mentem
814 2506 928 2551 venit,
958 2504 1215 2544 multitudinem
1243 2513 1494 2542 veteranorum
1512 2502 1667 2554 facilius
1696 2500 1826 2554 impelli
1846 2498 1892 2537 ab
