<?xml version="1.0" encoding="UTF-8"?>
<!DOCTYPE html PUBLIC "-//W3C//DTD XHTML 1.0 Transitional//EN"
    "http://www.w3.org/TR/xhtml1/DTD/xhtml1-transitional.dtd">
<html xmlns="http://www.w3.org/1999/xhtml" xml:lang="en" lang="en">
 <head>
  <title>
</title>
<meta http-equiv="Content-Type" content="text/html;charset=utf-8" />
  <meta name='ocr-system' content='tesseract 3.04.00' />
  <meta name='ocr-capabilities' content='ocr_page ocr_carea ocr_par ocr_line ocrx_word'/>
</head>
<body>
  <div class='ocr_page' id='page_1' title='image "./operacumindicibu07ciceuoft_0403.png"; bbox 0 0 2351 2997; ppageno 0'>
   <div class='ocr_carea' id='block_1_1' title="bbox 578 232 1761 289">
    <p class='ocr_par' dir='ltr' id='par_1_1' title="bbox 578 232 1761 289">
     <span class='ocr_line' id='line_1_1' title="bbox 578 232 1761 289; baseline -0.001 -14"><span class='ocrx_word' id='word_1_1' title='bbox 578 236 672 275; x_wconf 89' lang='lat' dir='ltr'>AD</span> <span class='ocrx_word' id='word_1_2' title='bbox 729 233 1191 274; x_wconf 89' lang='lat' dir='ltr'>FAMILIARES</span> <span class='ocrx_word' id='word_1_3' title='bbox 1251 233 1384 271; x_wconf 91' lang='lat' dir='ltr'>LIB.</span> <span class='ocrx_word' id='word_1_4' title='bbox 1435 232 1552 272; x_wconf 88' lang='lat' dir='ltr'>XIII.</span> <span class='ocrx_word' id='word_1_5' title='bbox 1686 235 1761 289; x_wconf 84' lang='lat'>383</span> 
     </span>
    </p>
   </div>
   <div class='ocr_carea' id='block_1_2' title="bbox 379 332 1765 707">
    <p class='ocr_par' dir='ltr' id='par_1_2' title="bbox 379 332 1765 707">
     <span class='ocr_line' id='line_1_2' title="bbox 383 332 1761 386; baseline -0.001 -12"><span class='ocrx_word' id='word_1_6' title='bbox 383 334 755 379; x_wconf 77' lang='lat' dir='ltr'>senatus-consulto,</span> <span class='ocrx_word' id='word_1_7' title='bbox 795 333 903 386; x_wconf 90' lang='lat' dir='ltr'>quod</span> <span class='ocrx_word' id='word_1_8' title='bbox 936 333 977 371; x_wconf 92' lang='lat' dir='ltr'>in</span> <span class='ocrx_word' id='word_1_9' title='bbox 1011 332 1170 371; x_wconf 79' lang='lat' dir='ltr'>heredes</span> <span class='ocrx_word' id='word_1_10' title='bbox 1205 333 1254 370; x_wconf 91' lang='lat' dir='ltr'>C.</span> <span class='ocrx_word' id='word_1_11' title='bbox 1278 332 1478 370; x_wconf 87' lang='lat' dir='ltr'>Vennonii</span> <span class='ocrx_word' id='word_1_12' title='bbox 1512 332 1659 372; x_wconf 65' lang='lat' dir='ltr'>factum</span> <span class='ocrx_word' id='word_1_13' title='bbox 1693 335 1761 380; x_wconf 91' lang='lat' dir='ltr'>est,</span> 
     </span>
     <span class='ocr_line' id='line_1_3' title="bbox 383 398 1764 452; baseline -0.001 -13"><span class='ocrx_word' id='word_1_14' title='bbox 383 401 570 440; x_wconf 85' lang='lat' dir='ltr'>Caerelliae</span> <span class='ocrx_word' id='word_1_15' title='bbox 587 399 880 439; x_wconf 83' lang='lat' dir='ltr'>commodandi.</span> <span class='ocrx_word' id='word_1_16' title='bbox 912 399 958 437; x_wconf 91' lang='lat' dir='ltr'>Id</span> <span class='ocrx_word' id='word_1_17' title='bbox 979 398 1381 437; x_wconf 89' lang='lat' dir='ltr'>senatus-consultum</span> <span class='ocrx_word' id='word_1_18' title='bbox 1398 408 1441 435; x_wconf 90' lang='lat' dir='ltr'>tu</span> <span class='ocrx_word' id='word_1_19' title='bbox 1462 399 1764 452; x_wconf 81' lang='lat' dir='ltr'>interpretabere</span> 
     </span>
     <span class='ocr_line' id='line_1_4' title="bbox 382 463 1765 518; baseline 0 -14"><span class='ocrx_word' id='word_1_20' title='bbox 382 479 454 518; x_wconf 89' lang='lat' dir='ltr'>pro</span> <span class='ocrx_word' id='word_1_21' title='bbox 474 475 540 503; x_wconf 88' lang='lat' dir='ltr'>tua</span> <span class='ocrx_word' id='word_1_22' title='bbox 559 465 744 517; x_wconf 85' lang='lat' dir='ltr'>sapientia</span> <span class='ocrx_word' id='word_1_23' title='bbox 762 480 770 502; x_wconf 94' lang='lat'>:</span> <span class='ocrx_word' id='word_1_24' title='bbox 804 464 881 502; x_wconf 90' lang='lat' dir='ltr'>scio</span> <span class='ocrx_word' id='word_1_25' title='bbox 902 465 1025 509; x_wconf 85' lang='lat' dir='ltr'>enim,</span> <span class='ocrx_word' id='word_1_26' title='bbox 1054 466 1135 516; x_wconf 89' lang='lat' dir='ltr'>ejus</span> <span class='ocrx_word' id='word_1_27' title='bbox 1157 463 1303 502; x_wconf 84' lang='lat' dir='ltr'>ordinis</span> <span class='ocrx_word' id='word_1_28' title='bbox 1325 464 1593 502; x_wconf 63' lang='lat' dir='ltr'>auctoritatem</span> <span class='ocrx_word' id='word_1_29' title='bbox 1614 465 1765 518; x_wconf 84' lang='lat' dir='ltr'>semper</span> 
     </span>
     <span class='ocr_line' id='line_1_5' title="bbox 381 528 1759 582; baseline 0 -14"><span class='ocrx_word' id='word_1_30' title='bbox 381 530 485 582; x_wconf 86' lang='lat' dir='ltr'>apud</span> <span class='ocrx_word' id='word_1_31' title='bbox 505 539 543 568; x_wconf 91' lang='lat' dir='ltr'>te</span> <span class='ocrx_word' id='word_1_32' title='bbox 563 530 695 581; x_wconf 87' lang='lat' dir='ltr'>magni</span> <span class='ocrx_word' id='word_1_33' title='bbox 716 529 842 568; x_wconf 77' lang='lat' dir='ltr'>fuisse.</span> <span class='ocrx_word' id='word_1_34' title='bbox 879 530 1001 581; x_wconf 84' lang='lat' dir='ltr'>Qod</span> <span class='ocrx_word' id='word_1_35' title='bbox 1019 530 1218 581; x_wconf 87' lang='lat' dir='ltr'>reliquum</span> <span class='ocrx_word' id='word_1_36' title='bbox 1239 528 1305 573; x_wconf 90' lang='lat' dir='ltr'>est,</span> <span class='ocrx_word' id='word_1_37' title='bbox 1338 529 1387 566; x_wconf 89' lang='lat' dir='ltr'>fic</span> <span class='ocrx_word' id='word_1_38' title='bbox 1409 529 1528 567; x_wconf 89' lang='lat' dir='ltr'>velim</span> <span class='ocrx_word' id='word_1_39' title='bbox 1548 530 1759 575; x_wconf 79' lang='lat' dir='ltr'>existimes,</span> 
     </span>
     <span class='ocr_line' id='line_1_6' title="bbox 381 594 1763 648; baseline 0.001 -15"><span class='ocrx_word' id='word_1_40' title='bbox 381 596 683 648; x_wconf 84' lang='lat' dir='ltr'>quibuscunque</span> <span class='ocrx_word' id='word_1_41' title='bbox 703 596 816 633; x_wconf 86' lang='lat' dir='ltr'>rebus</span> <span class='ocrx_word' id='word_1_42' title='bbox 839 596 1015 633; x_wconf 79' lang='lat' dir='ltr'>Cerelliae</span> <span class='ocrx_word' id='word_1_43' title='bbox 1038 595 1205 646; x_wconf 84' lang='lat' dir='ltr'>benigne</span> <span class='ocrx_word' id='word_1_44' title='bbox 1225 594 1378 639; x_wconf 83' lang='lat' dir='ltr'>feceris,</span> <span class='ocrx_word' id='word_1_45' title='bbox 1409 594 1511 633; x_wconf 86' lang='lat' dir='ltr'>mihi</span> <span class='ocrx_word' id='word_1_46' title='bbox 1538 604 1575 633; x_wconf 89' lang='lat' dir='ltr'>te</span> <span class='ocrx_word' id='word_1_47' title='bbox 1595 597 1763 647; x_wconf 85' lang='lat' dir='ltr'>gratiffi-</span> 
     </span>
     <span class='ocr_line' id='line_1_7' title="bbox 379 660 957 707; baseline -0.003 -7"><span class='ocrx_word' id='word_1_48' title='bbox 379 674 495 700; x_wconf 86' lang='lat' dir='ltr'>mum</span> <span class='ocrx_word' id='word_1_49' title='bbox 513 660 585 699; x_wconf 84' lang='lat' dir='ltr'>effe</span> <span class='ocrx_word' id='word_1_50' title='bbox 603 660 814 707; x_wconf 64' lang='lat' dir='ltr'>facturum.</span> <span class='ocrx_word' id='word_1_51' title='bbox 846 660 957 698; x_wconf 83' lang='lat' dir='ltr'>Vale.</span> 
     </span>
    </p>
   </div>
   <div class='ocr_carea' id='block_1_3' title="bbox 495 859 1651 911">
    <p class='ocr_par' dir='ltr' id='par_1_3' title="bbox 495 859 1651 911">
     <span class='ocr_line' id='line_1_8' title="bbox 495 859 1651 911; baseline 0.001 -14"><span class='ocrx_word' id='word_1_52' title='bbox 495 860 1184 911; x_wconf 70' lang='lat' dir='ltr'>M‚T,C.QPH1L1PP0‚</span> <span class='ocrx_word' id='word_1_53' title='bbox 1225 859 1480 897; x_wconf 73' lang='lat' dir='ltr'>Pkocos.</span> <span class='ocrx_word' id='word_1_54' title='bbox 1524 860 1561 898; x_wconf 88' lang='lat' dir='ltr'>S.</span> <span class='ocrx_word' id='word_1_55' title='bbox 1595 860 1651 898; x_wconf 92' lang='lat' dir='ltr'>D.</span> 
     </span>
    </p>
   </div>
   <div class='ocr_carea' id='block_1_4' title="bbox 313 986 1761 2141">
    <p class='ocr_par' dir='ltr' id='par_1_4' title="bbox 382 986 1761 1060">
     <span class='ocr_line' id='line_1_9' title="bbox 382 986 1761 1060; baseline 0 -32"><span class='ocrx_word' id='word_1_56' title='bbox 382 991 581 1029; x_wconf 87' lang='lat' dir='ltr'>LXXIII.</span> <span class='ocrx_word' id='word_1_57' title='bbox 605 987 681 1060; x_wconf 85' lang='lat' dir='ltr'>G</span> <span class='ocrx_word' id='word_1_58' title='bbox 696 989 732 1026; x_wconf 90' lang='lat' dir='ltr'><strong>R</strong></span> <span class='ocrx_word' id='word_1_59' title='bbox 747 989 784 1025; x_wconf 85' lang='lat' dir='ltr'>A</span> <span class='ocrx_word' id='word_1_60' title='bbox 796 989 832 1026; x_wconf 93' lang='lat' dir='ltr'>T</span> <span class='ocrx_word' id='word_1_61' title='bbox 849 988 887 1025; x_wconf 94' lang='lat' dir='ltr'><strong>U</strong></span> <span class='ocrx_word' id='word_1_62' title='bbox 902 988 935 1025; x_wconf 97' lang='lat' dir='ltr'>L</span> <span class='ocrx_word' id='word_1_63' title='bbox 950 988 985 1024; x_wconf 95' lang='lat' dir='ltr'>O</span> <span class='ocrx_word' id='word_1_64' title='bbox 1002 987 1038 1024; x_wconf 93' lang='lat' dir='ltr'>R</span> <span class='ocrx_word' id='word_1_65' title='bbox 1068 986 1157 1031; x_wconf 91' lang='lat' dir='ltr'>tibi,</span> <span class='ocrx_word' id='word_1_66' title='bbox 1189 987 1296 1039; x_wconf 90' lang='lat' dir='ltr'>quod</span> <span class='ocrx_word' id='word_1_67' title='bbox 1325 1001 1372 1025; x_wconf 85' lang='lat' dir='ltr'>ex</span> <span class='ocrx_word' id='word_1_68' title='bbox 1392 987 1593 1039; x_wconf 83' lang='lat' dir='ltr'>provincia</span> <span class='ocrx_word' id='word_1_69' title='bbox 1613 988 1761 1028; x_wconf 83' lang='lat' dir='ltr'>salvum</span> 
     </span>
    </p>

    <p class='ocr_par' dir='ltr' id='par_1_5' title="bbox 313 1052 1761 2141">
     <span class='ocr_line' id='line_1_10' title="bbox 709 1052 1757 1106; baseline 0.002 -15"><span class='ocrx_word' id='word_1_70' title='bbox 709 1063 746 1091; x_wconf 92' lang='lat' dir='ltr'>te</span> <span class='ocrx_word' id='word_1_71' title='bbox 766 1053 812 1091; x_wconf 87' lang='lat' dir='ltr'>ad</span> <span class='ocrx_word' id='word_1_72' title='bbox 833 1062 920 1091; x_wconf 90' lang='lat' dir='ltr'>tuos</span> <span class='ocrx_word' id='word_1_73' title='bbox 942 1052 1132 1104; x_wconf 88' lang='lat' dir='ltr'>recepisti,</span> <span class='ocrx_word' id='word_1_74' title='bbox 1150 1053 1343 1090; x_wconf 88' lang='lat' dir='ltr'>incolumi</span> <span class='ocrx_word' id='word_1_75' title='bbox 1362 1052 1466 1090; x_wconf 76' lang='lat' dir='ltr'>fama</span> <span class='ocrx_word' id='word_1_76' title='bbox 1485 1063 1523 1091; x_wconf 90' lang='lat' dir='ltr'>et</span> <span class='ocrx_word' id='word_1_77' title='bbox 1542 1055 1757 1106; x_wconf 86' lang='lat' dir='ltr'>republica.</span> 
     </span>
     <span class='ocr_line' id='line_1_11' title="bbox 382 1118 1761 1175; baseline -0.002 -14"><span class='ocrx_word' id='word_1_78' title='bbox 382 1123 501 1175; x_wconf 85' lang='lat' dir='ltr'>Qod</span> <span class='ocrx_word' id='word_1_79' title='bbox 522 1123 549 1161; x_wconf 88' lang='lat' dir='ltr'>fi</span> <span class='ocrx_word' id='word_1_80' title='bbox 581 1123 747 1165; x_wconf 78' lang='lat' dir='ltr'>Romae3</span> <span class='ocrx_word' id='word_1_81' title='bbox 780 1129 817 1157; x_wconf 91' lang='lat' dir='ltr'>te</span> <span class='ocrx_word' id='word_1_82' title='bbox 837 1118 1026 1162; x_wconf 75' lang='lat' dir='ltr'>vidissem,</span> <span class='ocrx_word' id='word_1_83' title='bbox 1058 1131 1266 1170; x_wconf 87' lang='lat' dir='ltr'>coramque</span> <span class='ocrx_word' id='word_1_84' title='bbox 1286 1119 1426 1170; x_wconf 82' lang='lat' dir='ltr'>gratias</span> <span class='ocrx_word' id='word_1_85' title='bbox 1451 1119 1621 1170; x_wconf 76' lang='lat' dir='ltr'>egissem,</span> <span class='ocrx_word' id='word_1_86' title='bbox 1653 1121 1761 1172; x_wconf 87' lang='lat' dir='ltr'>quod</span> 
     </span>
     <span class='ocr_line' id='line_1_12' title="bbox 378 1183 1757 1239; baseline -0.002 -13"><span class='ocrx_word' id='word_1_87' title='bbox 378 1189 456 1226; x_wconf 85' lang='lat' dir='ltr'>tibi</span> <span class='ocrx_word' id='word_1_88' title='bbox 489 1189 539 1226; x_wconf 91' lang='lat' dir='ltr'>L.</span> <span class='ocrx_word' id='word_1_89' title='bbox 572 1186 780 1239; x_wconf 86' lang='lat' dir='ltr'>Egnatius,</span> <span class='ocrx_word' id='word_1_90' title='bbox 809 1183 1127 1222; x_wconf 81' lang='lat' dir='ltr'>familiariffimus</span> <span class='ocrx_word' id='word_1_91' title='bbox 1161 1197 1287 1229; x_wconf 89' lang='lat' dir='ltr'>meus,</span> <span class='ocrx_word' id='word_1_92' title='bbox 1318 1183 1466 1229; x_wconf 81' lang='lat' dir='ltr'>absens,</span> <span class='ocrx_word' id='word_1_93' title='bbox 1503 1185 1551 1222; x_wconf 97' lang='lat' dir='ltr'>L.</span> <span class='ocrx_word' id='word_1_94' title='bbox 1587 1186 1757 1237; x_wconf 84' lang='lat' dir='ltr'>Oppius,</span> 
     </span>
     <span class='ocr_line' id='line_1_13' title="bbox 379 1249 1758 1306; baseline -0.002 -14"><span class='ocrx_word' id='word_1_95' title='bbox 379 1254 557 1306; x_wconf 68' lang='lat' dir='ltr'>praesens,</span> <span class='ocrx_word' id='word_1_96' title='bbox 589 1266 689 1291; x_wconf 84' lang='lat' dir='ltr'>curae</span> <span class='ocrx_word' id='word_1_97' title='bbox 718 1250 862 1289; x_wconf 85' lang='lat' dir='ltr'>fuiffet.</span> <span class='ocrx_word' id='word_1_98' title='bbox 910 1250 1016 1287; x_wconf 90' lang='lat' dir='ltr'>Cum</span> <span class='ocrx_word' id='word_1_99' title='bbox 1036 1249 1248 1302; x_wconf 83' lang='lat' dir='ltr'>Antipatro</span> <span class='ocrx_word' id='word_1_100' title='bbox 1276 1250 1447 1288; x_wconf 85' lang='lat' dir='ltr'>Derbete</span> <span class='ocrx_word' id='word_1_101' title='bbox 1473 1249 1575 1287; x_wconf 90' lang='lat' dir='ltr'>mihi</span> <span class='ocrx_word' id='word_1_102' title='bbox 1595 1265 1674 1289; x_wconf 92' lang='lat' dir='ltr'>non</span> <span class='ocrx_word' id='word_1_103' title='bbox 1695 1251 1758 1290; x_wconf 90' lang='lat' dir='ltr'>so-</span> 
     </span>
     <span class='ocr_line' id='line_1_14' title="bbox 379 1314 1756 1370; baseline -0.001 -14"><span class='ocrx_word' id='word_1_104' title='bbox 379 1319 465 1356; x_wconf 87' lang='lat' dir='ltr'>lum</span> <span class='ocrx_word' id='word_1_105' title='bbox 486 1317 717 1370; x_wconf 88' lang='lat' dir='ltr'>hospitium,</span> <span class='ocrx_word' id='word_1_106' title='bbox 749 1328 884 1353; x_wconf 87' lang='lat' dir='ltr'>verum</span> <span class='ocrx_word' id='word_1_107' title='bbox 916 1315 1034 1351; x_wconf 81' lang='lat' dir='ltr'>etiam</span> <span class='ocrx_word' id='word_1_108' title='bbox 1065 1314 1216 1352; x_wconf 85' lang='lat' dir='ltr'>summa</span> <span class='ocrx_word' id='word_1_109' title='bbox 1245 1314 1502 1360; x_wconf 83' lang='lat' dir='ltr'>familiaritas,</span> <span class='ocrx_word' id='word_1_110' title='bbox 1534 1316 1756 1355; x_wconf 70' lang='lat' dir='ltr'>intercedit,</span> 
     </span>
     <span class='ocr_line' id='line_1_15' title="bbox 379 1379 1759 1424; baseline -0.001 -3"><span class='ocrx_word' id='word_1_111' title='bbox 379 1384 430 1421; x_wconf 90' lang='lat' dir='ltr'>Ei</span> <span class='ocrx_word' id='word_1_112' title='bbox 462 1392 499 1421; x_wconf 86' lang='lat' dir='ltr'>te</span> <span class='ocrx_word' id='word_1_113' title='bbox 528 1382 779 1420; x_wconf 89' lang='lat' dir='ltr'>vehementer</span> <span class='ocrx_word' id='word_1_114' title='bbox 808 1379 1060 1417; x_wconf 83' lang='lat' dir='ltr'>succensuiffe</span> <span class='ocrx_word' id='word_1_115' title='bbox 1089 1379 1234 1424; x_wconf 88' lang='lat' dir='ltr'>audivi,</span> <span class='ocrx_word' id='word_1_116' title='bbox 1265 1389 1303 1417; x_wconf 92' lang='lat' dir='ltr'>et</span> <span class='ocrx_word' id='word_1_117' title='bbox 1323 1380 1481 1417; x_wconf 89' lang='lat' dir='ltr'>moleste</span> <span class='ocrx_word' id='word_1_118' title='bbox 1502 1381 1591 1420; x_wconf 88' lang='lat' dir='ltr'>tuli.</span> <span class='ocrx_word' id='word_1_119' title='bbox 1638 1382 1699 1419; x_wconf 92' lang='lat' dir='ltr'>De</span> <span class='ocrx_word' id='word_1_120' title='bbox 1719 1396 1759 1420; x_wconf 90' lang='lat' dir='ltr'>re</span> 
     </span>
     <span class='ocr_line' id='line_1_16' title="bbox 378 1443 1758 1500; baseline -0.001 -14"><span class='ocrx_word' id='word_1_121' title='bbox 378 1447 481 1486; x_wconf 81' lang='lat' dir='ltr'>nihil</span> <span class='ocrx_word' id='word_1_122' title='bbox 502 1447 653 1500; x_wconf 84' lang='lat' dir='ltr'>poffum</span> <span class='ocrx_word' id='word_1_123' title='bbox 668 1445 872 1498; x_wconf 67' lang='lat' dir='ltr'>judicare,</span> <span class='ocrx_word' id='word_1_124' title='bbox 904 1444 974 1482; x_wconf 84' lang='lat' dir='ltr'>nifi</span> <span class='ocrx_word' id='word_1_125' title='bbox 994 1443 1096 1481; x_wconf 85' lang='lat' dir='ltr'>illud</span> <span class='ocrx_word' id='word_1_126' title='bbox 1115 1443 1218 1481; x_wconf 87' lang='lat' dir='ltr'>mihi</span> <span class='ocrx_word' id='word_1_127' title='bbox 1238 1453 1340 1482; x_wconf 89' lang='lat' dir='ltr'>certe</span> <span class='ocrx_word' id='word_1_128' title='bbox 1361 1445 1581 1497; x_wconf 82' lang='lat' dir='ltr'>persuadeo,</span> <span class='ocrx_word' id='word_1_129' title='bbox 1614 1456 1665 1491; x_wconf 91' lang='lat' dir='ltr'>te,</span> <span class='ocrx_word' id='word_1_130' title='bbox 1697 1455 1758 1485; x_wconf 87' lang='lat' dir='ltr'>ta-</span> 
     </span>
     <span class='ocr_line' id='line_1_17' title="bbox 378 1509 1760 1563; baseline -0.001 -11"><span class='ocrx_word' id='word_1_131' title='bbox 378 1514 457 1552; x_wconf 77' lang='lat' dir='ltr'>lem</span> <span class='ocrx_word' id='word_1_132' title='bbox 476 1514 621 1558; x_wconf 89' lang='lat' dir='ltr'>virum,</span> <span class='ocrx_word' id='word_1_133' title='bbox 653 1511 755 1550; x_wconf 90' lang='lat' dir='ltr'>nihil</span> <span class='ocrx_word' id='word_1_134' title='bbox 777 1520 920 1549; x_wconf 88' lang='lat' dir='ltr'>temere</span> <span class='ocrx_word' id='word_1_135' title='bbox 940 1509 1083 1549; x_wconf 77' lang='lat' dir='ltr'>fecisse.</span> <span class='ocrx_word' id='word_1_136' title='bbox 1114 1511 1152 1547; x_wconf 87' lang='lat' dir='ltr'>A</span> <span class='ocrx_word' id='word_1_137' title='bbox 1173 1518 1210 1548; x_wconf 93' lang='lat' dir='ltr'>te</span> <span class='ocrx_word' id='word_1_138' title='bbox 1229 1520 1374 1556; x_wconf 87' lang='lat' dir='ltr'>autem,</span> <span class='ocrx_word' id='word_1_139' title='bbox 1398 1524 1467 1563; x_wconf 87' lang='lat' dir='ltr'>pro</span> <span class='ocrx_word' id='word_1_140' title='bbox 1487 1520 1614 1549; x_wconf 89' lang='lat' dir='ltr'>vetere</span> <span class='ocrx_word' id='word_1_141' title='bbox 1633 1512 1760 1550; x_wconf 87' lang='lat' dir='ltr'>nostra</span> 
     </span>
     <span class='ocr_line' id='line_1_18' title="bbox 376 1576 1759 1630; baseline -0.001 -12"><span class='ocrx_word' id='word_1_142' title='bbox 376 1579 668 1623; x_wconf 70' lang='lat' dir='ltr'>necessitudine,</span> <span class='ocrx_word' id='word_1_143' title='bbox 699 1579 817 1616; x_wconf 87' lang='lat' dir='ltr'>etiam</span> <span class='ocrx_word' id='word_1_144' title='bbox 847 1586 963 1628; x_wconf 88' lang='lat' dir='ltr'>atque</span> <span class='ocrx_word' id='word_1_145' title='bbox 994 1576 1113 1614; x_wconf 82' lang='lat' dir='ltr'>etiam</span> <span class='ocrx_word' id='word_1_146' title='bbox 1144 1585 1249 1628; x_wconf 88' lang='lat' dir='ltr'>peto,</span> <span class='ocrx_word' id='word_1_147' title='bbox 1281 1586 1325 1615; x_wconf 91' lang='lat' dir='ltr'>ut</span> <span class='ocrx_word' id='word_1_148' title='bbox 1355 1578 1437 1628; x_wconf 84' lang='lat' dir='ltr'>ejus</span> <span class='ocrx_word' id='word_1_149' title='bbox 1470 1576 1588 1622; x_wconf 83' lang='lat' dir='ltr'>filios,</span> <span class='ocrx_word' id='word_1_150' title='bbox 1619 1579 1689 1630; x_wconf 91' lang='lat' dir='ltr'>qui</span> <span class='ocrx_word' id='word_1_151' title='bbox 1716 1579 1759 1616; x_wconf 91' lang='lat' dir='ltr'>in</span> 
     </span>
     <span class='ocr_line' id='line_1_19' title="bbox 377 1641 1757 1697; baseline -0.001 -14"><span class='ocrx_word' id='word_1_152' title='bbox 377 1654 445 1683; x_wconf 87' lang='lat' dir='ltr'>tua</span> <span class='ocrx_word' id='word_1_153' title='bbox 464 1644 649 1697; x_wconf 84' lang='lat' dir='ltr'>potestate</span> <span class='ocrx_word' id='word_1_154' title='bbox 669 1643 776 1687; x_wconf 86' lang='lat' dir='ltr'>sunt,</span> <span class='ocrx_word' id='word_1_155' title='bbox 803 1641 904 1680; x_wconf 86' lang='lat' dir='ltr'>mihi</span> <span class='ocrx_word' id='word_1_156' title='bbox 930 1641 1174 1693; x_wconf 86' lang='lat' dir='ltr'>potiffimum</span> <span class='ocrx_word' id='word_1_157' title='bbox 1200 1641 1411 1686; x_wconf 85' lang='lat' dir='ltr'>condones,</span> <span class='ocrx_word' id='word_1_158' title='bbox 1443 1642 1513 1680; x_wconf 82' lang='lat' dir='ltr'>nifi</span> <span class='ocrx_word' id='word_1_159' title='bbox 1538 1643 1634 1694; x_wconf 85' lang='lat' dir='ltr'>quid</span> <span class='ocrx_word' id='word_1_160' title='bbox 1654 1644 1757 1682; x_wconf 84' lang='lat' dir='ltr'>exis-</span> 
     </span>
     <span class='ocr_line' id='line_1_20' title="bbox 378 1707 1755 1760; baseline -0.001 -11"><span class='ocrx_word' id='word_1_161' title='bbox 378 1713 493 1750; x_wconf 87' lang='lat' dir='ltr'>timas</span> <span class='ocrx_word' id='word_1_162' title='bbox 514 1711 554 1748; x_wconf 91' lang='lat' dir='ltr'>in</span> <span class='ocrx_word' id='word_1_163' title='bbox 575 1724 617 1748; x_wconf 87' lang='lat' dir='ltr'>ea</span> <span class='ocrx_word' id='word_1_164' title='bbox 637 1723 675 1748; x_wconf 89' lang='lat' dir='ltr'>re</span> <span class='ocrx_word' id='word_1_165' title='bbox 695 1708 831 1747; x_wconf 88' lang='lat' dir='ltr'>violari</span> <span class='ocrx_word' id='word_1_166' title='bbox 851 1707 1178 1746; x_wconf 80' lang='lat' dir='ltr'>existimationem</span> <span class='ocrx_word' id='word_1_167' title='bbox 1200 1716 1322 1745; x_wconf 85' lang='lat' dir='ltr'>tuam.</span> <span class='ocrx_word' id='word_1_168' title='bbox 1369 1708 1487 1759; x_wconf 84' lang='lat' dir='ltr'>Qod</span> <span class='ocrx_word' id='word_1_169' title='bbox 1507 1722 1579 1760; x_wconf 87' lang='lat' dir='ltr'>ego</span> <span class='ocrx_word' id='word_1_170' title='bbox 1603 1709 1629 1746; x_wconf 87' lang='lat' dir='ltr'>fi</span> <span class='ocrx_word' id='word_1_171' title='bbox 1650 1710 1755 1748; x_wconf 88' lang='lat' dir='ltr'>arbi-</span> 
     </span>
     <span class='ocr_line' id='line_1_21' title="bbox 376 1771 1756 1828; baseline -0.002 -13"><span class='ocrx_word' id='word_1_172' title='bbox 376 1787 509 1822; x_wconf 86' lang='lat' dir='ltr'>trarer,</span> <span class='ocrx_word' id='word_1_173' title='bbox 541 1789 745 1828; x_wconf 87' lang='lat' dir='ltr'>nunquam</span> <span class='ocrx_word' id='word_1_174' title='bbox 777 1784 813 1812; x_wconf 87' lang='lat' dir='ltr'>te</span> <span class='ocrx_word' id='word_1_175' title='bbox 845 1787 1048 1826; x_wconf 80' lang='lat' dir='ltr'>rogarem3</span> <span class='ocrx_word' id='word_1_176' title='bbox 1080 1771 1260 1825; x_wconf 88' lang='lat' dir='ltr'>mihique</span> <span class='ocrx_word' id='word_1_177' title='bbox 1287 1782 1352 1811; x_wconf 87' lang='lat' dir='ltr'>tua</span> <span class='ocrx_word' id='word_1_178' title='bbox 1380 1772 1483 1811; x_wconf 84' lang='lat' dir='ltr'>fama</span> <span class='ocrx_word' id='word_1_179' title='bbox 1502 1774 1631 1812; x_wconf 89' lang='lat' dir='ltr'>multo</span> <span class='ocrx_word' id='word_1_180' title='bbox 1651 1776 1756 1813; x_wconf 84' lang='lat' dir='ltr'>anti—</span> 
     </span>
     <span class='ocr_line' id='line_1_22' title="bbox 378 1838 1753 1895; baseline -0.001 -15"><span class='ocrx_word' id='word_1_181' title='bbox 378 1843 493 1895; x_wconf 89' lang='lat' dir='ltr'>quior</span> <span class='ocrx_word' id='word_1_182' title='bbox 512 1841 616 1886; x_wconf 81' lang='lat' dir='ltr'>effet,</span> <span class='ocrx_word' id='word_1_183' title='bbox 647 1854 765 1893; x_wconf 84' lang='lat' dir='ltr'>quam</span> <span class='ocrx_word' id='word_1_184' title='bbox 786 1840 855 1877; x_wconf 86' lang='lat' dir='ltr'>illa</span> <span class='ocrx_word' id='word_1_185' title='bbox 874 1838 1111 1877; x_wconf 83' lang='lat' dir='ltr'>neceffitudo</span> <span class='ocrx_word' id='word_1_186' title='bbox 1130 1839 1197 1876; x_wconf 86' lang='lat' dir='ltr'>est.</span> <span class='ocrx_word' id='word_1_187' title='bbox 1244 1839 1316 1876; x_wconf 86' lang='lat' dir='ltr'>Sed</span> <span class='ocrx_word' id='word_1_188' title='bbox 1336 1838 1436 1876; x_wconf 80' lang='lat' dir='ltr'>mihi</span> <span class='ocrx_word' id='word_1_189' title='bbox 1457 1839 1510 1876; x_wconf 84' lang='lat' dir='ltr'>ita</span> <span class='ocrx_word' id='word_1_190' title='bbox 1530 1840 1753 1891; x_wconf 87' lang='lat' dir='ltr'>persuadeo,</span> 
     </span>
     <span class='ocr_line' id='line_1_23' title="bbox 381 1904 1754 1960; baseline -0.001 -15"><span class='ocrx_word' id='word_1_191' title='bbox 381 1907 523 1960; x_wconf 87' lang='lat' dir='ltr'>(potest</span> <span class='ocrx_word' id='word_1_192' title='bbox 542 1907 625 1944; x_wconf 88' lang='lat' dir='ltr'>fieri</span> <span class='ocrx_word' id='word_1_193' title='bbox 647 1916 689 1943; x_wconf 93' lang='lat' dir='ltr'>ut</span> <span class='ocrx_word' id='word_1_194' title='bbox 709 1905 838 1955; x_wconf 83' lang='lat' dir='ltr'>fal-lar)</span> <span class='ocrx_word' id='word_1_195' title='bbox 861 1918 944 1942; x_wconf 83' lang='lat' dir='ltr'>eam</span> <span class='ocrx_word' id='word_1_196' title='bbox 966 1918 1049 1942; x_wconf 89' lang='lat' dir='ltr'>rem</span> <span class='ocrx_word' id='word_1_197' title='bbox 1068 1904 1174 1942; x_wconf 84' lang='lat' dir='ltr'>laudi</span> <span class='ocrx_word' id='word_1_198' title='bbox 1196 1904 1270 1941; x_wconf 90' lang='lat' dir='ltr'>tibi</span> <span class='ocrx_word' id='word_1_199' title='bbox 1290 1906 1436 1956; x_wconf 85' lang='lat' dir='ltr'>potius,</span> <span class='ocrx_word' id='word_1_200' title='bbox 1459 1918 1577 1956; x_wconf 85' lang='lat' dir='ltr'>quam</span> <span class='ocrx_word' id='word_1_201' title='bbox 1597 1906 1754 1958; x_wconf 90' lang='lat' dir='ltr'>vitupe-</span> 
     </span>
     <span class='ocr_line' id='line_1_24' title="bbox 313 1968 1753 2024; baseline -0.001 -14"><span class='ocrx_word' id='word_1_202' title='bbox 313 2022 317 2024; x_wconf 18' lang='grc' dir='ltr'><em>Β</em></span> <span class='ocrx_word' id='word_1_203' title='bbox 377 1972 533 2017; x_wconf 77' lang='lat' dir='ltr'>rationi,</span> <span class='ocrx_word' id='word_1_204' title='bbox 556 1971 654 2009; x_wconf 82' lang='lat' dir='ltr'>fore.</span> <span class='ocrx_word' id='word_1_205' title='bbox 686 1970 795 2022; x_wconf 83' lang='lat' dir='ltr'>Qid</span> <span class='ocrx_word' id='word_1_206' title='bbox 816 1970 901 2008; x_wconf 84' lang='lat' dir='ltr'>fieri</span> <span class='ocrx_word' id='word_1_207' title='bbox 920 1970 1054 2022; x_wconf 76' lang='lat' dir='ltr'>posset,</span> <span class='ocrx_word' id='word_1_208' title='bbox 1071 1979 1109 2007; x_wconf 91' lang='lat' dir='ltr'>et</span> <span class='ocrx_word' id='word_1_209' title='bbox 1130 1969 1226 2022; x_wconf 91' lang='lat' dir='ltr'>quid</span> <span class='ocrx_word' id='word_1_210' title='bbox 1246 1983 1332 2007; x_wconf 83' lang='lat' dir='ltr'>mea</span> <span class='ocrx_word' id='word_1_211' title='bbox 1351 1969 1460 2008; x_wconf 84' lang='lat' dir='ltr'>causa</span> <span class='ocrx_word' id='word_1_212' title='bbox 1480 1968 1604 2007; x_wconf 86' lang='lat' dir='ltr'>facere</span> <span class='ocrx_word' id='word_1_213' title='bbox 1623 1971 1753 2022; x_wconf 83' lang='lat' dir='ltr'>poffis,</span> 
     </span>
     <span class='ocr_line' id='line_1_25' title="bbox 380 2035 1757 2090; baseline 0 -15"><span class='ocrx_word' id='word_1_214' title='bbox 380 2040 487 2090; x_wconf 86' lang='lat' dir='ltr'>(nam</span> <span class='ocrx_word' id='word_1_215' title='bbox 515 2037 611 2089; x_wconf 86' lang='lat' dir='ltr'>quin</span> <span class='ocrx_word' id='word_1_216' title='bbox 638 2036 748 2081; x_wconf 88' lang='lat' dir='ltr'>velis,</span> <span class='ocrx_word' id='word_1_217' title='bbox 780 2050 859 2073; x_wconf 91' lang='lat' dir='ltr'>non</span> <span class='ocrx_word' id='word_1_218' title='bbox 892 2035 1049 2086; x_wconf 90' lang='lat' dir='ltr'>dubito)</span> <span class='ocrx_word' id='word_1_219' title='bbox 1078 2035 1214 2081; x_wconf 89' lang='lat' dir='ltr'>velim,</span> <span class='ocrx_word' id='word_1_220' title='bbox 1246 2036 1272 2074; x_wconf 89' lang='lat' dir='ltr'>fi</span> <span class='ocrx_word' id='word_1_221' title='bbox 1305 2036 1379 2074; x_wconf 90' lang='lat' dir='ltr'>tibi</span> <span class='ocrx_word' id='word_1_222' title='bbox 1410 2049 1523 2088; x_wconf 85' lang='lat' dir='ltr'>grave</span> <span class='ocrx_word' id='word_1_223' title='bbox 1554 2050 1633 2075; x_wconf 87' lang='lat' dir='ltr'>non</span> <span class='ocrx_word' id='word_1_224' title='bbox 1665 2038 1757 2081; x_wconf 56' lang='lat' dir='ltr'>erit,</span> 
     </span>
     <span class='ocr_line' id='line_1_26' title="bbox 376 2100 961 2141; baseline -0.003 -1"><span class='ocrx_word' id='word_1_225' title='bbox 376 2104 581 2141; x_wconf 88' lang='lat' dir='ltr'>certiorem</span> <span class='ocrx_word' id='word_1_226' title='bbox 602 2115 665 2139; x_wconf 88' lang='lat' dir='ltr'>me</span> <span class='ocrx_word' id='word_1_227' title='bbox 685 2100 817 2139; x_wconf 78' lang='lat' dir='ltr'>facias.</span> <span class='ocrx_word' id='word_1_228' title='bbox 850 2100 961 2138; x_wconf 86' lang='lat' dir='ltr'>Vale.</span> 
     </span>
    </p>
   </div>
   <div class='ocr_carea' id='block_1_5' title="bbox 531 2300 1600 2353">
    <p class='ocr_par' dir='ltr' id='par_1_6' title="bbox 531 2300 1600 2353">
     <span class='ocr_line' id='line_1_27' title="bbox 531 2300 1600 2353; baseline -0.001 -13"><span class='ocrx_word' id='word_1_229' title='bbox 531 2303 593 2340; x_wconf 88' lang='lat' dir='ltr'>M.</span> <span class='ocrx_word' id='word_1_230' title='bbox 627 2303 680 2340; x_wconf 90' lang='lat' dir='ltr'>T.</span> <span class='ocrx_word' id='word_1_231' title='bbox 714 2303 762 2339; x_wconf 91' lang='lat' dir='ltr'>C.</span> <span class='ocrx_word' id='word_1_232' title='bbox 796 2301 1216 2353; x_wconf 74' lang='lat' dir='ltr'>QPH1L1.1³P0,</span> <span class='ocrx_word' id='word_1_233' title='bbox 1257 2300 1433 2339; x_wconf 81' lang='lat' dir='ltr'>PRoc.</span> <span class='ocrx_word' id='word_1_234' title='bbox 1475 2302 1512 2339; x_wconf 88' lang='lat' dir='ltr'>S.</span> <span class='ocrx_word' id='word_1_235' title='bbox 1547 2302 1600 2339; x_wconf 87' lang='lat' dir='ltr'>D.</span> 
     </span>
    </p>
   </div>
   <div class='ocr_carea' id='block_1_6' title="bbox 377 2429 1751 2548">
    <p class='ocr_par' dir='ltr' id='par_1_7' title="bbox 377 2429 1751 2548">
     <span class='ocr_line' id='line_1_28' title="bbox 377 2429 1747 2504; baseline -0.004 -33"><span class='ocrx_word' id='word_1_236' title='bbox 377 2432 566 2471; x_wconf 84' lang='lat' dir='ltr'>LXXIV.</span> <span class='ocrx_word' id='word_1_237' title='bbox 591 2430 767 2504; x_wconf 84' lang='lat' dir='ltr'>ETSI</span> <span class='ocrx_word' id='word_1_238' title='bbox 795 2443 873 2468; x_wconf 90' lang='lat' dir='ltr'>non</span> <span class='ocrx_word' id='word_1_239' title='bbox 894 2429 1048 2475; x_wconf 92' lang='lat' dir='ltr'>dubito,</span> <span class='ocrx_word' id='word_1_240' title='bbox 1066 2444 1136 2482; x_wconf 88' lang='lat' dir='ltr'>pro</span> <span class='ocrx_word' id='word_1_241' title='bbox 1158 2438 1224 2468; x_wconf 89' lang='lat' dir='ltr'>tua</span> <span class='ocrx_word' id='word_1_242' title='bbox 1243 2431 1284 2468; x_wconf 86' lang='lat' dir='ltr'>in</span> <span class='ocrx_word' id='word_1_243' title='bbox 1304 2443 1367 2468; x_wconf 89' lang='lat' dir='ltr'>me</span> <span class='ocrx_word' id='word_1_244' title='bbox 1387 2429 1637 2472; x_wconf 80' lang='lat' dir='ltr'>observantia,</span> <span class='ocrx_word' id='word_1_245' title='bbox 1656 2441 1747 2479; x_wconf 86' lang='lat' dir='ltr'>pro—</span> 
     </span>
     <span class='ocr_line' id='line_1_29' title="bbox 666 2493 1751 2548; baseline -0.005 -13"><span class='ocrx_word' id='word_1_246' title='bbox 666 2509 761 2548; x_wconf 82' lang='lat' dir='ltr'>-que</span> <span class='ocrx_word' id='word_1_247' title='bbox 782 2495 907 2535; x_wconf 86' lang='lat' dir='ltr'>nostra</span> <span class='ocrx_word' id='word_1_248' title='bbox 926 2495 1217 2541; x_wconf 84' lang='lat' dir='ltr'>neceffitudine,</span> <span class='ocrx_word' id='word_1_249' title='bbox 1246 2496 1344 2548; x_wconf 83' lang='lat' dir='ltr'>quin</span> <span class='ocrx_word' id='word_1_250' title='bbox 1369 2493 1751 2534; x_wconf 84' lang='lat' dir='ltr'>commendationem</span> 
     </span>
    </p>
   </div>
  </div>
 </body>
</html>
