2351 2997
566 262 617 301 60
912 267 1602 306 EPISTOLARUM

563 377 700 402 verum
734 365 852 402 etiam
890 367 952 417 (ut
987 379 1092 404 nunc
1127 366 1347 418 loquimur)
1386 368 1593 413 urbanum,
1628 381 1703 406 non
1735 368 1950 407 arbitrabar

563 443 703 481 genere
736 431 807 468 isto
836 432 1079 483 legationum
1114 432 1292 469 delectari
1310 451 1321 476 ς
1354 433 1471 484 idque
1501 448 1563 472 me
1597 435 1762 472 arbitror
1796 436 1945 487 Synna-

563 495 622 532 dis
643 509 714 546 pro
736 496 923 533 tribunali
946 497 1082 534 multis
1104 497 1231 534 verbis
1253 497 1520 548 disputavisse:
1555 500 1743 550 primum,
1766 502 1946 553 Appium

564 560 777 598 Claudium
800 561 946 599 senatui
967 563 1195 615 populoque
1216 564 1413 608 Romano,
1436 578 1513 601 non
1537 565 1817 616 Myndenfium
1839 566 1945 603 testi-

563 626 713 670 monio,
736 627 793 677 (in
811 641 851 664 ea
867 628 973 665 enim
990 629 1147 666 civitate
1164 630 1314 667 mentio
1331 628 1429 667 faeta
1449 630 1519 680 est)
1540 630 1601 668 sed
1623 630 1686 668 sua
1708 630 1857 683 sponte,
1875 632 1947 670 effe

562 690 793 729 laudatum:
826 691 979 738 deinde,
1012 707 1074 731 me
1104 694 1171 731 ista
1201 694 1333 732 vidiffe
1364 695 1500 733 multis
1528 696 1714 740 accidere,
1747 705 1790 734 ut
1811 709 1948 734 eorum

561 755 673 793 causa
692 756 904 808 legationes
922 758 1092 796 Romam
1110 759 1300 804 venirent,
1320 760 1382 797 sed
1402 759 1463 797 his
1486 760 1746 812 legationibus
1765 774 1842 799 non
1861 775 1945 799 me-

562 821 715 859 miniffe
738 822 865 860 ullum
888 832 1043 876 tempus
1066 825 1262 870 laudandi,
1294 835 1358 863 aut
1380 826 1528 871 locum,
1561 826 1641 864 dari
1660 842 1668 865 :
1701 827 1824 864 studia
1844 826 1947 864 mihi

561 899 697 924 eorum
720 888 885 939 placere,
917 889 1023 941 quod
1044 890 1084 927 in
1108 899 1143 927 te
1165 890 1262 927 bene
1283 891 1424 928 merito
1444 892 1543 943 grati
1564 892 1706 936 effent;
1739 892 1948 930 confilium

562 960 693 990 totum
713 954 835 991 videri
858 954 1023 992 minime
1041 956 1305 994 necessarium.
1332 957 1369 993 Si
1391 967 1521 994 autem
1538 958 1682 995 vellent
1699 957 1888 995 declarare
1905 958 1947 995 in

561 1031 606 1054 eo
627 1018 804 1056 officium
826 1019 953 1064 suum,
986 1020 1234 1058 laudaturum
1256 1036 1332 1065 me,
1366 1022 1390 1058 fi
1419 1023 1487 1073 qui
1514 1022 1580 1059 suo
1608 1023 1766 1074 sumptu
1786 1021 1945 1060 functus

559 1081 650 1119 effet
678 1083 837 1127 offici03
870 1084 1155 1129 conceffurum,
1188 1086 1213 1122 fi
1246 1086 1455 1137 legitim03
1488 1100 1566 1123 non
1597 1087 1886 1139 permissurum,
1919 1087 1946 1125 fi

560 1147 733 1185 infinito.
778 1148 887 1198 Qid
915 1150 1020 1187 enim
1050 1149 1280 1201 reprehendi
1301 1150 1439 1203 potest,
1472 1152 1541 1189 nisi
1563 1152 1669 1204 quod
1690 1152 1797 1190 addis
1818 1152 1946 1191 visum

560 1213 633 1250 effe
653 1213 904 1264 quibusdam,
936 1215 1109 1252 edictum
1130 1229 1279 1261 meum,
1312 1217 1415 1268 quafi
1438 1216 1632 1262 consulto,
1663 1217 1709 1254 ad
1730 1217 1815 1254 istas
1837 1218 1944 1270 lega—

557 1278 684 1316 tiones
707 1278 972 1330 impediendas
1000 1281 1071 1318 effe
1098 1281 1472 1319 accommodatum?
1504 1284 1593 1333 Jam
1623 1296 1702 1320 non
1733 1291 1813 1321 tam
1842 1281 1946 1320 mihi

558 1343 742 1381 videntur
762 1345 947 1396 injuriam
967 1345 1092 1383 facere
1112 1345 1170 1391 hi,
1202 1348 1271 1399 qui
1292 1346 1373 1385 haec
1394 1348 1606 1400 disputant,
1639 1362 1758 1400 quam
1782 1349 1808 1386 fi
1830 1350 1943 1400 cujus

558 1422 666 1447 aures
687 1409 733 1446 ad
754 1408 855 1447 hanc
872 1410 1175 1463 disputationem
1193 1422 1341 1464 patent.
1365 1414 1503 1452 Romae
1524 1414 1727 1466 composui
1747 1414 1941 1452 edietum:

559 1473 660 1512 nihil
682 1475 827 1520 addidi,
856 1476 925 1514 nifi
946 1477 1051 1528 quod
1072 1477 1275 1530 publicani
1296 1493 1358 1516 me
1380 1489 1579 1531 rogarunt,
1602 1494 1694 1518 cum
1717 1481 1875 1518 Samum
1895 1479 1943 1517 ad

558 1553 622 1578 me
642 1540 843 1585 venissent,
875 1551 918 1579 ut
950 1542 997 1579 de
1029 1551 1097 1580 tuo
1128 1543 1255 1581 edicto
1286 1545 1451 1582 totidem
1472 1546 1599 1583 verbis
1621 1545 1869 1583 transferrem
1899 1546 1942 1583 in

558 1618 706 1643 meum.
732 1606 1038 1657 Diligentiffime
1060 1608 1250 1661 scriptum
1270 1619 1387 1661 caput
1402 1610 1470 1654 est,
1488 1610 1594 1662 quod
1610 1612 1780 1663 pertinet
1799 1611 1847 1648 ad
1862 1611 1941 1648 mi-

557 1670 732 1708 nuendos
754 1671 932 1723 sumptus
954 1673 1185 1712 civitatum:
1209 1688 1289 1726 quo
1310 1675 1348 1711 in
1372 1676 1498 1728 capite
1519 1675 1607 1713 sunt
1628 1675 1805 1728 quaedam
1826 1689 1940 1720 nova,

557 1735 732 1773 salutaria
753 1736 994 1781 civitatibus,
1012 1738 1157 1790 quibus
1173 1753 1246 1791 ego
1262 1753 1497 1792 magnopere
1518 1740 1700 1778 delector.
1726 1741 1818 1779 Hoc
1834 1754 1938 1786 vem,

556 1815 602 1838 ex
624 1813 703 1851 quo
724 1801 889 1853 suspicio
912 1812 998 1839 nata
1017 1803 1084 1847 est,
1116 1817 1178 1841 me
1198 1804 1399 1855 exquififfe
1419 1805 1569 1856 aliquid
1590 1806 1631 1842 in
1652 1819 1731 1858 quo
1753 1815 1790 1842 te
1811 1806 1938 1843 offen-

558 1866 704 1910 derem,
737 1866 1011 1905 transsatitium
1032 1868 1098 1906 est.
1146 1870 1289 1921 Neque
1309 1871 1416 1907 enim
1437 1884 1540 1908 eram
1561 1880 1641 1908 tam
1662 1870 1864 1923 defipienS,
1897 1881 1942 1910 ut

556 1932 713 1983 privatae
735 1932 786 1969 rei
813 1932 922 1969 causa
951 1933 1069 1985 legari
1100 1944 1292 1986 putarem,
1325 1936 1394 1988 qui
1424 1945 1462 1974 et
1493 1936 1567 1973 tibi
1597 1950 1675 1974 non
1705 1937 1870 1988 privatO,
1901 1946 1940 1976 et

557 2009 628 2047 pro
648 2010 686 2033 re
707 2010 785 2033 non
806 1998 954 2049 privata
976 1998 1052 2043 sua,
1071 1999 1133 2036 sed
1154 2000 1329 2051 publica,
1348 2014 1426 2038 non
1448 2002 1487 2038 in
1509 2002 1675 2054 privato,
1693 2001 1756 2038 sed
1776 2002 1817 2038 in
1834 2002 1938 2053 pub-

557 2062 635 2098 lico
665 2062 769 2099 orbis
801 2071 908 2100 terrae
934 2064 1110 2109 confilio,
1142 2065 1182 2102 id
1202 2065 1268 2110 est,
1301 2067 1341 2103 in
1363 2066 1509 2111 senatu,
1541 2076 1585 2104 ut
1605 2068 1745 2118 gratias
1766 2077 1940 2119 agerent,

556 2127 842 2165 mittebantur:
877 2142 1001 2181 neque
1022 2144 1115 2167 cum
1135 2130 1255 2176 edixi,
1288 2145 1335 2169 ne
1364 2133 1452 2184 quis
1482 2132 1625 2184 injuffu
1652 2146 1740 2170 meo
1760 2132 1938 2184 proficis-

556 2201 722 2235 ceretur,
754 2193 897 2230 exclusi
928 2207 1007 2239 eos,
1039 2196 1107 2247 qui
1137 2209 1200 2233 me
1230 2197 1269 2233 in
1301 2196 1432 2242 castra,
1463 2206 1502 2234 et
1522 2198 1591 2249 qui
1616 2206 1720 2235 trans
1742 2198 1935 2243 Taurum,

554 2256 732 2309 persequi
752 2271 831 2295 non
854 2258 1016 2309 poffent.
1045 2261 1151 2298 Nam
1168 2261 1208 2298 id
1224 2261 1276 2299 est
1291 2263 1462 2300 maxime
1477 2263 1519 2299 in
1535 2262 1613 2299 tuis
1630 2262 1753 2300 literis
1770 2263 1937 2301 irriden-

555 2322 666 2360 dum.
692 2323 801 2373 Qid
822 2325 929 2362 enim
951 2334 1044 2370 erat,
1063 2327 1168 2378 quod
1190 2341 1252 2364 me
1274 2328 1593 2380 persequerentur
1613 2329 1653 2365 in
1675 2328 1806 2374 castra,
1826 2330 1936 2367 Tau-

554 2401 691 2425 rumve
713 2390 929 2435 transirent,
962 2405 1054 2428 cum
1075 2405 1147 2444 ego
1169 2393 1361 2431 Laodicea
1380 2394 1500 2445 usque
1520 2393 1567 2431 ad
1588 2394 1771 2432 Iconium
1792 2395 1865 2432 iter
1884 2396 1938 2432 ita

554 2452 730 2498 fecerim,
763 2464 806 2492 ut
836 2469 899 2492 me
920 2457 1101 2494 omnium
1122 2458 1281 2496 illarum
1303 2459 1542 2504 dioecefium,
1574 2474 1659 2512 quae
1680 2461 1736 2498 cis
1757 2461 1937 2498 Taurum

554 2518 658 2564 sunt,
690 2521 950 2574 omniumque
970 2536 1102 2562 earum
1124 2524 1344 2570 civitatum,
1377 2525 1620 2578 magistratus
1647 2525 1936 2579 legationesque
