2351 2997
593 223 686 260 AD
745 221 1215 261 FAMILIARES
1275 225 1409 265 LIB.
1465 229 1511 265 V.
1689 245 1760 283 ¹05

371 321 681 374 amplectendam
698 320 896 366 incidiss'e5
921 320 998 368 sed,
1017 330 1060 360 ut
1077 322 1253 374 primum
1270 323 1403 363 forum
1419 327 1633 379 attigerim,
1653 328 1762 381 spec-

371 386 461 424 taffe
492 386 656 438 semper,
686 394 732 424 ut
765 386 840 424 tibi
872 387 1018 439 poffem
1051 401 1169 440 quam
1202 391 1374 429 maxime
1405 392 1477 430 effe
1510 394 1761 446 conjunctus.

372 452 465 501 Qo
494 450 656 502 quidem
685 465 733 488 ex
764 460 954 504 tempore,
986 454 1176 491 memoria
1209 464 1336 501 teneo,
1369 470 1495 509 neque
1527 472 1654 497 meam
1687 460 1761 498 tibi

369 515 667 561 observantiam,
700 531 827 569 neque
859 517 961 556 mihi
998 527 1105 557 tuam
1139 520 1334 559 summam
1369 522 1684 563 benevolentiam
1719 540 1762 564 ac

368 580 660 627 liberalitatem,
683 582 857 622 defuisse.
893 584 932 621 Si
953 598 1039 636 quae
1061 585 1346 625 interciderunt
1367 602 1446 626 non
1468 598 1548 627 tam
1570 605 1623 635 re,
1642 605 1761 643 quam

367 645 600 700 suspicione,
631 649 801 694 violata3
842 662 886 687 ea
920 663 1013 688 cum
1048 650 1197 689 fuerint
1231 661 1270 690 et
1305 652 1398 691 falsa
1432 664 1470 692 et
1505 656 1648 702 inania,
1687 658 1761 696 sint

363 713 494 752 evulsa
513 728 560 752 ex
581 715 691 752 omni
714 716 904 752 memoria
923 716 1080 768 vitaque
1101 717 1241 755 nostra.
1287 719 1324 756 Is
1352 719 1460 757 enim
1492 730 1534 758 tu
1556 722 1615 759 vir
1634 736 1688 767 es,
1721 734 1759 761 et

365 792 457 816 eum
478 793 542 817 me
562 779 634 817 effe
654 781 787 833 cupio,
816 790 873 826 ut,
906 783 1095 834 quoniam
1116 783 1156 820 in
1179 783 1314 821 eadem
1336 785 1562 837 reipublicae
1586 795 1761 840 tempora

363 845 594 891 incidimus,
627 847 949 898 conjun&ionem
980 848 1277 901 amicitiamque
1299 850 1468 888 nostram
1489 853 1648 905 utrique
1669 855 1758 892 nos-

364 919 472 949 trum
493 911 599 949 laudi
620 912 769 964 sperem
790 912 888 952 fore.
922 914 1195 966 Qamobrem
1218 924 1276 960 tu,
1305 927 1499 968 quantum
1522 927 1590 957 tuo
1605 920 1760 971 judicio

364 977 622 1015 tribuendum
643 978 714 1016 effe
736 978 849 1016 nobis
872 988 1000 1031 putes,
1028 979 1167 1018 statues
1189 981 1269 1033 ipse
1288 996 1296 1020 :
1330 991 1383 1027 et,
1407 992 1450 1020 ut
1471 983 1594 1036 spero,
1618 985 1757 1025 statues

363 1055 411 1080 ex
432 1043 558 1081 nostra
578 1044 783 1096 dignitate.
819 1046 906 1097 Ego
922 1060 1012 1084 vero
1035 1046 1107 1084 tibi
1130 1047 1316 1099 profiteor
1332 1058 1448 1100 atque
1463 1050 1656 1102 polliceor
1671 1053 1756 1090 exi-

363 1108 492 1146 mium
514 1118 552 1147 et
574 1109 764 1162 singulare
786 1124 919 1149 meum
942 1111 1114 1150 studium
1137 1113 1176 1150 in
1199 1114 1310 1151 omni
1331 1128 1470 1166 genere
1491 1116 1628 1162 officii,
1651 1119 1759 1170 quod

362 1173 410 1211 ad
438 1173 681 1212 honestatem
710 1184 749 1213 et
777 1177 946 1228 gloriam
972 1187 1079 1215 tuam
1101 1178 1245 1230 spe-{tet
1265 1194 1272 1217 :
1306 1180 1346 1217 in
1369 1194 1448 1232 quo
1470 1182 1617 1220 etiamfi
1638 1184 1758 1222 multi

362 1252 520 1277 mecum
542 1240 798 1286 contendent,
832 1251 961 1281 tamen
984 1256 1077 1281 cum
1097 1244 1260 1296 reliquis
1282 1246 1484 1292 omnibus,
1509 1256 1594 1286 tum
1617 1249 1756 1288 Craffis

361 1305 455 1350 tuis,
472 1305 693 1357 judicibus,
716 1320 851 1345 omnes
874 1307 989 1346 facile
1010 1309 1221 1361 superabo:
1246 1325 1344 1363 quos
1367 1313 1528 1365 quidem
1551 1328 1622 1366 ego
1639 1316 1757 1354 ambo

360 1372 477 1409 unice
498 1371 652 1424 diligo;
685 1373 747 1410 sed
773 1374 813 1411 in
836 1374 977 1412 Marco
999 1375 1272 1414 benevolentia
1301 1378 1458 1430 impari.
1506 1381 1599 1418 Hoc
1630 1383 1756 1434 magis

359 1436 444 1474 sum
466 1437 612 1476 Publio
633 1438 803 1485 deditus,
836 1440 943 1492 quod
973 1455 1051 1486 me,
1083 1455 1309 1494 quanquam
1331 1456 1351 1480 a
1371 1445 1540 1496 pueritia
1567 1446 1632 1484 sua
1651 1447 1754 1485 sem-

359 1516 441 1554 per,
474 1512 605 1542 tamen
635 1503 712 1542 hoc
744 1514 920 1558 tempore
941 1507 1128 1552 maxime,
1161 1508 1258 1546 ficut
1279 1508 1446 1547 alterum
1468 1520 1684 1562 parentem,
1717 1522 1756 1551 et

358 1568 534 1607 observat
552 1578 592 1607 et
613 1570 761 1622 diligit.
794 1572 878 1609 Has
900 1572 1029 1611 literas
1050 1574 1172 1611 velim
1193 1575 1389 1612 existimes
1412 1574 1569 1615 foederis
1590 1576 1753 1616 habitu-

359 1646 416 1670 ras
445 1634 516 1672 effe
546 1635 642 1679 vim,
675 1649 754 1673 non
785 1637 969 1689 epistolae,
1002 1651 1144 1690 meque
1173 1653 1229 1685 ea,
1262 1654 1348 1692 quae
1380 1641 1454 1678 tibi
1486 1644 1679 1694 promitto
1710 1658 1754 1683 ac

358 1699 520 1751 recipio,
561 1699 790 1739 sanctissime
822 1702 894 1740 efl‘e
926 1703 1237 1749 observaturum,
1274 1705 1648 1760 diligentissimeque
1680 1710 1753 1748 effe

355 1764 567 1804 facturum.
592 1767 691 1817 Qae
711 1781 732 1805 a
747 1781 810 1805 me
832 1768 1005 1821 suscepta
1026 1768 1196 1808 defensio
1218 1770 1284 1816 est,
1304 1781 1340 1808 te
1357 1772 1526 1818 absente,
1545 1773 1751 1827 dignitatis

356 1839 447 1876 tuae,
478 1831 520 1869 in
541 1833 681 1884 eajam
702 1846 774 1885 ego
797 1847 875 1872 non
898 1834 1026 1872 solum
1046 1836 1230 1874 amicitiae
1252 1837 1403 1882 nostrae,
1427 1838 1489 1876 sed
1511 1840 1628 1878 etiam
1651 1855 1750 1880 con-

356 1896 501 1935 stantia:
521 1912 631 1944 meae,
655 1900 766 1937 causa
785 1901 1039 1953 permanebo.
1065 1903 1336 1955 Qamobrem
1354 1904 1442 1942 satis
1460 1905 1532 1943 effe
1547 1905 1624 1944 hoc
1646 1916 1751 1946 tem-

354 1976 447 2014 pore
468 1963 676 2002 arbitratus
699 1965 784 2003 sum
804 1965 882 2005 hoc
903 1966 950 2005 ad
972 1975 1009 2005 te
1030 1967 1196 2007 scribere
1216 1984 1224 2008 :
1256 1983 1335 2015 me,
1358 1970 1384 2008 fi
1407 1971 1505 2023 quid
1526 1971 1606 2024 ipse
1627 1973 1750 2012 intel-

353 2027 518 2079 ligerem
538 2039 605 2066 aut
625 2030 672 2067 ad
693 2031 954 2078 voluntatem,
985 2042 1052 2072 aut
1072 2034 1119 2071 ad
1140 2035 1416 2082 commodum,
1448 2046 1514 2075 aut
1535 2038 1581 2076 ad
1602 2040 1749 2093 ampli-

353 2093 532 2131 tudinem
555 2104 677 2141 tuam,
700 2098 909 2149 pertinere,
932 2113 1018 2138 mea
1038 2099 1175 2153 sponte
1196 2101 1236 2139 id
1256 2101 1328 2140 effe
1348 2102 1568 2143 facturum:
1598 2105 1655 2143 fin
1675 2120 1746 2145 au-

354 2168 433 2198 tem
454 2161 660 2214 quippiam
680 2173 746 2201 aut
767 2178 787 2201 a
808 2174 845 2202 te
865 2165 979 2204 ess‘em
1001 2167 1243 2214 admonitus,
1266 2178 1332 2207 aut
1352 2183 1373 2207 a
1394 2171 1487 2216 tuis,
1514 2171 1748 2212 effecturum

354 2234 396 2262 ut
417 2226 672 2279 intelligeres,
691 2229 793 2268 nihil
816 2245 941 2283 neque
963 2242 1000 2270 te
1021 2233 1218 2286 scripfifl'e,
1242 2249 1369 2287 neque
1390 2250 1633 2290 quemquam
1655 2248 1746 2277 tuo-

352 2305 441 2329 rum
462 2291 600 2331 frustra
620 2295 666 2332 ad
697 2310 760 2334 me
790 2296 982 2337 detuliffe.
1030 2300 1302 2351 Qamobrem
1324 2302 1445 2341 velim
1466 2303 1520 2341 ita
1540 2314 1578 2342 et
1599 2305 1679 2357 ipse
1699 2306 1747 2343 ad

351 2371 414 2394 me
446 2357 587 2397 scribas
621 2360 668 2398 de
700 2363 886 2402 omnibus
920 2365 1114 2411 minimis,
1152 2368 1353 2412 maximis,
1385 2369 1744 2423 mediocribusque,

351 2423 481 2468 rebus,
515 2434 557 2461 ut
592 2426 638 2462 ad
673 2425 879 2468 hominem
914 2431 1223 2479 amiciflimum3
1260 2443 1298 2472 et
1335 2435 1412 2473 tuis
1448 2437 1663 2488 praecipias,
1702 2446 1745 2475 ut

349 2503 478 2542 opera,
501 2491 678 2536 confiliQ
701 2495 945 2543 auctoritate,
974 2499 1098 2550 gratia
1118 2513 1218 2545 mea,
1241 2500 1290 2538 fic
1313 2509 1475 2539 utantur
1495 2503 1535 2540 in
1557 2502 1743 2540 omnibus

431 2557 498 2594 To
512 2569 563 2595 M.
598 2558 691 2596 VII„
1406 2567 1442 2604 O
