2351 2997
534 270 611 306 224
742 312 749 317 φ
881 251 1561 293 EPISTOLARUM

531 354 708 392 animum
743 353 986 406 cujusquam,
1018 366 1089 390 nec
1123 352 1300 403 frangam
1331 351 1563 403 dignitatem
1594 350 1750 387 meam?
1782 348 1904 386 Nunc

532 420 646 457 venio
667 419 712 456 ad
727 419 943 470 jocationes
965 428 1063 461 tuas,
1095 430 1186 454 cum
1209 426 1250 453 tu
1278 415 1490 453 secundum
1511 419 1751 453 OEnomaum
1772 413 1902 458 Accii,

531 498 625 528 non,
644 493 687 521 ut
707 483 803 520 olim
825 482 983 526 solebat,
1006 481 1249 524 Atellanurn‚
1272 480 1348 525 sed,
1368 490 1410 517 ut
1431 493 1535 517 nunc
1556 480 1615 524 fit,
1638 481 1821 523 mimum,
1839 479 1903 515 in-

532 548 751 586 troduxisti.
786 548 916 598 Qoem
939 556 980 584 tu
1002 545 1103 584 mihi
1123 546 1332 598 popilium,
1356 559 1474 597 quem
1495 545 1712 588 denarium,
1743 556 1869 582 narras
1888 543 1902 580 ?

531 627 651 666 quam
672 612 899 665 tyrotarichi
920 613 1093 665 patinam
1112 613 1125 648 ?
1158 611 1362 649 Facilitate
1391 624 1476 648 mea
1504 609 1572 647 ista
1592 608 1814 646 ferebantur
1832 621 1903 646 an-

532 688 619 723 tea;
652 692 757 716 nunc
777 686 926 715 mutata
945 691 1001 714 res
1023 677 1088 714 est.
1126 676 1308 713 Hirtium
1329 689 1400 727 ego
1421 684 1459 713 et
1480 674 1728 712 Dolabellam
1749 672 1905 711 dicendi

532 743 743 796 discipulos
764 741 903 787 habeo,
933 741 1113 780 coenandi
1134 741 1349 792 magistros.
1394 741 1494 777 Puto
1515 740 1620 777 enim
1643 748 1678 776 te
1698 737 1838 776 audiffe
1861 736 1905 789 (fi

532 808 633 847 forte
653 809 699 847 ad
719 822 785 847 vos
806 809 938 846 onmia
957 806 1221 859 perferuntur)
1246 807 1333 843 illos
1355 806 1455 857 apud
1477 819 1539 843 me
1559 805 1820 848 declamitare,
1841 815 1906 840 me

531 874 634 927 apud
649 888 712 912 eos
730 875 928 912 coenitare.
952 875 1017 910 Tu
1034 882 1163 910 autern
1185 872 1291 924 quod
1311 871 1411 908 mihi
1433 871 1575 908 bonam
1591 871 1744 921 copiam
1765 870 1904 920 eiures,

532 939 634 977 nihil
655 940 721 978 est.
745 940 855 977 Tum
871 939 976 976 enim
998 952 1089 976 cum
1107 951 1188 974 rem
1209 937 1390 980 habebas,
1410 935 1644 987 quaesticulis
1662 944 1698 972 te
1714 934 1906 971 faciebam

532 1005 809 1042 attentiorem:
843 1017 961 1047 nunc,
993 1017 1083 1040 cum
1118 1012 1196 1039 tam
1229 1015 1339 1053 aequo
1367 1002 1497 1038 animo
1526 1001 1626 1037 bona
1646 999 1794 1050 perdas,
1827 1011 1906 1036 non

532 1083 578 1106 eo
598 1070 643 1107 fis
664 1069 839 1113 consilio,
872 1079 929 1113 ut,
961 1082 1052 1105 cum
1073 1081 1135 1104 me
1156 1066 1326 1118 hospitio
1351 1066 1526 1117 recipias,
1557 1064 1849 1102 aestimationem
1869 1072 1906 1100 te

532 1134 703 1186 aliquam
725 1143 837 1186 putes
858 1134 1044 1184 accipere.
1092 1133 1223 1170 Etiam
1252 1132 1334 1169 haec
1364 1131 1485 1168 levior
1515 1130 1567 1167 est
1598 1129 1711 1181 plaga
1738 1128 1784 1165 ab
1805 1127 1906 1165 ami-

532 1212 594 1243 co,
617 1213 734 1251 quam
756 1212 776 1236 a
796 1198 984 1236 debitore.
1032 1198 1117 1236 Nec
1140 1206 1268 1235 tamen
1289 1210 1348 1233 eas
1371 1209 1498 1233 coenas
1519 1207 1663 1246 quaero,
1695 1202 1738 1231 ut
1759 1205 1908 1244 magnae

534 1264 707 1317 reliquiae
723 1263 839 1301 fiant:
863 1263 969 1315 quod
988 1263 1074 1307 erit,
1093 1262 1347 1314 magnificum
1368 1261 1413 1298 fit
1429 1270 1466 1298 et
1486 1261 1652 1297 lautum.
1677 1258 1850 1295 Memini
1870 1266 1908 1295 te

533 1328 635 1366 mihi
656 1327 833 1366 Phameae
854 1341 1005 1365 coenam
1027 1341 1190 1364 narrare.
1235 1326 1469 1377 Temperius
1492 1324 1556 1361 fiat
1575 1339 1583 1361 :
1617 1332 1751 1360 caetera
1769 1322 1906 1360 eodem

533 1394 666 1432 modo.
713 1393 833 1444 Qod
857 1393 882 1430 fi
904 1392 1115 1444 perseveras
1136 1405 1199 1429 me
1219 1390 1264 1428 ad
1293 1391 1427 1428 matris
1450 1399 1523 1426 tuae
1543 1401 1695 1425 coenam
1716 1400 1905 1431 revocare,

533 1459 655 1497 feram
676 1458 716 1496 id
737 1472 906 1510 quoque.
940 1457 1043 1494 Volo
1063 1457 1169 1494 enim
1190 1456 1318 1494 videre
1338 1456 1529 1499 animum,
1562 1454 1630 1505 qui
1651 1452 1752 1490 mihi
1772 1452 1908 1490 audeat

534 1524 615 1568 ista,
646 1537 731 1575 quae
752 1523 902 1567 scribis,
933 1535 1138 1574 apponere,
1170 1530 1235 1558 aut
1256 1521 1373 1558 etiam
1393 1520 1584 1572 polypum
1604 1518 1777 1555 Miniani
1798 1517 1906 1568 Jovis

533 1589 713 1626 fimilem.
760 1587 868 1625 Mihi
897 1587 1022 1632 crede,
1054 1600 1132 1624 non
1167 1586 1341 1624 audebis.
1388 1587 1493 1622 Ante
1527 1596 1661 1621 meum
1695 1582 1908 1620 adventum

532 1652 636 1691 fama
655 1653 701 1690 ad
725 1662 761 1690 te
782 1652 827 1690 de
848 1666 932 1690 mea
952 1665 1050 1690 nova
1068 1651 1221 1689 lautitia
1239 1651 1367 1688 veniet
1386 1665 1395 1688 :
1427 1663 1511 1687 eam
1531 1647 1772 1686 extimesces.
1820 1647 1906 1685 Ne-

532 1731 608 1769 que
628 1717 694 1762 est,
726 1716 833 1769 quod
853 1718 893 1754 in
915 1716 1151 1769 promulside
1178 1716 1256 1768 spei
1284 1728 1402 1767 ponas
1429 1713 1605 1766 aliquid;
1637 1725 1755 1765 quam
1785 1720 1908 1749 totam

533 1783 681 1821 sustuli.
728 1782 907 1820 Solebam
937 1782 1042 1819 enim
1075 1791 1185 1819 antea
1211 1781 1390 1819 delectari
1417 1781 1510 1818 oleis
1538 1788 1576 1816 et
1603 1778 1790 1816 lucanicis
1813 1777 1905 1816 tuis.

535 1848 607 1886 Sed
638 1847 735 1900 quid
765 1847 847 1885 haec
876 1848 1108 1900 loquimur?
1141 1848 1256 1884 liceat
1286 1846 1404 1883 modo
1434 1845 1506 1883 isto
1534 1844 1677 1882 venire.
1725 1845 1790 1881 Tu
1817 1856 1907 1880 vero

536 1913 644 1965 (volo
663 1913 770 1950 enim
789 1912 1000 1964 abstergere
1020 1912 1141 1950 animi
1162 1912 1220 1949 tui
1241 1910 1410 1960 metum)
1434 1910 1479 1947 ad
1500 1907 1783 1960 tyrotarichum
1803 1907 1907 1945 anti-

533 1991 660 2029 quum
680 1977 774 2014 redi.
821 1978 908 2028 Ego
933 1977 1007 2014 tibi
1028 1990 1152 2014 unum
1173 1975 1375 2028 sumptum
1394 1974 1565 2018 afferam,
1597 1973 1702 2025 quod
1723 1972 1908 2009 balneum

534 2042 712 2080 calfacias
733 2042 951 2094 oportebit:
975 2051 1108 2080 caetera
1128 2055 1235 2079 more
1255 2040 1408 2085 nostro;
1431 2039 1624 2092 superiora
1643 2038 1711 2075 illa
1731 2037 1904 2075 lufimus.

535 2109 598 2146 De
618 2108 710 2146 villa
730 2108 918 2145 Seliciana
936 2117 973 2146 et
994 2107 1131 2146 curasti
1151 2107 1373 2158 diligenter,
1403 2113 1442 2143 et
1462 2103 1638 2157 scripsisti
1667 2102 1906 2141 facetiffime.

536 2174 672 2225 Itaque
692 2182 789 2225 puto
810 2186 872 2210 me
892 2172 1248 2225 praetermiffurum.
1296 2171 1390 2209 Salis
1419 2170 1525 2209 enim
1547 2169 1633 2208 satis
1655 2167 1721 2213 est,
1753 2167 1906 2206 sannio—

536 2251 633 2276 num
651 2251 803 2290 parum.
837 2237 946 2276 Vale.
