2351 2997
619 247 712 287 AD
769 239 1236 284 FAMILIARES
1296 238 1429 277 LIB.
1480 238 1533 277 X.
1689 240 1762 277 265

385 348 488 388 vivit
507 345 689 387 Antonius
706 342 817 388 hodie,
848 341 941 395 quod
955 339 1114 393 Lepidus
1133 353 1205 378 una
1228 338 1285 390 est,
1316 337 1410 391 quod
1432 335 1607 375 exercitus
1635 334 1769 373 habent

385 428 456 453 non
474 409 745 454 contemnendos,
764 407 857 462 quod
856 410 1028 460 sperant,
1045 405 1138 459 quod
1151 404 1296 448 audent,
1318 403 1359 442 id
1372 417 1468 442 omne
1489 401 1628 455 Caesari
1643 408 1768 452 accep-

386 487 464 518 tum
483 477 620 528 referre
632 474 787 528 poffitnt.
819 475 944 526 Neque
963 487 1022 525 ego
1027 470 1221 525 superiora
1237 477 1409 522 repetam.
1441 467 1513 506 Sed
1527 481 1569 505 ex
1583 481 1619 505 eo
1635 473 1770 517 tempo-

386 558 440 587 re,
471 557 536 595 quo
555 542 624 595 ipfi’
643 541 730 579 mihi
740 538 912 592 profeffus
932 537 976 589 est
990 538 1034 591 se
1059 537 1196 579 venire,
1211 535 1255 586 st
1270 522 1394 573 venire
1412 531 1583 584 volufflt,
1614 539 1680 569 aut
1705 537 1769 582 op-

381 607 535 660 prefficm
543 606 625 658 jam
646 605 770 643 bellum
789 603 881 656 effet,
911 610 977 640 aut
1008 601 1044 640 in
1073 599 1341 649 adverfiſjimam
1370 598 1426 636 illi
1455 596 1668 649 Hispaniam
1693 606 1771 632 cum

386 672 597 711 detrimento
616 684 732 709 eorum
749 668 898 707 maximo
927 666 1119 717 detrusum.
1164 665 1257 715 Qae
1287 678 1381 702 mens
1411 676 1502 706 eum,
1532 669 1599 699 aut
1625 671 1771 711 quorum

387 738 539 787 confilia,
570 751 594 774 a
612 743 720 773 tanta
735 732 866 785 gloria,
883 730 961 783 fibi
976 744 1062 768 vero
1083 728 1191 767 etiam
1214 727 1401 779 neceffaria
1421 739 1463 765 ac
1469 725 1647 779 salutari,
1678 738 1770 761 avo-

384 802 524 845 carint‚
554 809 590 838 et
609 798 661 837 ad
675 797 920 850 cogitationem
939 795 1138 847 consulatus
1163 792 1343 844 bimestris,
1359 793 1500 843 stimmo
1530 803 1608 827 cum
1633 797 1772 826 terrore

386 865 579 908 hominum,
610 872 645 902 et
665 861 792 916 insulsa
812 875 889 899 cum
916 858 1179 912 efflagitatione,
1211 856 1475 908 transtulerint,
1506 863 1679 909 exputare
1703 866 1772 891 non

384 930 529 983 pastum.
576 929 741 968 Multum
761 927 799 965 in
818 927 887 964 hac
906 940 945 964 re
964 925 1054 963 mihi
1069 923 1241 962 videntur
1259 921 1441 974 neceffizrii
1457 921 1540 971 ejus,
1572 929 1606 959 et
1625 917 1771 971 reipub-

391 997 469 1034 licce
500 1004 535 1033 et
565 994 667 1046 ipstus
695 993 812 1041 causti,
837 990 1010 1043 proficere
1034 987 1125 1041 poffi’
1139 1007 1150 1033 5
1174 988 1384 1041 plurimum,
1415 996 1457 1025 ut
1481 994 1585 1038 puto,
1617 994 1658 1023 tu
1685 997 1772 1036 quo-

394 1075 471 1113 que,
502 1059 599 1110 cujus
618 1059 674 1096 ille
693 1065 801 1095 tanta
821 1057 950 1094 merita
970 1054 1090 1098 hahet,
1120 1062 1257 1106 quanta
1276 1067 1384 1096 nemo,
1407 1060 1550 1104 praeter
1569 1064 1621 1088 me
1633 1065 1646 1087 .·
1676 1062 1773 1086 nun-

393 1141 498 1179 quam
518 1125 607 1164 enim
626 1122 825 1175 obliviscar,
855 1121 1009 1160 maxima
1031 1133 1074 1158 ac
1086 1120 1248 1172 plurima
1272 1132 1324 1157 me
1354 1117 1424 1155 tihi
1446 1116 1580 1155 debere.
1627 1116 1691 1154 De
1720 1113 1775 1152 his

392 1191 509 1235 rebus,
541 1199 582 1229 ut
602 1189 757 1241 exigeret
776 1201 854 1226 cum
872 1201 921 1231 eo,
952 1185 1092 1225 Furnio
1111 1184 1295 1224 mandavi.
1332 1183 1489 1235 Qodst,
1520 1190 1693 1234 quantum
1712 1179 1775 1218 de-

393 1257 465 1301 beo,
496 1255 649 1294 habuero
668 1253 768 1306 apud
783 1267 857 1292 eum
877 1251 1142 1295 auffloritatem,
1166 1249 1363 1303 plurimum
1381 1249 1492 1301 ipsum
1497 1249 1646 1300 juvero.
1696 1247 1775 1284 Nos

393 1323 530 1360 interea
550 1319 690 1359 duriore
706 1318 900 1356 conditione
920 1317 1044 1356 bellum
1059 1316 1282 1368 sustinemus,
1313 1313 1406 1367 quod
1428 1328 1536 1365 neque
1565 1310 1775 1365 expeditgffi-

394 1401 485 1426 mam
504 1385 758 1424 dimicationem
772 1392 958 1436 putamus,
989 1396 1097 1433 neque
1116 1390 1234 1419 tamen
1254 1379 1458 1432 refugiendo
1485 1377 1693 1429 commfflari
1702 1376 1775 1429 fit-

394 1467 484 1495 mus,
515 1460 556 1489 ut
575 1449 687 1501 majus
706 1448 955 1486 detrimentum
976 1445 1169 1499 respublica
1197 1445 1355 1497 accipere
1366 1443 1482 1496 poffi't.
1527 1441 1683 1494 Qcodst
1710 1448 1776 1479 aut

395 1517 567 1567 Casarſs’
586 1513 791 1567 respexerit,
822 1523 887 1552 aut
907 1512 1101 1565 Africanae
1119 1510 1265 1563 legiones
1286 1509 1447 1549 celeriter
1468 1508 1649 1551 venerint,
1665 1507 1776 1558 Jecu-

394 1598 452 1621 ros
471 1597 534 1620 vos
554 1581 599 1620 ab
618 1581 686 1618 hac
698 1589 810 1632 parte
828 1579 1020 1617 reddemus.
1068 1575 1138 1622 Tu,
1169 1586 1209 1615 ut
1237 1575 1425 1628 irssituffli,
1455 1589 1507 1613 me
1532 1573 1659 1624 diligas
1677 1585 1778 1625 roga,

390 1647 604 1702 proprieque
623 1656 724 1685 tuum
743 1644 816 1698 effe,
846 1644 916 1683 tibi
925 1643 1153 1697 persuadeas.
1176 1660 1204 1683 V.
1225 1642 1315 1682 Kal.
1337 1643 1438 1681 Sext.
1461 1654 1504 1678 ex
1521 1638 1656 1691 castris,

744 1849 984 1886 CICERO
1026 1848 1271 1884 FURN10
1313 1844 1350 1882 S.
1383 1845 1438 1882 D.

399 1977 530 2015 XXV.
558 1976 637 2045 SI
668 1975 837 2020 interest,
869 1975 909 2012 id
939 1974 1044 2027 quod
1069 1973 1250 2011 homines
1270 1971 1522 2014 arbitrantur,
1553 1968 1781 2022 reipublicae

634 2051 685 2086 te,
710 2051 753 2078 ut
770 2040 971 2078 'instituisti
991 2049 1107 2091 atque
1127 2037 1267 2082 fecisti,
1295 2049 1430 2075 navare
1450 2048 1621 2088 operam,
1645 2033 1779 2072 rebus-

399 2121 474 2159 que
491 2107 688 2150 maximis,
707 2120 792 2157 quae
809 2105 854 2142 ad
871 2104 1153 2156 extinguendas
1170 2103 1352 2155 reliquias
1371 2101 1465 2139 belli
1486 2102 1698 2153 pertinent,
1715 2100 1780 2136 in-

400 2171 554 2215 teresse,
588 2170 689 2207 nihil
711 2170 851 2207 videris
873 2169 1030 2214 melius,
1062 2181 1189 2220 neque
1209 2167 1458 2211 laudabilius,
1491 2179 1617 2217 neque
1638 2162 1780 2202 hones-

400 2238 493 2281 tius,
515 2235 640 2273 facere
661 2234 788 2286 poffe:
821 2234 1010 2285 istamque
1031 2246 1188 2285 operam
1209 2241 1332 2276 tuam,
1355 2233 1579 2275 navitatem,
1603 2230 1782 2268 animum

401 2301 438 2337 in
458 2300 757 2352 rempublicam,
773 2299 962 2337 celeritati
979 2309 1153 2351 praeturae
1169 2296 1487 2350 anteponendum
1504 2295 1653 2333 censeo.
1673 2294 1783 2332 Nolo

400 2367 506 2404 enim
528 2375 564 2403 te
586 2367 775 2417 ignorare,
798 2374 984 2417 quantam
1006 2364 1160 2402 laudem
1181 2363 1411 2401 consecutus
1433 2362 1504 2400 sis:
1532 2360 1633 2399 mihi
1653 2358 1779 2402 crede,

400 2431 621 2484 proximam
657 2430 816 2475 Planco,
857 2430 975 2482 idque
1009 2430 1126 2482 ipsius
1163 2429 1299 2467 Planci
1331 2428 1568 2472 testimonio,
1602 2433 1782 2478 praeterea

402 2495 504 2535 fama
519 2495 754 2548 scientiaque
770 2495 965 2534 omnium.
991 2494 1260 2547 Qamobrem
1277 2493 1303 2532 fi
1319 2493 1415 2547 quid
1431 2492 1557 2545 operis
1574 2490 1648 2528 tibi
1663 2488 1781 2527 etiam
