<?xml version="1.0" encoding="UTF-8"?>
<!DOCTYPE html PUBLIC "-//W3C//DTD XHTML 1.0 Transitional//EN"
    "http://www.w3.org/TR/xhtml1/DTD/xhtml1-transitional.dtd">
<html xmlns="http://www.w3.org/1999/xhtml" xml:lang="en" lang="en">
 <head>
  <title>
</title>
<meta http-equiv="Content-Type" content="text/html;charset=utf-8" />
  <meta name='ocr-system' content='tesseract 3.04.00' />
  <meta name='ocr-capabilities' content='ocr_page ocr_carea ocr_par ocr_line ocrx_word'/>
</head>
<body>
  <div class='ocr_page' id='page_1' title='image "./operacumindicibu07ciceuoft_0126.png"; bbox 0 0 2351 2997; ppageno 0'>
   <div class='ocr_carea' id='block_1_1' title="bbox 600 216 1627 261">
    <p class='ocr_par' dir='ltr' id='par_1_1' title="bbox 600 216 1627 261">
     <span class='ocr_line' id='line_1_1' title="bbox 600 216 1627 261; baseline -0.006 -2"><span class='ocrx_word' id='word_1_1' title='bbox 600 221 673 259; x_wconf 83' lang='lat'><em>106</em></span> <span class='ocrx_word' id='word_1_2' title='bbox 942 216 1627 261; x_wconf 87' lang='lat' dir='ltr'><strong>EPISTOLARUM</strong></span> 
     </span>
    </p>
   </div>
   <div class='ocr_carea' id='block_1_2' title="bbox 596 314 1978 504">
    <p class='ocr_par' dir='ltr' id='par_1_2' title="bbox 596 314 1978 504">
     <span class='ocr_line' id='line_1_2' title="bbox 596 314 1978 372; baseline -0.003 -15"><span class='ocrx_word' id='word_1_3' title='bbox 596 320 784 372; x_wconf 88' lang='lat' dir='ltr'>publicis,</span> <span class='ocrx_word' id='word_1_4' title='bbox 807 320 982 372; x_wconf 83' lang='lat' dir='ltr'><em>privatis,</em></span> <span class='ocrx_word' id='word_1_5' title='bbox 1005 317 1237 363; x_wconf 78' lang='lat' dir='ltr'><em>forenfibus,</em></span> <span class='ocrx_word' id='word_1_6' title='bbox 1260 318 1496 362; x_wconf 81' lang='lat' dir='ltr'><em>domesticis,</em></span> <span class='ocrx_word' id='word_1_7' title='bbox 1516 317 1609 362; x_wconf 81' lang='lat' dir='ltr'><em>tuis,</em></span> <span class='ocrx_word' id='word_1_8' title='bbox 1632 317 1864 360; x_wconf 83' lang='lat' dir='ltr'><em>amicorum,</em></span> <span class='ocrx_word' id='word_1_9' title='bbox 1887 314 1978 353; x_wconf 90' lang='lat' dir='ltr'><em>hos-</em></span> 
     </span>
     <span class='ocr_line' id='line_1_3' title="bbox 596 381 1978 438; baseline -0.004 -15"><span class='ocrx_word' id='word_1_10' title='bbox 596 386 742 438; x_wconf 84' lang='lat' dir='ltr'><em>pitum,</em></span> <span class='ocrx_word' id='word_1_11' title='bbox 774 386 981 424; x_wconf 85' lang='lat' dir='ltr'><em>clientium</em></span> <span class='ocrx_word' id='word_1_12' title='bbox 1005 393 1179 428; x_wconf 83' lang='lat' dir='ltr'><em>tuorum,</em></span> <span class='ocrx_word' id='word_1_13' title='bbox 1207 384 1390 434; x_wconf 83' lang='lat' dir='ltr'><em>negotiis,</em></span> <span class='ocrx_word' id='word_1_14' title='bbox 1414 393 1472 428; x_wconf 87' lang='lat' dir='ltr'><em>ut,</em></span> <span class='ocrx_word' id='word_1_15' title='bbox 1494 382 1623 435; x_wconf 85' lang='lat' dir='ltr'>quoad</span> <span class='ocrx_word' id='word_1_16' title='bbox 1643 384 1725 435; x_wconf 77' lang='lat' dir='ltr'><em>ejus</em></span> <span class='ocrx_word' id='word_1_17' title='bbox 1747 382 1830 419; x_wconf 77' lang='lat' dir='ltr'><em>fieri</em></span> <span class='ocrx_word' id='word_1_18' title='bbox 1851 381 1978 434; x_wconf 84' lang='lat' dir='ltr'><em>poffit,</em></span> 
     </span>
     <span class='ocr_line' id='line_1_4' title="bbox 597 448 1790 504; baseline -0.004 -14"><span class='ocrx_word' id='word_1_19' title='bbox 597 451 805 504; x_wconf 74' lang='lat' dir='ltr'><em>prael&#39;entiae</em></span> <span class='ocrx_word' id='word_1_20' title='bbox 828 461 901 489; x_wconf 84' lang='lat' dir='ltr'><em>tuae</em></span> <span class='ocrx_word' id='word_1_21' title='bbox 922 448 1152 487; x_wconf 81' lang='lat' dir='ltr'>defiderium</span> <span class='ocrx_word' id='word_1_22' title='bbox 1173 461 1261 486; x_wconf 85' lang='lat' dir='ltr'><em>meo</em></span> <span class='ocrx_word' id='word_1_23' title='bbox 1283 448 1412 486; x_wconf 79' lang='lat' dir='ltr'><em>labore</em></span> <span class='ocrx_word' id='word_1_24' title='bbox 1433 448 1647 486; x_wconf 82' lang='lat' dir='ltr'><em>minuatur.</em></span> <span class='ocrx_word' id='word_1_25' title='bbox 1680 448 1790 486; x_wconf 84' lang='lat' dir='ltr'>Vale.</span> 
     </span>
    </p>
   </div>
   <div class='ocr_carea' id='block_1_3' title="bbox 735 650 1840 691">
    <p class='ocr_par' dir='ltr' id='par_1_3' title="bbox 735 650 1840 691">
     <span class='ocr_line' id='line_1_5' title="bbox 735 650 1840 691; baseline -0.003 -2"><span class='ocrx_word' id='word_1_26' title='bbox 735 653 1036 691; x_wconf 80' lang='lat' dir='ltr'>VATINIUS</span> <span class='ocrx_word' id='word_1_27' title='bbox 1072 653 1196 690; x_wconf 82' lang='grc' dir='ltr'>ΙΜΡ.</span> <span class='ocrx_word' id='word_1_28' title='bbox 1230 652 1536 689; x_wconf 73' lang='lat' dir='ltr'><strong>CICERONI</strong></span> <span class='ocrx_word' id='word_1_29' title='bbox 1573 662 1673 687; x_wconf 79' lang='lat' dir='ltr'><em>suo</em></span> <span class='ocrx_word' id='word_1_30' title='bbox 1715 650 1752 687; x_wconf 89' lang='lat' dir='ltr'><em>S.</em></span> <span class='ocrx_word' id='word_1_31' title='bbox 1787 650 1840 686; x_wconf 93' lang='lat' dir='ltr'><em>D.</em></span> 
     </span>
    </p>
   </div>
   <div class='ocr_carea' id='block_1_4' title="bbox 582 775 2040 2082">
    <p class='ocr_par' dir='ltr' id='par_1_4' title="bbox 599 775 1977 831">
     <span class='ocr_line' id='line_1_6' title="bbox 599 775 1977 831; baseline -0.004 -13"><span class='ocrx_word' id='word_1_32' title='bbox 599 781 673 818; x_wconf 89' lang='lat' dir='ltr'><em>IX.</em></span> <span class='ocrx_word' id='word_1_33' title='bbox 759 782 787 819; x_wconf 91' lang='lat' dir='ltr'><em>I</em></span> <span class='ocrx_word' id='word_1_34' title='bbox 808 781 919 825; x_wconf 81' lang='lat' dir='ltr'><em>vales,</em></span> <span class='ocrx_word' id='word_1_35' title='bbox 949 780 1031 820; x_wconf 79' lang='lat' dir='ltr'><em>bene</em></span> <span class='ocrx_word' id='word_1_36' title='bbox 1049 781 1093 826; x_wconf 80' lang='lat' dir='ltr'><em>est</em></span> <span class='ocrx_word' id='word_1_37' title='bbox 1107 797 1121 819; x_wconf 90' lang='lat'><em>.·</em></span> <span class='ocrx_word' id='word_1_38' title='bbox 1152 793 1211 831; x_wconf 82' lang='lat' dir='ltr'><em>ego</em></span> <span class='ocrx_word' id='word_1_39' title='bbox 1241 779 1353 817; x_wconf 85' lang='lat' dir='ltr'><em>valeo.</em></span> <span class='ocrx_word' id='word_1_40' title='bbox 1386 779 1429 816; x_wconf 78' lang='lat' dir='ltr'><em>Si</em></span> <span class='ocrx_word' id='word_1_41' title='bbox 1444 788 1543 816; x_wconf 85' lang='lat' dir='ltr'><em>tuam</em></span> <span class='ocrx_word' id='word_1_42' title='bbox 1562 775 1835 829; x_wconf 79' lang='lat' dir='ltr'><em>confitetudinem</em></span> <span class='ocrx_word' id='word_1_43' title='bbox 1855 777 1891 814; x_wconf 86' lang='lat' dir='ltr'><em>in</em></span> <span class='ocrx_word' id='word_1_44' title='bbox 1904 784 1977 828; x_wconf 88' lang='lat' dir='ltr'><em>pa-</em></span> 
     </span>
    </p>

    <p class='ocr_par' dir='ltr' id='par_1_5' title="bbox 582 842 2040 2082">
     <span class='ocr_line' id='line_1_7' title="bbox 775 842 1981 899; baseline -0.004 -15"><span class='ocrx_word' id='word_1_45' title='bbox 775 847 934 885; x_wconf 60' lang='lat' dir='ltr'><em>trociniis⁸</em></span> <span class='ocrx_word' id='word_1_46' title='bbox 952 846 1088 886; x_wconf 84' lang='lat' dir='ltr'><em>tuendis</em></span> <span class='ocrx_word' id='word_1_47' title='bbox 1092 848 1242 899; x_wconf 77' lang='lat' dir='ltr'><em>strvas‚</em></span> <span class='ocrx_word' id='word_1_48' title='bbox 1274 845 1323 882; x_wconf 89' lang='lat' dir='ltr'><em>P.</em></span> <span class='ocrx_word' id='word_1_49' title='bbox 1348 844 1514 883; x_wconf 84' lang='lat' dir='ltr'><em>Vatinius</em></span> <span class='ocrx_word' id='word_1_50' title='bbox 1533 844 1637 882; x_wconf 80' lang='lat' dir='ltr'><em>cliens</em></span> <span class='ocrx_word' id='word_1_51' title='bbox 1654 842 1815 886; x_wconf 78' lang='lat' dir='ltr'><em>advenit,</em></span> <span class='ocrx_word' id='word_1_52' title='bbox 1839 842 1902 895; x_wconf 86' lang='lat' dir='ltr'><em>qui</em></span> <span class='ocrx_word' id='word_1_53' title='bbox 1910 851 1981 894; x_wconf 86' lang='lat' dir='ltr'><em>pro</em></span> 
     </span>
     <span class='ocr_line' id='line_1_8' title="bbox 584 907 1980 966; baseline -0.005 -15"><span class='ocrx_word' id='word_1_54' title='bbox 584 910 629 963; x_wconf 64' lang='lat' dir='ltr'><em>J}</em></span> <span class='ocrx_word' id='word_1_55' title='bbox 653 914 790 966; x_wconf 74' lang='lat' dir='ltr'><em>caustnn</em></span> <span class='ocrx_word' id='word_1_56' title='bbox 818 912 926 951; x_wconf 78' lang='lat' dir='ltr'><em>dicier</em></span> <span class='ocrx_word' id='word_1_57' title='bbox 949 913 1046 952; x_wconf 84' lang='lat' dir='ltr'><em>vult.</em></span> <span class='ocrx_word' id='word_1_58' title='bbox 1094 913 1194 956; x_wconf 90' lang='lat' dir='ltr'><em>Non,</em></span> <span class='ocrx_word' id='word_1_59' title='bbox 1218 919 1323 962; x_wconf 83' lang='lat' dir='ltr'><em>puto,</em></span> <span class='ocrx_word' id='word_1_60' title='bbox 1354 909 1554 963; x_wconf 63' lang='lat' dir='ltr'><em>repudiabis</em></span> <span class='ocrx_word' id='word_1_61' title='bbox 1583 909 1619 947; x_wconf 80' lang='lat' dir='ltr'><em>in</em></span> <span class='ocrx_word' id='word_1_62' title='bbox 1648 909 1788 953; x_wconf 83' lang='lat' dir='ltr'><em>honore,</em></span> <span class='ocrx_word' id='word_1_63' title='bbox 1820 923 1918 961; x_wconf 84' lang='lat' dir='ltr'><em>quem</em></span> <span class='ocrx_word' id='word_1_64' title='bbox 1943 907 1980 944; x_wconf 86' lang='lat' dir='ltr'><em>in</em></span> 
     </span>
     <span class='ocr_line' id='line_1_9' title="bbox 589 975 1980 1031; baseline -0.004 -14"><span class='ocrx_word' id='word_1_65' title='bbox 589 979 749 1030; x_wconf 82' lang='lat' dir='ltr'><em>periculo</em></span> <span class='ocrx_word' id='word_1_66' title='bbox 779 979 945 1031; x_wconf 74' lang='lat' dir='ltr'><em>recepssi.</em></span> <span class='ocrx_word' id='word_1_67' title='bbox 990 980 1069 1031; x_wconf 86' lang='lat' dir='ltr'><em>Ego</em></span> <span class='ocrx_word' id='word_1_68' title='bbox 1098 987 1217 1016; x_wconf 86' lang='lat' dir='ltr'><em>autem</em></span> <span class='ocrx_word' id='word_1_69' title='bbox 1244 990 1342 1029; x_wconf 83' lang='lat' dir='ltr'><em>quem</em></span> <span class='ocrx_word' id='word_1_70' title='bbox 1364 976 1486 1028; x_wconf 84' lang='lat' dir='ltr'><em>potius</em></span> <span class='ocrx_word' id='word_1_71' title='bbox 1512 975 1685 1026; x_wconf 85' lang='lat' dir='ltr'><em>adoptem,</em></span> <span class='ocrx_word' id='word_1_72' title='bbox 1715 983 1782 1012; x_wconf 86' lang='lat' dir='ltr'><em>aut</em></span> <span class='ocrx_word' id='word_1_73' title='bbox 1810 975 1980 1017; x_wconf 87' lang='lat' dir='ltr'><em>invocem,</em></span> 
     </span>
     <span class='ocr_line' id='line_1_10' title="bbox 598 1039 1986 1098; baseline -0.005 -15"><span class='ocrx_word' id='word_1_74' title='bbox 598 1059 703 1097; x_wconf 87' lang='lat' dir='ltr'><em>quam</em></span> <span class='ocrx_word' id='word_1_75' title='bbox 736 1045 846 1089; x_wconf 86' lang='lat' dir='ltr'><em>illum,</em></span> <span class='ocrx_word' id='word_1_76' title='bbox 878 1060 942 1098; x_wconf 88' lang='lat' dir='ltr'><em>quo</em></span> <span class='ocrx_word' id='word_1_77' title='bbox 974 1044 1175 1096; x_wconf 66' lang='lat' dir='ltr'><em>defi’ndente</em></span> <span class='ocrx_word' id='word_1_78' title='bbox 1205 1043 1348 1081; x_wconf 81' lang='lat' dir='ltr'><em>vincere</em></span> <span class='ocrx_word' id='word_1_79' title='bbox 1381 1042 1489 1080; x_wconf 60' lang='lat' dir='ltr'><em>dzklici</em></span> <span class='ocrx_word' id='word_1_80' title='bbox 1502 1041 1522 1079; x_wconf 65' lang='grc' dir='ltr'><em>,ἲ</em></span> <span class='ocrx_word' id='word_1_81' title='bbox 1562 1042 1628 1079; x_wconf 90' lang='lat' dir='ltr'><em>An</em></span> <span class='ocrx_word' id='word_1_82' title='bbox 1658 1055 1803 1085; x_wconf 82' lang='lat' dir='ltr'><em>verear,</em></span> <span class='ocrx_word' id='word_1_83' title='bbox 1834 1054 1890 1085; x_wconf 88' lang='lat' dir='ltr'><em>ne,</em></span> <span class='ocrx_word' id='word_1_84' title='bbox 1922 1039 1986 1092; x_wconf 86' lang='lat' dir='ltr'><em>qui</em></span> 
     </span>
     <span class='ocr_line' id='line_1_11' title="bbox 590 1106 1981 1162; baseline -0.004 -13"><span class='ocrx_word' id='word_1_85' title='bbox 590 1111 903 1162; x_wconf 63' lang='lat' dir='ltr'><em>potentgffimorum</em></span> <span class='ocrx_word' id='word_1_86' title='bbox 921 1110 1097 1148; x_wconf 85' lang='lat' dir='ltr'><em>hominum</em></span> <span class='ocrx_word' id='word_1_87' title='bbox 1123 1108 1412 1161; x_wconf 76' lang='lat' dir='ltr'><em>conspirationem</em></span> <span class='ocrx_word' id='word_1_88' title='bbox 1437 1107 1631 1159; x_wconf 78' lang='lat' dir='ltr'><em>neglexerit</em></span> <span class='ocrx_word' id='word_1_89' title='bbox 1654 1115 1724 1159; x_wconf 83' lang='lat' dir='ltr'><em>pro</em></span> <span class='ocrx_word' id='word_1_90' title='bbox 1753 1119 1827 1144; x_wconf 86' lang='lat' dir='ltr'><em>mea</em></span> <span class='ocrx_word' id='word_1_91' title='bbox 1842 1106 1981 1159; x_wconf 88' lang='lat' dir='ltr'><em>salute,</em></span> 
     </span>
     <span class='ocr_line' id='line_1_12' title="bbox 597 1171 1982 1228; baseline -0.003 -15"><span class='ocrx_word' id='word_1_92' title='bbox 597 1176 627 1213; x_wconf 86' lang='lat' dir='ltr'><em>is</em></span> <span class='ocrx_word' id='word_1_93' title='bbox 646 1185 716 1228; x_wconf 89' lang='lat' dir='ltr'><em>pro</em></span> <span class='ocrx_word' id='word_1_94' title='bbox 735 1176 862 1214; x_wconf 81' lang='lat' dir='ltr'><em>honore</em></span> <span class='ocrx_word' id='word_1_95' title='bbox 889 1190 957 1214; x_wconf 87' lang='lat' dir='ltr'><em>meo</em></span> <span class='ocrx_word' id='word_1_96' title='bbox 978 1175 1182 1227; x_wconf 71' lang='lat' dir='ltr'><em>pzfillorum</em></span> <span class='ocrx_word' id='word_1_97' title='bbox 1207 1188 1252 1212; x_wconf 88' lang='lat' dir='ltr'><em>ac</em></span> <span class='ocrx_word' id='word_1_98' title='bbox 1280 1173 1528 1211; x_wconf 84' lang='lat' dir='ltr'><em>malevolorum</em></span> <span class='ocrx_word' id='word_1_99' title='bbox 1557 1171 1827 1210; x_wconf 66' lang='lat' dir='ltr'><em>obtrectationes</em></span> <span class='ocrx_word' id='word_1_100' title='bbox 1855 1180 1892 1210; x_wconf 86' lang='lat' dir='ltr'><em>et</em></span> <span class='ocrx_word' id='word_1_101' title='bbox 1922 1172 1982 1209; x_wconf 88' lang='lat' dir='ltr'><em>in-</em></span> 
     </span>
     <span class='ocr_line' id='line_1_13' title="bbox 598 1237 1979 1294; baseline -0.004 -15"><span class='ocrx_word' id='word_1_102' title='bbox 598 1241 715 1279; x_wconf 84' lang='lat' dir='ltr'><em>vidias</em></span> <span class='ocrx_word' id='word_1_103' title='bbox 747 1256 814 1279; x_wconf 89' lang='lat' dir='ltr'><em>non</em></span> <span class='ocrx_word' id='word_1_104' title='bbox 842 1241 1046 1294; x_wconf 81' lang='lat' dir='ltr'><em>prosternat</em></span> <span class='ocrx_word' id='word_1_105' title='bbox 1083 1249 1190 1293; x_wconf 85' lang='lat' dir='ltr'><em>atque</em></span> <span class='ocrx_word' id='word_1_106' title='bbox 1222 1239 1364 1277; x_wconf 88' lang='lat' dir='ltr'><em>obterat</em></span> <span class='ocrx_word' id='word_1_107' title='bbox 1381 1238 1401 1275; x_wconf 65' lang='grc' dir='ltr'><em>ἒ</em></span> <span class='ocrx_word' id='word_1_108' title='bbox 1443 1239 1578 1289; x_wconf 77' lang='lat' dir='ltr'><em>Qare,</em></span> <span class='ocrx_word' id='word_1_109' title='bbox 1599 1238 1643 1288; x_wconf 85' lang='lat' dir='ltr'><em>fi</em></span> <span class='ocrx_word' id='word_1_110' title='bbox 1670 1252 1735 1281; x_wconf 89' lang='lat' dir='ltr'><em>me,</em></span> <span class='ocrx_word' id='word_1_111' title='bbox 1751 1237 1853 1289; x_wconf 80' lang='lat' dir='ltr'><em>ficut</em></span> <span class='ocrx_word' id='word_1_112' title='bbox 1874 1237 1979 1290; x_wconf 87' lang='lat' dir='ltr'><em>soles,</em></span> 
     </span>
     <span class='ocr_line' id='line_1_14' title="bbox 598 1302 1980 1360; baseline -0.004 -15"><span class='ocrx_word' id='word_1_113' title='bbox 598 1322 711 1352; x_wconf 82' lang='lat' dir='ltr'><em>amas,</em></span> <span class='ocrx_word' id='word_1_114' title='bbox 729 1308 868 1360; x_wconf 58' lang='lat' dir='ltr'><em>fifi‘ipe</em></span> <span class='ocrx_word' id='word_1_115' title='bbox 886 1322 938 1345; x_wconf 87' lang='lat' dir='ltr'><em>me</em></span> <span class='ocrx_word' id='word_1_116' title='bbox 957 1316 1070 1345; x_wconf 85' lang='lat' dir='ltr'><em>totum</em></span> <span class='ocrx_word' id='word_1_117' title='bbox 1088 1324 1099 1350; x_wconf 72' lang='grc' dir='ltr'><strong><em>ς</em></strong></span> <span class='ocrx_word' id='word_1_118' title='bbox 1130 1315 1237 1358; x_wconf 85' lang='lat' dir='ltr'><em>atque</em></span> <span class='ocrx_word' id='word_1_119' title='bbox 1255 1305 1318 1343; x_wconf 84' lang='lat' dir='ltr'><em>hoc</em></span> <span class='ocrx_word' id='word_1_120' title='bbox 1337 1303 1508 1357; x_wconf 83' lang='lat' dir='ltr'><em>quidquid</em></span> <span class='ocrx_word' id='word_1_121' title='bbox 1531 1303 1575 1355; x_wconf 72' lang='lat' dir='ltr'><em>est</em></span> <span class='ocrx_word' id='word_1_122' title='bbox 1601 1303 1714 1341; x_wconf 87' lang='lat' dir='ltr'><em>oneris</em></span> <span class='ocrx_word' id='word_1_123' title='bbox 1743 1317 1786 1341; x_wconf 87' lang='lat' dir='ltr'><em>ac</em></span> <span class='ocrx_word' id='word_1_124' title='bbox 1812 1302 1980 1345; x_wconf 87' lang='lat' dir='ltr'><em>muneris,</em></span> 
     </span>
     <span class='ocr_line' id='line_1_15' title="bbox 591 1369 1984 1426; baseline -0.004 -14"><span class='ocrx_word' id='word_1_125' title='bbox 591 1382 663 1426; x_wconf 82' lang='lat' dir='ltr'><em>pro</em></span> <span class='ocrx_word' id='word_1_126' title='bbox 690 1388 765 1411; x_wconf 74' lang='lat' dir='ltr'><em>mea</em></span> <span class='ocrx_word' id='word_1_127' title='bbox 789 1373 978 1425; x_wconf 53' lang='lat' dir='ltr'><em>dignitate,</em></span> <span class='ocrx_word' id='word_1_128' title='bbox 1011 1373 1080 1411; x_wconf 83' lang='lat' dir='ltr'><em>tibi</em></span> <span class='ocrx_word' id='word_1_129' title='bbox 1104 1370 1270 1410; x_wconf 87' lang='lat' dir='ltr'><em>tuendum</em></span> <span class='ocrx_word' id='word_1_130' title='bbox 1295 1385 1338 1409; x_wconf 86' lang='lat' dir='ltr'><em>ac</em></span> <span class='ocrx_word' id='word_1_131' title='bbox 1352 1369 1595 1422; x_wconf 74' lang='lat' dir='ltr'><em>sustinendum</em></span> <span class='ocrx_word' id='word_1_132' title='bbox 1615 1378 1724 1421; x_wconf 85' lang='lat' dir='ltr'><em>puta.</em></span> <span class='ocrx_word' id='word_1_133' title='bbox 1769 1369 1844 1407; x_wconf 83' lang='lat' dir='ltr'><em>Scis</em></span> <span class='ocrx_word' id='word_1_134' title='bbox 1873 1382 1984 1406; x_wconf 86' lang='lat' dir='ltr'><em>meam</em></span> 
     </span>
     <span class='ocr_line' id='line_1_16' title="bbox 584 1434 1982 1491; baseline -0.004 -14"><span class='ocrx_word' id='word_1_135' title='bbox 584 1439 794 1491; x_wconf 81' lang='lat' dir='ltr'><em>fortunam,</em></span> <span class='ocrx_word' id='word_1_136' title='bbox 836 1439 942 1491; x_wconf 55' lang='lat' dir='ltr'><em>nescio</em></span> <span class='ocrx_word' id='word_1_137' title='bbox 976 1437 1148 1491; x_wconf 82' lang='lat' dir='ltr'><em>quomodo,</em></span> <span class='ocrx_word' id='word_1_138' title='bbox 1170 1436 1288 1488; x_wconf 85' lang='lat' dir='ltr'><em>facile</em></span> <span class='ocrx_word' id='word_1_139' title='bbox 1320 1435 1574 1474; x_wconf 64' lang='lat' dir='ltr'><em>obtrectatores</em></span> <span class='ocrx_word' id='word_1_140' title='bbox 1607 1434 1782 1479; x_wconf 83' lang='lat' dir='ltr'><em>invenire,</em></span> <span class='ocrx_word' id='word_1_141' title='bbox 1812 1448 1881 1472; x_wconf 85' lang='lat' dir='ltr'><em>non</em></span> <span class='ocrx_word' id='word_1_142' title='bbox 1912 1448 1982 1471; x_wconf 88' lang='lat' dir='ltr'><em>meo</em></span> 
     </span>
     <span class='ocr_line' id='line_1_17' title="bbox 599 1500 2040 1556; baseline -0.004 -14"><span class='ocrx_word' id='word_1_143' title='bbox 599 1504 733 1556; x_wconf 80' lang='lat' dir='ltr'><em>quidem</em></span> <span class='ocrx_word' id='word_1_144' title='bbox 752 1503 958 1542; x_wconf 82' lang='lat' dir='ltr'><em>mehercules</em></span> <span class='ocrx_word' id='word_1_145' title='bbox 976 1503 1100 1541; x_wconf 82' lang='lat' dir='ltr'><em>merito</em></span> <span class='ocrx_word' id='word_1_146' title='bbox 1117 1519 1130 1540; x_wconf 88' lang='lat'><em>.·</em></span> <span class='ocrx_word' id='word_1_147' title='bbox 1147 1501 1220 1553; x_wconf 78' lang='lat' dir='ltr'><em>st’d</em></span> <span class='ocrx_word' id='word_1_148' title='bbox 1234 1501 1364 1554; x_wconf 80' lang='lat' dir='ltr'><em>quanti</em></span> <span class='ocrx_word' id='word_1_149' title='bbox 1391 1500 1431 1538; x_wconf 82' lang='lat' dir='ltr'><em>id</em></span> <span class='ocrx_word' id='word_1_150' title='bbox 1453 1501 1582 1552; x_wconf 72' lang='lat' dir='ltr'><em>refert,</em></span> <span class='ocrx_word' id='word_1_151' title='bbox 1598 1501 1641 1551; x_wconf 84' lang='lat' dir='ltr'><em>st</em></span> <span class='ocrx_word' id='word_1_152' title='bbox 1666 1509 1782 1538; x_wconf 81' lang='lat' dir='ltr'><em>tamen</em></span> <span class='ocrx_word' id='word_1_153' title='bbox 1798 1500 1889 1551; x_wconf 73' lang='lat' dir='ltr'><em>sato</em></span> <span class='ocrx_word' id='word_1_154' title='bbox 1917 1513 1980 1536; x_wconf 89' lang='lat' dir='ltr'><em>ne-</em></span> <span class='ocrx_word' id='word_1_155' title='bbox 2037 1539 2040 1540; x_wconf 16' lang='lat'><em>⁷</em></span> 
     </span>
     <span class='ocr_line' id='line_1_18' title="bbox 583 1564 1979 1622; baseline -0.004 -14"><span class='ocrx_word' id='word_1_156' title='bbox 583 1570 661 1622; x_wconf 67' lang='lat' dir='ltr'><em>scio</em></span> <span class='ocrx_word' id='word_1_157' title='bbox 681 1584 745 1622; x_wconf 87' lang='lat' dir='ltr'><em>quo</em></span> <span class='ocrx_word' id='word_1_158' title='bbox 763 1569 892 1608; x_wconf 86' lang='lat' dir='ltr'><em>accidit</em></span> <span class='ocrx_word' id='word_1_159' title='bbox 909 1570 929 1607; x_wconf 62' lang='grc' dir='ltr'><em>,ἲ</em></span> <span class='ocrx_word' id='word_1_160' title='bbox 960 1569 1003 1607; x_wconf 87' lang='lat' dir='ltr'><em>Si</em></span> <span class='ocrx_word' id='word_1_161' title='bbox 1020 1569 1083 1621; x_wconf 84' lang='lat' dir='ltr'><em>qui</em></span> <span class='ocrx_word' id='word_1_162' title='bbox 1083 1568 1191 1620; x_wconf 70' lang='lat' dir='ltr'><em>sorte</em></span> <span class='ocrx_word' id='word_1_163' title='bbox 1193 1567 1334 1618; x_wconf 86' lang='lat' dir='ltr'><em>suerit,</em></span> <span class='ocrx_word' id='word_1_164' title='bbox 1366 1566 1430 1618; x_wconf 84' lang='lat' dir='ltr'><em>qui</em></span> <span class='ocrx_word' id='word_1_165' title='bbox 1450 1566 1575 1618; x_wconf 69' lang='lat' dir='ltr'><em>nostra?</em></span> <span class='ocrx_word' id='word_1_166' title='bbox 1601 1565 1775 1617; x_wconf 82' lang='lat' dir='ltr'><em>dignitati</em></span> <span class='ocrx_word' id='word_1_167' title='bbox 1791 1564 1890 1618; x_wconf 75' lang='lat' dir='ltr'><em>ohcffi</em></span> <span class='ocrx_word' id='word_1_168' title='bbox 1912 1579 1979 1603; x_wconf 84' lang='lat' dir='ltr'><em>ve-</em></span> 
     </span>
     <span class='ocr_line' id='line_1_19' title="bbox 595 1620 1981 1687; baseline -0.004 -14"><span class='ocrx_word' id='word_1_169' title='bbox 595 1635 652 1678; x_wconf 87' lang='lat' dir='ltr'><em>lit,</em></span> <span class='ocrx_word' id='word_1_170' title='bbox 676 1645 760 1687; x_wconf 79' lang='lat' dir='ltr'><em>peto</em></span> <span class='ocrx_word' id='word_1_171' title='bbox 791 1650 815 1673; x_wconf 88' lang='lat' dir='ltr'><em>a</em></span> <span class='ocrx_word' id='word_1_172' title='bbox 845 1644 894 1678; x_wconf 86' lang='lat' dir='ltr'><em>te,</em></span> <span class='ocrx_word' id='word_1_173' title='bbox 925 1643 966 1672; x_wconf 85' lang='lat' dir='ltr'><em>ut</em></span> <span class='ocrx_word' id='word_1_174' title='bbox 985 1620 1097 1672; x_wconf 40' lang='lat' dir='ltr'><em>‘tuam</em></span> <span class='ocrx_word' id='word_1_175' title='bbox 1127 1631 1401 1686; x_wconf 77' lang='lat' dir='ltr'><em>consuetudinem</em></span> <span class='ocrx_word' id='word_1_176' title='bbox 1431 1640 1466 1669; x_wconf 85' lang='lat' dir='ltr'><em>et</em></span> <span class='ocrx_word' id='word_1_177' title='bbox 1491 1631 1740 1669; x_wconf 78' lang='lat' dir='ltr'><em>liberalitatem</em></span> <span class='ocrx_word' id='word_1_178' title='bbox 1770 1630 1807 1668; x_wconf 85' lang='lat' dir='ltr'><em>in</em></span> <span class='ocrx_word' id='word_1_179' title='bbox 1831 1644 1884 1668; x_wconf 89' lang='lat' dir='ltr'><em>me</em></span> <span class='ocrx_word' id='word_1_180' title='bbox 1914 1629 1981 1668; x_wconf 86' lang='lat' dir='ltr'><em>ab-</em></span> 
     </span>
     <span class='ocr_line' id='line_1_20' title="bbox 582 1695 1982 1752; baseline -0.004 -14"><span class='ocrx_word' id='word_1_181' title='bbox 582 1701 688 1752; x_wconf 67' lang='lat' dir='ltr'><em>sente</em></span> <span class='ocrx_word' id='word_1_182' title='bbox 707 1699 912 1752; x_wconf 66' lang='lat' dir='ltr'><em>defendendo</em></span> <span class='ocrx_word' id='word_1_183' title='bbox 931 1700 1020 1737; x_wconf 83' lang='lat' dir='ltr'><em>mihi</em></span> <span class='ocrx_word' id='word_1_184' title='bbox 1028 1699 1186 1752; x_wconf 75' lang='lat' dir='ltr'><em>praestes.</em></span> <span class='ocrx_word' id='word_1_185' title='bbox 1233 1698 1384 1736; x_wconf 84' lang='lat' dir='ltr'><em>Literas</em></span> <span class='ocrx_word' id='word_1_186' title='bbox 1412 1695 1464 1734; x_wconf 85' lang='lat' dir='ltr'><em>ad</em></span> <span class='ocrx_word' id='word_1_187' title='bbox 1473 1698 1644 1750; x_wconf 70' lang='lat' dir='ltr'><em>senatum</em></span> <span class='ocrx_word' id='word_1_188' title='bbox 1671 1695 1710 1734; x_wconf 85' lang='lat' dir='ltr'><em>de</em></span> <span class='ocrx_word' id='word_1_189' title='bbox 1734 1695 1838 1733; x_wconf 82' lang='lat' dir='ltr'><em>rebus</em></span> <span class='ocrx_word' id='word_1_190' title='bbox 1858 1695 1982 1747; x_wconf 76' lang='lat' dir='ltr'><em>nostris</em></span> 
     </span>
     <span class='ocr_line' id='line_1_21' title="bbox 593 1761 1986 1819; baseline -0.005 -14"><span class='ocrx_word' id='word_1_191' title='bbox 593 1766 709 1818; x_wconf 74' lang='lat' dir='ltr'><em>gestis,</em></span> <span class='ocrx_word' id='word_1_192' title='bbox 752 1781 817 1819; x_wconf 84' lang='lat' dir='ltr'><em>quo</em></span> <span class='ocrx_word' id='word_1_193' title='bbox 850 1767 998 1818; x_wconf 79' lang='lat' dir='ltr'><em>exemplo</em></span> <span class='ocrx_word' id='word_1_194' title='bbox 1027 1766 1199 1818; x_wconf 69' lang='lat' dir='ltr'><em>miss‘ram,</em></span> <span class='ocrx_word' id='word_1_195' title='bbox 1237 1764 1337 1816; x_wconf 66' lang='lat' dir='ltr'><em>infra</em></span> <span class='ocrx_word' id='word_1_196' title='bbox 1372 1763 1443 1801; x_wconf 82' lang='lat' dir='ltr'><em>tibi</em></span> <span class='ocrx_word' id='word_1_197' title='bbox 1464 1762 1664 1815; x_wconf 64' lang='lat' dir='ltr'><em>perscripst.</em></span> <span class='ocrx_word' id='word_1_198' title='bbox 1707 1762 1865 1800; x_wconf 84' lang='lat' dir='ltr'><em>Dicitur</em></span> <span class='ocrx_word' id='word_1_199' title='bbox 1897 1761 1986 1799; x_wconf 80' lang='lat' dir='ltr'><em>mihi</em></span> 
     </span>
     <span class='ocr_line' id='line_1_22' title="bbox 598 1826 1987 1884; baseline -0.003 -16"><span class='ocrx_word' id='word_1_200' title='bbox 598 1833 825 1884; x_wconf 70' lang='lat' dir='ltr'><em>tuusſs’rvus</em></span> <span class='ocrx_word' id='word_1_201' title='bbox 843 1830 1242 1883; x_wconf 75' lang='lat' dir='ltr'><em>anagnostesjugitivus</em></span> <span class='ocrx_word' id='word_1_202' title='bbox 1262 1843 1340 1867; x_wconf 85' lang='lat' dir='ltr'><em>cum</em></span> <span class='ocrx_word' id='word_1_203' title='bbox 1362 1827 1524 1866; x_wconf 62' lang='lat' dir='ltr'><em>Vardaeis</em></span> <span class='ocrx_word' id='word_1_204' title='bbox 1543 1828 1602 1881; x_wconf 76' lang='lat' dir='ltr'><em>effe</em></span> <span class='ocrx_word' id='word_1_205' title='bbox 1619 1842 1632 1865; x_wconf 89' lang='grc'><em>.·</em></span> <span class='ocrx_word' id='word_1_206' title='bbox 1663 1827 1703 1865; x_wconf 85' lang='lat' dir='ltr'><em>de</em></span> <span class='ocrx_word' id='word_1_207' title='bbox 1732 1841 1797 1879; x_wconf 81' lang='lat' dir='ltr'><em>quo</em></span> <span class='ocrx_word' id='word_1_208' title='bbox 1825 1837 1868 1865; x_wconf 85' lang='lat' dir='ltr'><em>tu</em></span> <span class='ocrx_word' id='word_1_209' title='bbox 1897 1826 1987 1865; x_wconf 83' lang='lat' dir='ltr'><em>mihi</em></span> 
     </span>
     <span class='ocr_line' id='line_1_23' title="bbox 598 1893 1983 1948; baseline -0.004 -14"><span class='ocrx_word' id='word_1_210' title='bbox 598 1897 690 1935; x_wconf 81' lang='lat' dir='ltr'><em>nihil</em></span> <span class='ocrx_word' id='word_1_211' title='bbox 703 1897 875 1944; x_wconf 74' lang='lat' dir='ltr'><em>mandasti</em></span> <span class='ocrx_word' id='word_1_212' title='bbox 887 1913 900 1935; x_wconf 89' lang='lat'><em>.·</em></span> <span class='ocrx_word' id='word_1_213' title='bbox 930 1911 990 1948; x_wconf 81' lang='lat' dir='ltr'><em>ego</em></span> <span class='ocrx_word' id='word_1_214' title='bbox 1016 1906 1147 1938; x_wconf 85' lang='lat' dir='ltr'><em>tamen,</em></span> <span class='ocrx_word' id='word_1_215' title='bbox 1179 1905 1282 1932; x_wconf 82' lang='lat' dir='ltr'><em>terra</em></span> <span class='ocrx_word' id='word_1_216' title='bbox 1312 1893 1470 1946; x_wconf 86' lang='lat' dir='ltr'><em>marique</em></span> <span class='ocrx_word' id='word_1_217' title='bbox 1499 1903 1540 1932; x_wconf 90' lang='lat' dir='ltr'><em>ut</em></span> <span class='ocrx_word' id='word_1_218' title='bbox 1571 1893 1852 1946; x_wconf 81' lang='lat' dir='ltr'><em>conquireretur,</em></span> <span class='ocrx_word' id='word_1_219' title='bbox 1877 1901 1983 1944; x_wconf 77' lang='lat' dir='ltr'><em>prce-</em></span> 
     </span>
     <span class='ocr_line' id='line_1_24' title="bbox 600 1958 1982 2015; baseline -0.004 -16"><span class='ocrx_word' id='word_1_220' title='bbox 600 1962 800 2002; x_wconf 82' lang='lat' dir='ltr'><em>mandavi:</em></span> <span class='ocrx_word' id='word_1_221' title='bbox 831 1972 864 2001; x_wconf 85' lang='lat' dir='ltr'><em>et</em></span> <span class='ocrx_word' id='word_1_222' title='bbox 890 1963 1050 2015; x_wconf 65' lang='lat' dir='ltr'><em>profecto</em></span> <span class='ocrx_word' id='word_1_223' title='bbox 1084 1961 1154 1999; x_wconf 83' lang='lat' dir='ltr'><em>tibi</em></span> <span class='ocrx_word' id='word_1_224' title='bbox 1179 1961 1276 1998; x_wconf 84' lang='lat' dir='ltr'><em>illum</em></span> <span class='ocrx_word' id='word_1_225' title='bbox 1309 1960 1497 2012; x_wconf 85' lang='lat' dir='ltr'><em>reperiam,</em></span> <span class='ocrx_word' id='word_1_226' title='bbox 1530 1960 1597 2011; x_wconf 69' lang='lat' dir='ltr'><em>72ss</em></span> <span class='ocrx_word' id='word_1_227' title='bbox 1612 1960 1653 2011; x_wconf 79' lang='lat' dir='ltr'><em>st</em></span> <span class='ocrx_word' id='word_1_228' title='bbox 1682 1959 1719 1996; x_wconf 89' lang='lat' dir='ltr'><em>in</em></span> <span class='ocrx_word' id='word_1_229' title='bbox 1752 1958 1982 1996; x_wconf 79' lang='lat' dir='ltr'><em>Dalmatiam</em></span> 
     </span>
     <span class='ocr_line' id='line_1_25' title="bbox 600 2023 1980 2082; baseline -0.004 -16"><span class='ocrx_word' id='word_1_230' title='bbox 600 2029 784 2082; x_wconf 65' lang='lat' dir='ltr'><em>aufugerit</em></span> <span class='ocrx_word' id='word_1_231' title='bbox 800 2045 813 2067; x_wconf 92' lang='lat'><em>.·</em></span> <span class='ocrx_word' id='word_1_232' title='bbox 843 2039 878 2067; x_wconf 81' lang='lat' dir='ltr'><em>et</em></span> <span class='ocrx_word' id='word_1_233' title='bbox 899 2028 976 2066; x_wconf 82' lang='lat' dir='ltr'><em>inde</em></span> <span class='ocrx_word' id='word_1_234' title='bbox 995 2038 1111 2066; x_wconf 82' lang='lat' dir='ltr'><em>tamen</em></span> <span class='ocrx_word' id='word_1_235' title='bbox 1130 2025 1317 2078; x_wconf 84' lang='lat' dir='ltr'><em>aliquando</em></span> <span class='ocrx_word' id='word_1_236' title='bbox 1336 2040 1471 2063; x_wconf 83' lang='lat' dir='ltr'><em>eruam.</em></span> <span class='ocrx_word' id='word_1_237' title='bbox 1503 2023 1560 2064; x_wconf 83' lang='lat' dir='ltr'><em>‘Tu</em></span> <span class='ocrx_word' id='word_1_238' title='bbox 1578 2040 1638 2064; x_wconf 88' lang='lat' dir='ltr'><em>nos</em></span> <span class='ocrx_word' id='word_1_239' title='bbox 1642 2025 1715 2077; x_wconf 87' lang='lat' dir='ltr'><em>fac</em></span> <span class='ocrx_word' id='word_1_240' title='bbox 1734 2038 1839 2062; x_wconf 84' lang='lat' dir='ltr'><em>ames.</em></span> <span class='ocrx_word' id='word_1_241' title='bbox 1881 2024 1980 2062; x_wconf 85' lang='lat' dir='ltr'><em>Vale.</em></span> 
     </span>
    </p>
   </div>
   <div class='ocr_carea' id='block_1_5' title="bbox 601 2092 1507 2146">
    <p class='ocr_par' dir='ltr' id='par_1_6' title="bbox 601 2092 1507 2146">
     <span class='ocr_line' id='line_1_26' title="bbox 601 2092 1507 2146; baseline -0.002 -14"><span class='ocrx_word' id='word_1_242' title='bbox 601 2092 653 2133; x_wconf 84' lang='lat' dir='ltr'><em>A.</em></span> <span class='ocrx_word' id='word_1_243' title='bbox 675 2096 710 2134; x_wconf 77' lang='lat' dir='ltr'><em>cl.</em></span> <span class='ocrx_word' id='word_1_244' title='bbox 733 2110 774 2134; x_wconf 81' lang='lat' dir='ltr'><em>v.</em></span> <span class='ocrx_word' id='word_1_245' title='bbox 797 2094 873 2133; x_wconf 81' lang='lat' dir='ltr'><em>idus</em></span> <span class='ocrx_word' id='word_1_246' title='bbox 893 2095 1081 2146; x_wconf 77' lang='lat' dir='ltr'><em>Qcintiles,</em></span> <span class='ocrx_word' id='word_1_247' title='bbox 1112 2108 1152 2131; x_wconf 84' lang='lat' dir='ltr'><em>ex</em></span> <span class='ocrx_word' id='word_1_248' title='bbox 1172 2092 1307 2144; x_wconf 65' lang='lat' dir='ltr'><em>cestris,</em></span> <span class='ocrx_word' id='word_1_249' title='bbox 1338 2093 1507 2130; x_wconf 87' lang='lat' dir='ltr'><em>Narona.</em></span> 
     </span>
    </p>
   </div>
   <div class='ocr_carea' id='block_1_6' title="bbox 782 2289 1805 2331">
    <p class='ocr_par' dir='ltr' id='par_1_7' title="bbox 782 2289 1805 2331">
     <span class='ocr_line' id='line_1_27' title="bbox 782 2289 1805 2331; baseline -0.005 0"><span class='ocrx_word' id='word_1_250' title='bbox 782 2294 827 2331; x_wconf 87' lang='lat' dir='ltr'><em>P.</em></span> <span class='ocrx_word' id='word_1_251' title='bbox 860 2294 1161 2331; x_wconf 80' lang='lat' dir='ltr'>VAT1N1US</span> <span class='ocrx_word' id='word_1_252' title='bbox 1196 2294 1501 2330; x_wconf 75' lang='lat' dir='ltr'><em>ClcERoNl</em></span> <span class='ocrx_word' id='word_1_253' title='bbox 1538 2303 1638 2328; x_wconf 86' lang='lat' dir='ltr'><em>suo</em></span> <span class='ocrx_word' id='word_1_254' title='bbox 1680 2290 1718 2328; x_wconf 81' lang='lat' dir='ltr'><em>S.</em></span> <span class='ocrx_word' id='word_1_255' title='bbox 1750 2289 1805 2326; x_wconf 88' lang='lat' dir='ltr'><em>D.</em></span> 
     </span>
    </p>
   </div>
   <div class='ocr_carea' id='block_1_7' title="bbox 603 2411 1983 2494">
    <p class='ocr_par' dir='ltr' id='par_1_8' title="bbox 603 2411 1983 2494">
     <span class='ocr_line' id='line_1_28' title="bbox 603 2411 1983 2494; baseline -0.005 -37"><span class='ocrx_word' id='word_1_256' title='bbox 603 2421 653 2458; x_wconf 90' lang='lat' dir='ltr'><em>X.</em></span> <span class='ocrx_word' id='word_1_257' title='bbox 669 2421 768 2494; x_wconf 79' lang='lat' dir='ltr'><em>SI</em></span> <span class='ocrx_word' id='word_1_258' title='bbox 789 2420 900 2463; x_wconf 81' lang='lat' dir='ltr'><em>vales,</em></span> <span class='ocrx_word' id='word_1_259' title='bbox 930 2418 1013 2457; x_wconf 81' lang='lat' dir='ltr'><em>bene</em></span> <span class='ocrx_word' id='word_1_260' title='bbox 1031 2418 1075 2470; x_wconf 73' lang='lat' dir='ltr'><em>est</em></span> <span class='ocrx_word' id='word_1_261' title='bbox 1093 2434 1106 2456; x_wconf 95' lang='grc'><em>.·</em></span> <span class='ocrx_word' id='word_1_262' title='bbox 1137 2434 1196 2471; x_wconf 83' lang='lat' dir='ltr'><em>ego</em></span> <span class='ocrx_word' id='word_1_263' title='bbox 1216 2418 1349 2471; x_wconf 62' lang='lat' dir='ltr'><em>quidem</em></span> <span class='ocrx_word' id='word_1_264' title='bbox 1367 2419 1480 2457; x_wconf 82' lang='lat' dir='ltr'><em>valeo.</em></span> <span class='ocrx_word' id='word_1_265' title='bbox 1522 2417 1585 2455; x_wconf 92' lang='lat' dir='ltr'><em>De</em></span> <span class='ocrx_word' id='word_1_266' title='bbox 1604 2415 1770 2468; x_wconf 80' lang='lat' dir='ltr'><em>Dionysio</em></span> <span class='ocrx_word' id='word_1_267' title='bbox 1789 2423 1850 2454; x_wconf 90' lang='lat' dir='ltr'><em>tuo</em></span> <span class='ocrx_word' id='word_1_268' title='bbox 1867 2411 1983 2451; x_wconf 83' lang='lat' dir='ltr'><em>adhuc</em></span> 
     </span>
    </p>
   </div>
   <div class='ocr_carea' id='block_1_8' title="bbox 747 2476 1986 2537">
    <p class='ocr_par' dir='ltr' id='par_1_9' title="bbox 747 2476 1986 2537">
     <span class='ocr_line' id='line_1_29' title="bbox 747 2476 1986 2537; baseline -0.006 -14"><span class='ocrx_word' id='word_1_269' title='bbox 747 2485 840 2524; x_wconf 82' lang='lat' dir='ltr'><em>nihil</em></span> <span class='ocrx_word' id='word_1_270' title='bbox 853 2485 988 2523; x_wconf 82' lang='lat' dir='ltr'><em>extrico</em></span> <span class='ocrx_word' id='word_1_271' title='bbox 1002 2499 1015 2523; x_wconf 89' lang='lat'><em>:</em></span> <span class='ocrx_word' id='word_1_272' title='bbox 1038 2494 1072 2522; x_wconf 88' lang='lat' dir='ltr'><em>et</em></span> <span class='ocrx_word' id='word_1_273' title='bbox 1091 2499 1126 2523; x_wconf 89' lang='lat' dir='ltr'><em>eo</em></span> <span class='ocrx_word' id='word_1_274' title='bbox 1144 2485 1271 2530; x_wconf 83' lang='lat' dir='ltr'><em>minus,</em></span> <span class='ocrx_word' id='word_1_275' title='bbox 1295 2483 1388 2537; x_wconf 83' lang='lat' dir='ltr'><em>quod</em></span> <span class='ocrx_word' id='word_1_276' title='bbox 1401 2498 1453 2522; x_wconf 88' lang='lat' dir='ltr'><em>me</em></span> <span class='ocrx_word' id='word_1_277' title='bbox 1456 2483 1588 2536; x_wconf 79' lang='lat' dir='ltr'><em>frigus</em></span> <span class='ocrx_word' id='word_1_278' title='bbox 1608 2480 1872 2524; x_wconf 85' lang='lat' dir='ltr'><em>Dalmaticum,</em></span> <span class='ocrx_word' id='word_1_279' title='bbox 1894 2476 1986 2531; x_wconf 86' lang='lat' dir='ltr'><em>quod</em></span> 
     </span>
    </p>
   </div>
  </div>
 </body>
</html>
