2351 2997
594 241 685 278 AD
744 238 1208 276 FAMILIARES
1269 237 1415 276 LIB.'
1451 238 1567 276 XIII.
1697 254 1769 275 ⁶—,-=

1695 271 1759 294 >ss

393 334 698 373 familiaritatem
723 345 762 372 et
788 334 1078 372 consuetudinis
1104 335 1344 380 suavitatem,
1377 345 1461 374 tum
1483 338 1587 389 quod
1609 340 1768 377 consilio

393 402 477 451 ejus
504 400 610 437 fideli
639 413 682 437 ac
710 400 814 438 bono
844 400 1010 438 libenter
1038 401 1185 439 utebar.
1233 401 1304 438 Sed
1326 415 1470 446 vereor,
1503 405 1647 455 nejam
1669 404 1768 442 mihi

394 464 579 516 superefl'e
598 465 713 503 verba
732 475 859 517 putes,
891 479 975 517 quae
997 465 1168 503 dixeram
1190 465 1383 504 defutura.
1426 468 1673 506 Commendo
1695 470 1768 506 tibi

394 529 614 575 hominem,
646 531 741 568 ficut
762 531 967 582 intelligis,
990 545 1066 575 me,
1089 531 1135 568 de
1156 545 1234 583 quo
1255 545 1296 568 ea
1317 531 1426 583 supra
1447 532 1677 585 scripserim,
1700 535 1769 572 de-

395 595 484 632 bere
522 595 822 640 commendare;
868 609 888 633 a
922 605 1036 647 teque
1069 595 1317 633 vehementer
1351 597 1468 634 etiam
1502 608 1617 650 atque
1652 600 1769 637 eriam

393 670 499 712 peto,
532 671 589 704 ut,
612 661 717 712 quod
737 660 854 698 habet
874 661 915 697 in
938 669 1003 697 tua
1024 661 1222 711 provincia
1243 661 1406 711 negotii,
1428 664 1606 714 expedias
1624 679 1631 701 :
1664 665 1770 715 quod

393 725 468 762 tibi
497 726 693 763 videbitur
719 726 867 761 rectum
898 724 984 768 effe,
1015 725 1083 777 ipsi
1117 725 1235 762 dicas.
1281 725 1500 764 Hominem
1532 727 1769 767 facillimum

393 790 781 839 liberaliffimumque
802 789 1024 842 cognosces.
1059 791 1195 842 Itaque
1216 800 1253 828 te
1274 803 1382 842 rog0‚
1406 800 1449 828 ut
1469 806 1560 830 eum
1582 793 1767 837 solutum,

393 855 578 899 liberum,
610 853 796 892 confectis
819 856 900 906 ejus
922 856 1089 906 negotiis
1110 869 1178 907 per
1199 865 1249 900 te,
1281 869 1400 907 quam
1431 858 1603 909 primum
1634 858 1680 895 ad
1708 873 1769 897 me

394 920 581 958 remittas.
617 919 659 957 Id
681 918 780 957 mihi
803 919 989 971 fratrique
1011 933 1098 958 meo
1118 920 1374 972 gratissimum
1397 920 1548 962 feceris.
1582 923 1692 962 Vale.

599 1121 662 1159 M.
696 1123 748 1160 T.
783 1122 831 1160 C.
864 1123 908 1160 P.
943 1122 1138 1166 SILIO,
1179 1122 1397 1161 PRor‘R.
1441 1124 1478 1162 S.
1512 1124 1565 1161 D.

395 1250 546 1288 LXIV.
572 1249 656 1321 N
673 1252 705 1288 E
723 1251 758 1287 R
775 1251 810 1287 O
841 1263 950 1288 meus
983 1250 1166 1288 mirificas
1197 1251 1297 1303 apud
1328 1265 1391 1290 me
1418 1251 1491 1290 tibi
1513 1252 1652 1302 gratias
1673 1253 1768 1304 egit,

687 1314 839 1366 prorsus
861 1314 1125 1358 incredibiles,
1155 1324 1197 1352 ut
1218 1316 1373 1354 nullum
1394 1314 1584 1353 honorem
1606 1317 1676 1354 fibi
1696 1317 1768 1354 ha-

393 1380 477 1417 beri
511 1379 675 1432 potuiffe
707 1380 865 1424 diceret,
897 1380 966 1431 qui
998 1393 1018 1417 a
1049 1388 1085 1416 te
1116 1381 1387 1432 praetermiffus
1420 1381 1522 1419 effet.
1574 1382 1770 1433 Magnum

393 1445 567 1483 fruitum
589 1459 635 1484 ex
656 1445 738 1498 ipso
759 1445 884 1497 capies
902 1460 910 1483 :
935 1444 1036 1482 nihil
1057 1443 1110 1482 est
1130 1446 1237 1483 enim
1257 1446 1327 1484 illo
1348 1446 1587 1484 adolescente
1607 1448 1769 1499 gratius.

396 1511 468 1549 Sed
488 1510 712 1549 mehercule
741 1510 842 1548 mihi
870 1524 1028 1562 quoque
1056 1510 1315 1562 gratiffimum
1336 1510 1487 1549 fecisti:
1520 1512 1643 1564 pluris
1664 1514 1773 1550 enim

394 1590 441 1614 ex
462 1577 571 1614 omni
593 1576 797 1613 nobilitate
817 1575 1015 1613 neminem
1037 1574 1152 1614 facio.
1200 1577 1350 1629 Itaque,
1382 1576 1407 1614 fi
1437 1590 1480 1614 ea
1503 1575 1654 1622 feceris,
1686 1591 1772 1629 quae

395 1642 462 1679 ille
491 1655 559 1694 per
578 1655 641 1679 me
662 1651 793 1679 tecum
814 1641 876 1692 agi
896 1641 1036 1686 voluit,
1066 1641 1324 1692 gratiffimum
1353 1640 1454 1680 mihi
1483 1641 1635 1681 feceris.
1682 1643 1771 1680 Pri-

395 1721 508 1745 mum
529 1706 575 1744 de
597 1706 780 1745 Pausania
800 1705 1071 1750 Alabandensi,
1105 1706 1286 1744 sustentes
1312 1720 1408 1751 rem,
1439 1706 1534 1744 dum
1565 1708 1674 1745 Nero
1702 1721 1770 1745 ve-

396 1773 491 1810 niat.
524 1771 786 1810 Vehementer
805 1773 886 1823 ejus
908 1771 1017 1809 causa
1036 1785 1176 1824 cupere
1196 1786 1286 1810 eum
1308 1772 1510 1810 intellexi:
1543 1772 1673 1824 itaque
1694 1772 1771 1810 hoc

395 1837 504 1887 valde
525 1847 562 1875 te
582 1851 690 1889 rog0.
724 1837 877 1875 Deinde
899 1837 1073 1888 Nysaeos,
1095 1851 1192 1889 quos
1215 1838 1323 1875 Nero
1344 1838 1382 1874 in
1405 1838 1541 1890 primis
1563 1837 1680 1876 habet
1701 1852 1770 1876 ne-

395 1904 582 1948 ceffarios,
601 1903 969 1955 diligentiffimeque
991 1912 1120 1941 tuetur
1136 1917 1178 1940 ac
1199 1902 1389 1947 defendit,
1408 1903 1546 1941 habeas
1569 1904 1642 1942 tibi
1658 1918 1770 1942 com-

395 1969 724 2013 mendatiffimos5
755 1978 797 2006 ut
819 1969 1014 2020 intelligat
1035 1969 1102 2006 illa
1121 1968 1272 2014 civitas,
1295 1969 1365 2006 fibi
1386 1969 1425 2006 in
1448 1969 1617 2007 Neronis
1638 1978 1770 2022 patro-

396 2036 501 2073 cinio
522 2035 719 2072 summum
740 2034 812 2072 effe
831 2035 1064 2087 praesidium.
1102 2035 1331 2072 Strabonem
1354 2034 1560 2072 Servilium
1582 2036 1656 2072 tibi
1676 2035 1772 2087 saepe

395 2101 693 2139 commendavi:
726 2114 831 2138 nunc
852 2114 897 2138 eo
918 2099 1019 2138 facio
1048 2100 1087 2137 id
1117 2101 1341 2152 impensius,
1373 2100 1479 2153 quod
1508 2102 1589 2152 ejus
1620 2101 1772 2142 causam

396 2168 505 2206 Nero
526 2166 704 2218 suscepit.
751 2167 928 2203 Tantum
949 2179 967 2203 a
989 2175 1025 2203 te
1046 2167 1232 2218 petiintls,
1264 2175 1307 2203 ut
1338 2180 1424 2218 agas
1455 2180 1538 2204 eam
1571 2181 1667 2212 rem,
1701 2181 1770 2205 nec

395 2233 590 2284 relinquas
606 2230 809 2269 hominem
832 2231 1081 2268 innocentem
1102 2231 1147 2268 ad
1168 2231 1332 2282 alicujus
1356 2232 1412 2268 tui
1433 2231 1624 2269 dissimilis
1647 2232 1770 2284 quaes-

397 2307 498 2335 tum.
532 2295 576 2333 Id
597 2310 688 2333 cum
710 2306 864 2348 gratum
885 2295 985 2333 mihi
1006 2297 1093 2340 erit,
1126 2305 1212 2333 tum
1232 2296 1349 2333 etiam
1369 2295 1612 2341 existimabo,
1637 2306 1672 2334 te
1692 2295 1769 2334 hu-

397 2361 581 2399 manitate
614 2370 678 2397 tua
706 2360 777 2397 effe
804 2360 931 2398 usum.
978 2361 1137 2399 Summa
1167 2360 1285 2412 hujus
1317 2360 1485 2412 epistolae
1516 2359 1598 2398 haec
1630 2360 1695 2404 est,
1728 2369 1770 2398 ut

397 2439 507 2464 ornes
529 2425 713 2463 omnibus
736 2426 848 2463 rebus
880 2427 1095 2471 Neronem,
1128 2426 1224 2463 ficut
1256 2425 1452 2463 instituisti
1485 2435 1598 2476 atque
1631 2424 1767 2462 fecisti.

397 2492 594 2543 Magnum
615 2490 810 2529 theatrum
841 2491 958 2531 habet
990 2491 1057 2529 ista
1088 2491 1301 2544 provincia,
1333 2504 1411 2528 non
1444 2500 1487 2527 ut
1518 2490 1599 2528 haec
1631 2489 1768 2535 nostra,

485 2558 621 2596 ToM.
654 2555 748 2594 Vn„
1340 2557 1368 2592 B
1399 2555 1423 2591 b
1454 2554 1478 2591 b
