2351 2997
562 249 612 278 22
910 238 1593 282 EPISTOLARUM

562 338 693 378 facilia
714 339 802 379 sunt
823 352 878 383 ea,
898 353 982 391 quae
1000 353 1019 377 a
1039 354 1102 381 me
1123 340 1169 378 de
1186 341 1348 380 Vatinio
1368 352 1406 381 et
1428 343 1473 382 de
1496 345 1626 383 Crasso
1648 346 1830 398 requiris:
1855 361 1945 389 nam

561 405 609 446 de
631 405 764 458 Appio
785 405 891 458 quod
912 405 1063 450 scribis,
1096 406 1207 444 sicuti
1238 406 1284 444 de
1315 409 1474 454 Caesare,
1508 419 1544 448 te
1574 423 1653 449 non
1683 412 1942 465 reprehende-

562 485 629 516 re5
661 471 810 522 gaudeo
831 471 1039 508 confilium
1060 471 1134 508 tibi
1155 472 1310 523 probari
1331 487 1479 513 meum.
1513 476 1575 513 De
1596 477 1756 516 Vatinio
1783 488 1914 519 autem
1929 499 1942 526 ς

559 537 751 589 primum,
784 536 930 574 reditus
959 536 1217 575 intercesserat
1248 538 1289 575 in
1309 541 1473 591 gratiam
1498 555 1566 594 per
1587 543 1838 595 Pompeium,
1869 545 1942 584 sta-

559 602 635 639 tim
656 611 699 639 ut
719 601 787 639 ille
806 612 947 655 praetor
966 602 1018 640 est
1039 601 1188 648 fadum
1222 617 1313 642 cum
1336 605 1496 657 quidem
1513 621 1585 659 ego
1606 609 1688 660 ejus
1709 610 1944 662 petitionem

559 667 787 718 graviffimis
809 668 849 706 in
872 667 1002 706 senatu
1023 669 1224 706 sententiis
1250 672 1544 723 oppugnaffem‚
1576 687 1701 725 neque
1731 684 1811 713 tam
1836 675 1943 714 illius

558 732 724 771 laedendi
745 733 868 778 causa,
900 747 1018 786 quam
1048 734 1283 772 defendendi
1310 745 1425 787 atque
1445 738 1609 776 ornandi
1631 740 1807 779 Catonis.
1855 742 1944 779 Post

557 807 703 843 autem,
729 799 902 844 Caesaris,
934 808 978 837 ut
999 799 1115 837 illum
1136 799 1398 847 defenderem,
1431 804 1528 841 mira
1548 805 1750 843 contentio
1771 807 1824 844 est
1844 820 1941 845 con-

557 863 699 903 secuta.
735 866 816 903 Cur
837 874 968 903 autem
988 865 1193 910 laudarim,
1216 875 1307 918 peto
1328 881 1347 904 a
1368 878 1420 912 te,
1439 878 1482 906 ut
1503 869 1543 906 id
1564 883 1584 907 a
1605 884 1667 908 me
1689 884 1783 909 neve
1803 873 1844 910 in
1864 871 1942 911 hoc

557 944 636 975 reo,
669 945 762 968 neve
782 932 824 968 in
845 932 945 975 aliis,
978 932 1177 984 requiras5
1210 945 1259 970 ne
1287 934 1361 970 tibi
1388 948 1460 986 ego
1491 935 1596 973 idem
1617 950 1816 988 reponam,
1848 952 1942 976 cum

556 997 705 1034 veneris
725 1011 733 1034 :
767 998 916 1034 tametsi
937 997 1090 1049 poffum
1111 998 1170 1035 vel
1192 998 1354 1037 absenti.
1402 1001 1621 1038 Recordare
1641 1004 1764 1045 enim,
1796 1004 1940 1054 quibus

554 1061 820 1100 laudationem
841 1076 889 1100 ex
918 1063 1071 1100 ultimis
1104 1065 1214 1100 terris
1246 1064 1410 1102 miseris.
1455 1066 1541 1102 Nec
1562 1065 1638 1104 hoc
1660 1069 1937 1119 pertimueris;

555 1140 645 1164 nam
674 1140 694 1163 a
723 1141 785 1164 me
813 1127 896 1179 ipso
924 1127 1131 1165 laudantur
1160 1136 1198 1165 et
1229 1128 1493 1167 laudabuntur
1523 1131 1659 1170 iidem.
1703 1133 1776 1170 Sed
1808 1142 1939 1172 tamen

553 1192 790 1230 defendendi
816 1193 967 1230 Vatinii
988 1192 1066 1231 fuit
1087 1195 1205 1231 etiarn
1226 1194 1294 1231 ille
1314 1195 1510 1241 stimulus,
1544 1197 1589 1234 de
1611 1211 1689 1249 quo
1710 1199 1751 1236 in
1767 1199 1938 1251 judicio,

552 1272 647 1296 cum
680 1259 797 1296 illum
832 1258 1106 1304 defenderem,
1139 1259 1222 1297 dixi
1256 1274 1319 1298 me
1354 1260 1479 1299 facere
1513 1263 1724 1314 quiddam,
1755 1265 1861 1316 quod
1896 1267 1938 1303 in

554 1324 751 1363 Eunucho
773 1326 954 1377 parasitus
977 1325 1148 1364 suaderet
1169 1327 1290 1365 militi
1310 1343 1318 1366 :

690 1390 762 1429 Ubi
776 1390 970 1429 nominabit
989 1390 1199 1430 Pha’driam
1215 1408 1229 1430 .·
1259 1401 1302 1430 tu
1321 1393 1549 1446 Pamphilam

689 1456 878 1497 Continuo,
911 1457 954 1495 Si
969 1456 1106 1510 quando
1125 1457 1186 1495 illa
1205 1457 1309 1503 dicet,
1341 1459 1551 1498 Phaeclriam

685 1523 976 1561 thromittamus
995 1522 1204 1576 comgffiztum
1220 1540 1233 1562 .·
1265 1533 1319 1568 tu,
1351 1525 1579 1577 Pamphilam

687 1589 887 1626 Cantatum
898 1599 1142 1641 provocemus.
1175 1590 1218 1628 Si
1232 1590 1394 1629 laudabit
1414 1591 1490 1629 haec

681 1654 785 1692 Illius
788 1654 952 1705 formam
968 1670 981 1692 .·
1012 1664 1053 1692 tu
1072 1654 1177 1706 hujus
1196 1665 1337 1694 contra.
1369 1657 1537 1710 Denique

682 1719 767 1758 Par
778 1720 872 1772 pari
887 1720 1034 1773 referto,
1065 1721 1158 1774 quod
1172 1735 1246 1760 eam
1265 1721 1436 1761 mordeat.

548 1784 610 1822 Sic
631 1785 752 1837 petivi
783 1799 803 1823 a
825 1786 1046 1838 judicibus,
1079 1796 1137 1832 ut,
1169 1788 1357 1839 quoniam
1382 1787 1543 1840 quidam
1564 1787 1715 1826 nobiles
1737 1787 1934 1836 homines,

545 1859 584 1888 et
604 1850 651 1888 de
672 1864 735 1888 me
756 1852 906 1903 optime
926 1852 1073 1897 meriti,
1096 1852 1215 1890 nimis
1238 1862 1411 1891 amarent
1431 1853 1642 1891 inimicum
1664 1867 1822 1900 meum3
1847 1869 1932 1893 me·-

545 1929 621 1968 que
653 1916 906 1969 inspectante,
938 1917 1034 1970 saepe
1063 1932 1154 1956 eum
1183 1919 1225 1956 in
1253 1919 1384 1957 senatu
1406 1919 1525 1957 modo
1547 1919 1670 1957 severe
1692 1919 1931 1966 seducerent,

545 1981 664 2019 modo
685 1981 930 2020 familiariter
950 1992 1066 2035 atque
1087 1983 1210 2022 hilare
1226 1985 1561 2037 amplexarentur3
1585 1985 1851 2038 quoniamque
1871 1987 1933 2024 illi

540 2046 732 2085 haberent
753 2048 866 2085 suum
889 2047 1078 2086 Publium
1097 2068 1108 2094 ;
1142 2049 1276 2087 darent
1297 2049 1396 2088 mihi
1419 2051 1487 2103 ipfi
1509 2051 1630 2088 alium
1653 2051 1858 2096 Publium,
1890 2052 1933 2089 in

542 2126 622 2165 quo
643 2113 787 2166 poffem
810 2114 971 2151 illorum
993 2115 1160 2160 animos,
1192 2116 1443 2154 mediocriter
1469 2116 1675 2161 lacessitus,
1707 2117 1845 2155 leviter
1868 2131 1930 2155 re·-

541 2192 729 2230 pungere.
768 2179 910 2230 Neque
931 2179 1058 2217 solum
1079 2180 1187 2218 dixi:
1221 2180 1283 2218 sed
1305 2182 1421 2218 etiam
1443 2181 1537 2234 saepe
1558 2180 1674 2226 facio,
1698 2182 1772 2219 diis
1793 2182 1928 2220 homi-

541 2243 734 2296 nibusque
750 2245 1072 2297 approbantibus.
1098 2246 1233 2284 Habes
1250 2247 1296 2284 de
1311 2247 1491 2284 Vatinio:
1511 2247 1701 2298 cognosce
1718 2248 1763 2284 de
1782 2248 1926 2286 Craffo.

538 2311 642 2362 Ego,
674 2324 766 2347 cum
799 2310 903 2348 mihi
932 2324 1025 2349 cum
1052 2312 1124 2349 illo
1152 2326 1295 2364 magna
1315 2313 1399 2365 jam
1425 2313 1557 2364 gratiae
1575 2313 1677 2358 esset,
1710 2314 1816 2366 quod
1844 2316 1926 2366 ejus

538 2389 674 2414 omnes
696 2376 929 2428 gravissimas
952 2377 1127 2429 injurias,
1150 2379 1375 2416 communis
1397 2378 1615 2416 concordiae
1637 2379 1760 2424 causa,
1783 2380 1926 2417 volun-

538 2442 633 2479 taria
660 2442 828 2494 quadam
855 2443 1055 2481 oblivione
1086 2444 1361 2489 contriveram,
1394 2445 1639 2496 repentinam
1671 2446 1754 2497 ejus
1787 2444 1924 2482 defen-

537 2507 683 2546 slonem
706 2508 885 2554 Gabinii,
918 2522 1037 2562 quem
1067 2510 1258 2563 proximis
1290 2510 1555 2563 superioribus
1583 2510 1720 2549 diebus
1741 2512 1925 2549 acerrime
