<?xml version="1.0" encoding="UTF-8"?>
<!DOCTYPE html PUBLIC "-//W3C//DTD XHTML 1.0 Transitional//EN"
    "http://www.w3.org/TR/xhtml1/DTD/xhtml1-transitional.dtd">
<html xmlns="http://www.w3.org/1999/xhtml" xml:lang="en" lang="en">
 <head>
  <title>
</title>
<meta http-equiv="Content-Type" content="text/html;charset=utf-8" />
  <meta name='ocr-system' content='tesseract 3.04.00' />
  <meta name='ocr-capabilities' content='ocr_page ocr_carea ocr_par ocr_line ocrx_word'/>
</head>
<body>
  <div class='ocr_page' id='page_1' title='image "./operacumindicibu07ciceuoft_0184.png"; bbox 0 0 2351 2997; ppageno 0'>
   <div class='ocr_carea' id='block_1_1' title="bbox 550 261 1573 313">
    <p class='ocr_par' dir='ltr' id='par_1_1' title="bbox 550 261 1573 313">
     <span class='ocr_line' id='line_1_1' title="bbox 550 261 1573 313; baseline -0.004 -10"><span class='ocrx_word' id='word_1_1' title='bbox 550 264 624 313; x_wconf 78' lang='lat'>164</span> <span class='ocrx_word' id='word_1_2' title='bbox 888 261 1573 302; x_wconf 84' lang='lat' dir='ltr'><strong>EPISTOLARUM</strong></span> 
     </span>
    </p>
   </div>
   <div class='ocr_carea' id='block_1_2' title="bbox 544 358 1919 1000">
    <p class='ocr_par' dir='ltr' id='par_1_2' title="bbox 544 358 1919 1000">
     <span class='ocr_line' id='line_1_2' title="bbox 546 358 1916 415; baseline -0.004 -14"><span class='ocrx_word' id='word_1_3' title='bbox 546 363 776 401; x_wconf 85' lang='lat' dir='ltr'>nesciebam.</span> <span class='ocrx_word' id='word_1_4' title='bbox 801 364 931 415; x_wconf 83' lang='lat' dir='ltr'>Cupio</span> <span class='ocrx_word' id='word_1_5' title='bbox 948 364 1055 407; x_wconf 88' lang='lat' dir='ltr'>scire,</span> <span class='ocrx_word' id='word_1_6' title='bbox 1074 362 1169 414; x_wconf 89' lang='lat' dir='ltr'>quid</span> <span class='ocrx_word' id='word_1_7' title='bbox 1185 375 1286 413; x_wconf 83' lang='lat' dir='ltr'>agaS,</span> <span class='ocrx_word' id='word_1_8' title='bbox 1304 370 1342 398; x_wconf 90' lang='lat' dir='ltr'>et</span> <span class='ocrx_word' id='word_1_9' title='bbox 1358 361 1426 398; x_wconf 93' lang='lat' dir='ltr'>ubi</span> <span class='ocrx_word' id='word_1_10' title='bbox 1443 361 1487 398; x_wconf 79' lang='lat' dir='ltr'>sis</span> <span class='ocrx_word' id='word_1_11' title='bbox 1504 359 1759 398; x_wconf 78' lang='lat' dir='ltr'><strong>hiematurus.</strong></span> <span class='ocrx_word' id='word_1_12' title='bbox 1788 358 1916 410; x_wconf 85' lang='lat' dir='ltr'>Equi-</span> 
     </span>
     <span class='ocr_line' id='line_1_3' title="bbox 546 423 1919 477; baseline -0.004 -12"><span class='ocrx_word' id='word_1_13' title='bbox 546 428 635 466; x_wconf 88' lang='lat' dir='ltr'>dem</span> <span class='ocrx_word' id='word_1_14' title='bbox 653 429 773 467; x_wconf 89' lang='lat' dir='ltr'>velim</span> <span class='ocrx_word' id='word_1_15' title='bbox 794 442 885 466; x_wconf 89' lang='lat' dir='ltr'>cum</span> <span class='ocrx_word' id='word_1_16' title='bbox 907 428 1079 471; x_wconf 74' lang='lat' dir='ltr'>Caesare5</span> <span class='ocrx_word' id='word_1_17' title='bbox 1112 427 1174 464; x_wconf 92' lang='lat' dir='ltr'>sed</span> <span class='ocrx_word' id='word_1_18' title='bbox 1203 427 1249 463; x_wconf 86' lang='lat' dir='ltr'>ad</span> <span class='ocrx_word' id='word_1_19' title='bbox 1278 440 1369 463; x_wconf 91' lang='lat' dir='ltr'>eum</span> <span class='ocrx_word' id='word_1_20' title='bbox 1399 435 1555 477; x_wconf 84' lang='lat' dir='ltr'>propter</span> <span class='ocrx_word' id='word_1_21' title='bbox 1579 426 1660 476; x_wconf 89' lang='lat' dir='ltr'>ejus</span> <span class='ocrx_word' id='word_1_22' title='bbox 1682 423 1919 475; x_wconf 80' lang='lat' dir='ltr'><em>occupationes</em></span> 
     </span>
     <span class='ocr_line' id='line_1_4' title="bbox 544 487 1918 540; baseline -0.004 -9"><span class='ocrx_word' id='word_1_23' title='bbox 544 492 646 530; x_wconf 87' lang='lat' dir='ltr'>nihil</span> <span class='ocrx_word' id='word_1_24' title='bbox 667 493 750 531; x_wconf 89' lang='lat' dir='ltr'>sum</span> <span class='ocrx_word' id='word_1_25' title='bbox 773 493 882 530; x_wconf 85' lang='lat' dir='ltr'>ausus</span> <span class='ocrx_word' id='word_1_26' title='bbox 905 492 1068 529; x_wconf 87' lang='lat' dir='ltr'>scribere</span> <span class='ocrx_word' id='word_1_27' title='bbox 1087 506 1095 528; x_wconf 90' lang='lat'><strong>:</strong></span> <span class='ocrx_word' id='word_1_28' title='bbox 1127 491 1173 528; x_wconf 88' lang='lat' dir='ltr'>ad</span> <span class='ocrx_word' id='word_1_29' title='bbox 1195 490 1362 528; x_wconf 86' lang='lat' dir='ltr'>Balbum</span> <span class='ocrx_word' id='word_1_30' title='bbox 1384 499 1513 527; x_wconf 84' lang='lat' dir='ltr'>tamen</span> <span class='ocrx_word' id='word_1_31' title='bbox 1535 489 1677 540; x_wconf 89' lang='lat' dir='ltr'>scripfi.</span> <span class='ocrx_word' id='word_1_32' title='bbox 1712 491 1778 526; x_wconf 91' lang='lat' dir='ltr'>Tu</span> <span class='ocrx_word' id='word_1_33' title='bbox 1800 487 1918 526; x_wconf 82' lang='lat' dir='ltr'>deeffe</span> 
     </span>
     <span class='ocr_line' id='line_1_5' title="bbox 545 553 1917 609; baseline -0.004 -13"><span class='ocrx_word' id='word_1_34' title='bbox 545 559 619 596; x_wconf 90' lang='lat' dir='ltr'>tibi</span> <span class='ocrx_word' id='word_1_35' title='bbox 642 559 736 596; x_wconf 90' lang='lat' dir='ltr'>noli.</span> <span class='ocrx_word' id='word_1_36' title='bbox 771 559 895 595; x_wconf 85' lang='lat' dir='ltr'>Serius</span> <span class='ocrx_word' id='word_1_37' title='bbox 918 558 1048 609; x_wconf 87' lang='lat' dir='ltr'>potius</span> <span class='ocrx_word' id='word_1_38' title='bbox 1070 556 1116 594; x_wconf 86' lang='lat' dir='ltr'>ad</span> <span class='ocrx_word' id='word_1_39' title='bbox 1137 570 1222 601; x_wconf 89' lang='lat' dir='ltr'>nos,</span> <span class='ocrx_word' id='word_1_40' title='bbox 1254 555 1348 593; x_wconf 89' lang='lat' dir='ltr'>dum</span> <span class='ocrx_word' id='word_1_41' title='bbox 1369 555 1535 607; x_wconf 84' lang='lat' dir='ltr'><strong>plenior.</strong></span> <span class='ocrx_word' id='word_1_42' title='bbox 1583 554 1702 604; x_wconf 84' lang='lat' dir='ltr'>Qod</span> <span class='ocrx_word' id='word_1_43' title='bbox 1726 553 1804 592; x_wconf 91' lang='lat' dir='ltr'>huc</span> <span class='ocrx_word' id='word_1_44' title='bbox 1825 567 1917 606; x_wconf 87' lang='lat' dir='ltr'>pro-</span> 
     </span>
     <span class='ocr_line' id='line_1_6' title="bbox 545 619 1917 675; baseline -0.004 -14"><span class='ocrx_word' id='word_1_45' title='bbox 545 637 667 675; x_wconf 88' lang='lat' dir='ltr'>peres,</span> <span class='ocrx_word' id='word_1_46' title='bbox 691 622 791 660; x_wconf 85' lang='lat' dir='ltr'>nihil</span> <span class='ocrx_word' id='word_1_47' title='bbox 813 623 878 667; x_wconf 88' lang='lat' dir='ltr'>est,</span> <span class='ocrx_word' id='word_1_48' title='bbox 908 623 1116 674; x_wconf 66' lang='lat' dir='ltr'>praesertim</span> <span class='ocrx_word' id='word_1_49' title='bbox 1138 622 1301 659; x_wconf 84' lang='lat' dir='ltr'>Vacerra</span> <span class='ocrx_word' id='word_1_50' title='bbox 1321 629 1492 658; x_wconf 87' lang='lat' dir='ltr'>mortuo.</span> <span class='ocrx_word' id='word_1_51' title='bbox 1526 619 1597 656; x_wconf 85' lang='lat' dir='ltr'>Sed</span> <span class='ocrx_word' id='word_1_52' title='bbox 1619 619 1691 656; x_wconf 90' lang='lat' dir='ltr'>tibi</span> <span class='ocrx_word' id='word_1_53' title='bbox 1713 619 1917 656; x_wconf 86' lang='lat' dir='ltr'>confilium</span> 
     </span>
     <span class='ocr_line' id='line_1_7' title="bbox 545 684 1919 739; baseline -0.005 -13"><span class='ocrx_word' id='word_1_54' title='bbox 545 702 622 726; x_wconf 88' lang='lat' dir='ltr'>non</span> <span class='ocrx_word' id='word_1_55' title='bbox 651 688 765 726; x_wconf 89' lang='lat' dir='ltr'>deest.</span> <span class='ocrx_word' id='word_1_56' title='bbox 810 689 918 739; x_wconf 77' lang='lat' dir='ltr'>Qid</span> <span class='ocrx_word' id='word_1_57' title='bbox 948 687 1207 731; x_wconf 84' lang='lat' dir='ltr'>constitueris,</span> <span class='ocrx_word' id='word_1_58' title='bbox 1239 685 1356 737; x_wconf 88' lang='lat' dir='ltr'>cupio</span> <span class='ocrx_word' id='word_1_59' title='bbox 1386 684 1493 722; x_wconf 90' lang='lat' dir='ltr'>scire.</span> <span class='ocrx_word' id='word_1_60' title='bbox 1538 685 1615 722; x_wconf 87' lang='lat' dir='ltr'>Cn.</span> <span class='ocrx_word' id='word_1_61' title='bbox 1641 684 1840 727; x_wconf 60' lang='lat' dir='ltr'>Offilavius,</span> <span class='ocrx_word' id='word_1_62' title='bbox 1872 696 1919 719; x_wconf 86' lang='lat' dir='ltr'>an</span> 
     </span>
     <span class='ocr_line' id='line_1_8' title="bbox 545 751 1919 806; baseline -0.005 -14"><span class='ocrx_word' id='word_1_63' title='bbox 545 755 622 792; x_wconf 90' lang='lat' dir='ltr'>Cn.</span> <span class='ocrx_word' id='word_1_64' title='bbox 647 755 853 792; x_wconf 88' lang='lat' dir='ltr'>Cornelius</span> <span class='ocrx_word' id='word_1_65' title='bbox 875 754 1049 806; x_wconf 89' lang='lat' dir='ltr'>quidem,</span> <span class='ocrx_word' id='word_1_66' title='bbox 1083 762 1171 790; x_wconf 89' lang='lat' dir='ltr'>tuus</span> <span class='ocrx_word' id='word_1_67' title='bbox 1194 751 1410 795; x_wconf 78' lang='lat' dir='ltr'>familiaris,</span> <span class='ocrx_word' id='word_1_68' title='bbox 1442 751 1594 788; x_wconf 88' lang='lat' dir='ltr'>summo</span> <span class='ocrx_word' id='word_1_69' title='bbox 1623 762 1760 801; x_wconf 84' lang='lat' dir='ltr'>genere</span> <span class='ocrx_word' id='word_1_70' title='bbox 1789 756 1919 792; x_wconf 80' lang='lat' dir='ltr'>natuS,</span> 
     </span>
     <span class='ocr_line' id='line_1_9' title="bbox 545 812 1918 870; baseline -0.005 -13"><span class='ocrx_word' id='word_1_71' title='bbox 545 828 652 857; x_wconf 82' lang='lat' dir='ltr'>terrae</span> <span class='ocrx_word' id='word_1_72' title='bbox 680 819 799 863; x_wconf 88' lang='lat' dir='ltr'>filius,</span> <span class='ocrx_word' id='word_1_73' title='bbox 831 820 862 856; x_wconf 92' lang='lat' dir='ltr'>is</span> <span class='ocrx_word' id='word_1_74' title='bbox 893 831 969 863; x_wconf 89' lang='lat' dir='ltr'>me,</span> <span class='ocrx_word' id='word_1_75' title='bbox 1002 819 1093 870; x_wconf 86' lang='lat' dir='ltr'>quia</span> <span class='ocrx_word' id='word_1_76' title='bbox 1122 817 1192 854; x_wconf 81' lang='lat' dir='ltr'>scit</span> <span class='ocrx_word' id='word_1_77' title='bbox 1213 825 1327 854; x_wconf 87' lang='lat' dir='ltr'>tuum</span> <span class='ocrx_word' id='word_1_78' title='bbox 1348 815 1579 852; x_wconf 78' lang='lat' dir='ltr'>familiarem</span> <span class='ocrx_word' id='word_1_79' title='bbox 1600 814 1685 858; x_wconf 83' lang='lat' dir='ltr'>effe,</span> <span class='ocrx_word' id='word_1_80' title='bbox 1717 813 1852 851; x_wconf 86' lang='lat' dir='ltr'>crebro</span> <span class='ocrx_word' id='word_1_81' title='bbox 1872 812 1918 850; x_wconf 89' lang='lat' dir='ltr'>ad</span> 
     </span>
     <span class='ocr_line' id='line_1_10' title="bbox 544 878 1919 934; baseline -0.004 -13"><span class='ocrx_word' id='word_1_82' title='bbox 544 897 697 921; x_wconf 75' lang='lat' dir='ltr'>coenam</span> <span class='ocrx_word' id='word_1_83' title='bbox 717 884 869 921; x_wconf 87' lang='lat' dir='ltr'>invitat.</span> <span class='ocrx_word' id='word_1_84' title='bbox 903 883 1047 921; x_wconf 88' lang='lat' dir='ltr'>Adhuc</span> <span class='ocrx_word' id='word_1_85' title='bbox 1068 896 1145 920; x_wconf 89' lang='lat' dir='ltr'>non</span> <span class='ocrx_word' id='word_1_86' title='bbox 1167 881 1298 934; x_wconf 89' lang='lat' dir='ltr'>potuit</span> <span class='ocrx_word' id='word_1_87' title='bbox 1317 880 1526 932; x_wconf 82' lang='lat' dir='ltr'>perducere</span> <span class='ocrx_word' id='word_1_88' title='bbox 1544 894 1553 918; x_wconf 71' lang='grc' dir='ltr'>ε</span> <span class='ocrx_word' id='word_1_89' title='bbox 1586 878 1648 917; x_wconf 90' lang='lat' dir='ltr'>sed</span> <span class='ocrx_word' id='word_1_90' title='bbox 1668 878 1768 916; x_wconf 88' lang='lat' dir='ltr'>mihi</span> <span class='ocrx_word' id='word_1_91' title='bbox 1790 887 1919 916; x_wconf 87' lang='lat' dir='ltr'>tamen</span> 
     </span>
     <span class='ocr_line' id='line_1_11' title="bbox 544 949 929 1000; baseline 0.003 -15"><span class='ocrx_word' id='word_1_92' title='bbox 544 958 699 1000; x_wconf 81' lang='lat' dir='ltr'>gratum</span> <span class='ocrx_word' id='word_1_93' title='bbox 719 949 785 987; x_wconf 90' lang='lat' dir='ltr'>est.</span> <span class='ocrx_word' id='word_1_94' title='bbox 820 949 929 986; x_wconf 85' lang='lat' dir='ltr'>Vale.</span> 
     </span>
    </p>
   </div>
   <div class='ocr_carea' id='block_1_3' title="bbox 806 1146 1656 1186">
    <p class='ocr_par' dir='ltr' id='par_1_3' title="bbox 806 1146 1656 1186">
     <span class='ocr_line' id='line_1_12' title="bbox 806 1146 1656 1186; baseline -0.005 0"><span class='ocrx_word' id='word_1_95' title='bbox 806 1149 868 1186; x_wconf 85' lang='lat' dir='ltr'>M.</span> <span class='ocrx_word' id='word_1_96' title='bbox 904 1149 1133 1186; x_wconf 81' lang='lat' dir='ltr'><strong>CICERO</strong></span> <span class='ocrx_word' id='word_1_97' title='bbox 1167 1149 1489 1186; x_wconf 78' lang='lat' dir='ltr'><strong>TREBATIO</strong></span> <span class='ocrx_word' id='word_1_98' title='bbox 1531 1146 1568 1183; x_wconf 90' lang='lat' dir='ltr'>S.</span> <span class='ocrx_word' id='word_1_99' title='bbox 1602 1146 1656 1182; x_wconf 89' lang='lat' dir='ltr'>D.</span> 
     </span>
    </p>
   </div>
   <div class='ocr_carea' id='block_1_4' title="bbox 545 1269 1925 2570">
    <p class='ocr_par' dir='ltr' id='par_1_4' title="bbox 547 1269 1922 1347">
     <span class='ocr_line' id='line_1_13' title="bbox 547 1269 1922 1347; baseline -0.006 -32"><span class='ocrx_word' id='word_1_100' title='bbox 547 1276 598 1314; x_wconf 88' lang='lat' dir='ltr'>X.</span> <span class='ocrx_word' id='word_1_101' title='bbox 624 1275 690 1347; x_wconf 88' lang='lat' dir='ltr'>L</span> <span class='ocrx_word' id='word_1_102' title='bbox 706 1277 738 1314; x_wconf 90' lang='lat' dir='ltr'>E</span> <span class='ocrx_word' id='word_1_103' title='bbox 755 1278 792 1314; x_wconf 90' lang='lat' dir='ltr'>G</span> <span class='ocrx_word' id='word_1_104' title='bbox 812 1278 828 1314; x_wconf 95' lang='lat' dir='ltr'>I</span> <span class='ocrx_word' id='word_1_105' title='bbox 860 1286 941 1314; x_wconf 84' lang='lat' dir='ltr'>tuas</span> <span class='ocrx_word' id='word_1_106' title='bbox 963 1276 1107 1319; x_wconf 83' lang='lat' dir='ltr'>literas,</span> <span class='ocrx_word' id='word_1_107' title='bbox 1139 1288 1186 1312; x_wconf 80' lang='lat' dir='ltr'>ex</span> <span class='ocrx_word' id='word_1_108' title='bbox 1207 1274 1351 1326; x_wconf 88' lang='lat' dir='ltr'>quibus</span> <span class='ocrx_word' id='word_1_109' title='bbox 1378 1272 1554 1310; x_wconf 81' lang='lat' dir='ltr'>intellexi</span> <span class='ocrx_word' id='word_1_110' title='bbox 1576 1281 1612 1310; x_wconf 88' lang='lat' dir='ltr'>te</span> <span class='ocrx_word' id='word_1_111' title='bbox 1635 1269 1772 1309; x_wconf 82' lang='lat' dir='ltr'>Caesari</span> <span class='ocrx_word' id='word_1_112' title='bbox 1794 1269 1922 1308; x_wconf 85' lang='lat' dir='ltr'>nostro</span> 
     </span>
    </p>

    <p class='ocr_par' dir='ltr' id='par_1_5' title="bbox 545 1335 1925 2570">
     <span class='ocr_line' id='line_1_14' title="bbox 720 1335 1919 1393; baseline -0.007 -14"><span class='ocrx_word' id='word_1_113' title='bbox 720 1342 829 1379; x_wconf 81' lang='lat' dir='ltr'>valde</span> <span class='ocrx_word' id='word_1_114' title='bbox 853 1340 1166 1393; x_wconf 86' lang='lat' dir='ltr'>jureconsultum</span> <span class='ocrx_word' id='word_1_115' title='bbox 1198 1338 1333 1376; x_wconf 85' lang='lat' dir='ltr'>videri.</span> <span class='ocrx_word' id='word_1_116' title='bbox 1381 1337 1447 1376; x_wconf 85' lang='lat' dir='ltr'>Est</span> <span class='ocrx_word' id='word_1_117' title='bbox 1478 1337 1583 1389; x_wconf 92' lang='lat' dir='ltr'>quod</span> <span class='ocrx_word' id='word_1_118' title='bbox 1613 1336 1791 1388; x_wconf 84' lang='lat' dir='ltr'>gaudeas,</span> <span class='ocrx_word' id='word_1_119' title='bbox 1823 1344 1860 1372; x_wconf 90' lang='lat' dir='ltr'>te</span> <span class='ocrx_word' id='word_1_120' title='bbox 1880 1335 1919 1371; x_wconf 90' lang='lat' dir='ltr'>in</span> 
     </span>
     <span class='ocr_line' id='line_1_15' title="bbox 547 1400 1919 1458; baseline -0.007 -13"><span class='ocrx_word' id='word_1_121' title='bbox 547 1408 614 1445; x_wconf 87' lang='lat' dir='ltr'>ista</span> <span class='ocrx_word' id='word_1_122' title='bbox 635 1408 719 1446; x_wconf 90' lang='lat' dir='ltr'>loca</span> <span class='ocrx_word' id='word_1_123' title='bbox 738 1408 892 1451; x_wconf 78' lang='lat' dir='ltr'>venisse,</span> <span class='ocrx_word' id='word_1_124' title='bbox 923 1407 991 1444; x_wconf 90' lang='lat' dir='ltr'>ubi</span> <span class='ocrx_word' id='word_1_125' title='bbox 1014 1405 1162 1458; x_wconf 76' lang='lat' dir='ltr'>aliquid</span> <span class='ocrx_word' id='word_1_126' title='bbox 1184 1405 1309 1457; x_wconf 79' lang='lat' dir='ltr'>sapere</span> <span class='ocrx_word' id='word_1_127' title='bbox 1330 1403 1513 1440; x_wconf 89' lang='lat' dir='ltr'>viderere.</span> <span class='ocrx_word' id='word_1_128' title='bbox 1561 1402 1679 1453; x_wconf 85' lang='lat' dir='ltr'>Qod</span> <span class='ocrx_word' id='word_1_129' title='bbox 1710 1402 1735 1438; x_wconf 89' lang='lat' dir='ltr'>fi</span> <span class='ocrx_word' id='word_1_130' title='bbox 1766 1401 1805 1438; x_wconf 86' lang='lat' dir='ltr'>in</span> <span class='ocrx_word' id='word_1_131' title='bbox 1832 1400 1919 1438; x_wconf 83' lang='lat' dir='ltr'>Bri-</span> 
     </span>
     <span class='ocr_line' id='line_1_16' title="bbox 546 1466 1922 1526; baseline -0.007 -15"><span class='ocrx_word' id='word_1_132' title='bbox 546 1475 719 1511; x_wconf 86' lang='lat' dir='ltr'>tanniam</span> <span class='ocrx_word' id='word_1_133' title='bbox 749 1487 906 1526; x_wconf 87' lang='lat' dir='ltr'>quoque</span> <span class='ocrx_word' id='word_1_134' title='bbox 935 1471 1130 1524; x_wconf 61' lang='lat' dir='ltr'>profed’ffls</span> <span class='ocrx_word' id='word_1_135' title='bbox 1161 1470 1266 1514; x_wconf 81' lang='lat' dir='ltr'>effes,</span> <span class='ocrx_word' id='word_1_136' title='bbox 1298 1468 1471 1522; x_wconf 58' lang='lat' dir='ltr'>profecto</span> <span class='ocrx_word' id='word_1_137' title='bbox 1502 1482 1617 1505; x_wconf 90' lang='lat' dir='ltr'>nemo</span> <span class='ocrx_word' id='word_1_138' title='bbox 1646 1468 1686 1505; x_wconf 89' lang='lat' dir='ltr'>in</span> <span class='ocrx_word' id='word_1_139' title='bbox 1717 1466 1784 1504; x_wconf 89' lang='lat' dir='ltr'>illa</span> <span class='ocrx_word' id='word_1_140' title='bbox 1817 1474 1922 1503; x_wconf 87' lang='lat' dir='ltr'>tanta</span> 
     </span>
     <span class='ocr_line' id='line_1_17' title="bbox 546 1531 1922 1591; baseline -0.007 -15"><span class='ocrx_word' id='word_1_141' title='bbox 546 1539 671 1576; x_wconf 87' lang='lat' dir='ltr'>insula</span> <span class='ocrx_word' id='word_1_142' title='bbox 690 1538 850 1591; x_wconf 87' lang='lat' dir='ltr'>peritior</span> <span class='ocrx_word' id='word_1_143' title='bbox 877 1546 914 1574; x_wconf 91' lang='lat' dir='ltr'>te</span> <span class='ocrx_word' id='word_1_144' title='bbox 941 1536 1084 1574; x_wconf 78' lang='lat' dir='ltr'>fuiss’et.</span> <span class='ocrx_word' id='word_1_145' title='bbox 1128 1536 1394 1572; x_wconf 82' lang='lat' dir='ltr'>Veruntamen</span> <span class='ocrx_word' id='word_1_146' title='bbox 1428 1533 1653 1585; x_wconf 82' lang='lat' dir='ltr'>(rideamus,</span> <span class='ocrx_word' id='word_1_147' title='bbox 1684 1532 1803 1569; x_wconf 88' lang='lat' dir='ltr'>licet:</span> <span class='ocrx_word' id='word_1_148' title='bbox 1837 1531 1922 1568; x_wconf 88' lang='lat' dir='ltr'>sum</span> 
     </span>
     <span class='ocr_line' id='line_1_18' title="bbox 546 1596 1923 1652; baseline -0.007 -10"><span class='ocrx_word' id='word_1_149' title='bbox 546 1605 652 1642; x_wconf 85' lang='lat' dir='ltr'>enim</span> <span class='ocrx_word' id='word_1_150' title='bbox 682 1618 702 1642; x_wconf 86' lang='lat' dir='ltr'>a</span> <span class='ocrx_word' id='word_1_151' title='bbox 730 1614 767 1642; x_wconf 90' lang='lat' dir='ltr'>te</span> <span class='ocrx_word' id='word_1_152' title='bbox 789 1602 992 1652; x_wconf 84' lang='lat' dir='ltr'>invitatus)</span> <span class='ocrx_word' id='word_1_153' title='bbox 1016 1601 1244 1639; x_wconf 89' lang='lat' dir='ltr'>subinvideo</span> <span class='ocrx_word' id='word_1_154' title='bbox 1266 1601 1353 1643; x_wconf 87' lang='lat' dir='ltr'>tibi,</span> <span class='ocrx_word' id='word_1_155' title='bbox 1386 1599 1489 1636; x_wconf 85' lang='lat' dir='ltr'>ultro</span> <span class='ocrx_word' id='word_1_156' title='bbox 1511 1608 1547 1635; x_wconf 90' lang='lat' dir='ltr'>te</span> <span class='ocrx_word' id='word_1_157' title='bbox 1568 1599 1684 1635; x_wconf 85' lang='lat' dir='ltr'>etiam</span> <span class='ocrx_word' id='word_1_158' title='bbox 1705 1596 1923 1634; x_wconf 85' lang='lat' dir='ltr'>arceffitum</span> 
     </span>
     <span class='ocr_line' id='line_1_19' title="bbox 545 1661 1922 1721; baseline -0.007 -14"><span class='ocrx_word' id='word_1_159' title='bbox 545 1669 593 1706; x_wconf 88' lang='lat' dir='ltr'>ab</span> <span class='ocrx_word' id='word_1_160' title='bbox 613 1683 672 1714; x_wconf 89' lang='lat' dir='ltr'>eo,</span> <span class='ocrx_word' id='word_1_161' title='bbox 695 1669 741 1706; x_wconf 85' lang='lat' dir='ltr'>ad</span> <span class='ocrx_word' id='word_1_162' title='bbox 762 1682 880 1721; x_wconf 90' lang='lat' dir='ltr'>quem</span> <span class='ocrx_word' id='word_1_163' title='bbox 901 1667 1042 1711; x_wconf 65' lang='lat' dir='ltr'>caeteri,</span> <span class='ocrx_word' id='word_1_164' title='bbox 1075 1679 1151 1703; x_wconf 93' lang='lat' dir='ltr'>non</span> <span class='ocrx_word' id='word_1_165' title='bbox 1173 1674 1332 1717; x_wconf 90' lang='lat' dir='ltr'>propter</span> <span class='ocrx_word' id='word_1_166' title='bbox 1352 1663 1570 1715; x_wconf 86' lang='lat' dir='ltr'>superbiam</span> <span class='ocrx_word' id='word_1_167' title='bbox 1591 1663 1688 1714; x_wconf 87' lang='lat' dir='ltr'>ejus,</span> <span class='ocrx_word' id='word_1_168' title='bbox 1721 1661 1780 1699; x_wconf 88' lang='lat' dir='ltr'>sed</span> <span class='ocrx_word' id='word_1_169' title='bbox 1801 1674 1922 1713; x_wconf 89' lang='lat' dir='ltr'>prop-</span> 
     </span>
     <span class='ocr_line' id='line_1_20' title="bbox 546 1725 1921 1786; baseline -0.008 -14"><span class='ocrx_word' id='word_1_170' title='bbox 546 1744 604 1771; x_wconf 88' lang='lat' dir='ltr'>ter</span> <span class='ocrx_word' id='word_1_171' title='bbox 633 1735 947 1786; x_wconf 84' lang='lat' dir='ltr'>occupationem,</span> <span class='ocrx_word' id='word_1_172' title='bbox 979 1731 1166 1783; x_wconf 88' lang='lat' dir='ltr'>adspirare</span> <span class='ocrx_word' id='word_1_173' title='bbox 1194 1744 1271 1767; x_wconf 89' lang='lat' dir='ltr'>non</span> <span class='ocrx_word' id='word_1_174' title='bbox 1299 1729 1467 1781; x_wconf 74' lang='lat' dir='ltr'>possunt.</span> <span class='ocrx_word' id='word_1_175' title='bbox 1516 1727 1587 1764; x_wconf 87' lang='lat' dir='ltr'>Sed</span> <span class='ocrx_word' id='word_1_176' title='bbox 1609 1736 1650 1764; x_wconf 88' lang='lat' dir='ltr'>tu</span> <span class='ocrx_word' id='word_1_177' title='bbox 1672 1727 1712 1763; x_wconf 89' lang='lat' dir='ltr'>in</span> <span class='ocrx_word' id='word_1_178' title='bbox 1734 1726 1802 1763; x_wconf 86' lang='lat' dir='ltr'>ista</span> <span class='ocrx_word' id='word_1_179' title='bbox 1821 1725 1921 1778; x_wconf 86' lang='lat' dir='ltr'>epis-</span> 
     </span>
     <span class='ocr_line' id='line_1_21' title="bbox 547 1790 1922 1849; baseline -0.007 -12"><span class='ocrx_word' id='word_1_180' title='bbox 547 1799 626 1836; x_wconf 91' lang='lat' dir='ltr'>tola</span> <span class='ocrx_word' id='word_1_181' title='bbox 653 1799 753 1836; x_wconf 87' lang='lat' dir='ltr'>nihil</span> <span class='ocrx_word' id='word_1_182' title='bbox 781 1797 882 1836; x_wconf 90' lang='lat' dir='ltr'>mihi</span> <span class='ocrx_word' id='word_1_183' title='bbox 910 1796 1086 1849; x_wconf 88' lang='lat' dir='ltr'>scripfisti</span> <span class='ocrx_word' id='word_1_184' title='bbox 1119 1796 1165 1833; x_wconf 90' lang='lat' dir='ltr'>de</span> <span class='ocrx_word' id='word_1_185' title='bbox 1192 1796 1269 1833; x_wconf 89' lang='lat' dir='ltr'>tuis</span> <span class='ocrx_word' id='word_1_186' title='bbox 1298 1795 1426 1838; x_wconf 86' lang='lat' dir='ltr'>rebus,</span> <span class='ocrx_word' id='word_1_187' title='bbox 1459 1807 1543 1844; x_wconf 83' lang='lat' dir='ltr'>quae</span> <span class='ocrx_word' id='word_1_188' title='bbox 1573 1791 1794 1829; x_wconf 88' lang='lat' dir='ltr'>mehercule</span> <span class='ocrx_word' id='word_1_189' title='bbox 1821 1790 1922 1828; x_wconf 89' lang='lat' dir='ltr'>mihi</span> 
     </span>
     <span class='ocr_line' id='line_1_22' title="bbox 546 1855 1922 1913; baseline -0.008 -10"><span class='ocrx_word' id='word_1_190' title='bbox 546 1879 625 1903; x_wconf 90' lang='lat' dir='ltr'>non</span> <span class='ocrx_word' id='word_1_191' title='bbox 646 1865 789 1902; x_wconf 87' lang='lat' dir='ltr'>minori</span> <span class='ocrx_word' id='word_1_192' title='bbox 811 1877 910 1901; x_wconf 82' lang='lat' dir='ltr'>curae</span> <span class='ocrx_word' id='word_1_193' title='bbox 939 1863 1041 1906; x_wconf 88' lang='lat' dir='ltr'>sunt,</span> <span class='ocrx_word' id='word_1_194' title='bbox 1073 1875 1191 1913; x_wconf 86' lang='lat' dir='ltr'>quam</span> <span class='ocrx_word' id='word_1_195' title='bbox 1218 1874 1326 1898; x_wconf 72' lang='lat' dir='ltr'>meze.</span> <span class='ocrx_word' id='word_1_196' title='bbox 1373 1858 1496 1895; x_wconf 86' lang='lat' dir='ltr'>Valde</span> <span class='ocrx_word' id='word_1_197' title='bbox 1528 1866 1675 1900; x_wconf 86' lang='lat' dir='ltr'>metuo,</span> <span class='ocrx_word' id='word_1_198' title='bbox 1708 1870 1755 1894; x_wconf 90' lang='lat' dir='ltr'>ne</span> <span class='ocrx_word' id='word_1_199' title='bbox 1782 1855 1922 1907; x_wconf 86' lang='lat' dir='ltr'>frigeas</span> 
     </span>
     <span class='ocr_line' id='line_1_23' title="bbox 546 1920 1919 1979; baseline -0.008 -12"><span class='ocrx_word' id='word_1_200' title='bbox 546 1930 586 1967; x_wconf 83' lang='lat' dir='ltr'>in</span> <span class='ocrx_word' id='word_1_201' title='bbox 617 1929 818 1967; x_wconf 88' lang='lat' dir='ltr'>hibernis:</span> <span class='ocrx_word' id='word_1_202' title='bbox 851 1927 1106 1979; x_wconf 85' lang='lat' dir='ltr'>quamobrem</span> <span class='ocrx_word' id='word_1_203' title='bbox 1137 1925 1292 1963; x_wconf 85' lang='lat' dir='ltr'>camino</span> <span class='ocrx_word' id='word_1_204' title='bbox 1321 1923 1524 1961; x_wconf 86' lang='lat' dir='ltr'>luculento</span> <span class='ocrx_word' id='word_1_205' title='bbox 1551 1921 1740 1959; x_wconf 87' lang='lat' dir='ltr'>utendum</span> <span class='ocrx_word' id='word_1_206' title='bbox 1771 1920 1919 1958; x_wconf 88' lang='lat' dir='ltr'>censeo.</span> 
     </span>
     <span class='ocr_line' id='line_1_24' title="bbox 548 1986 1922 2042; baseline -0.008 -10"><span class='ocrx_word' id='word_1_207' title='bbox 548 1994 659 2032; x_wconf 88' lang='lat' dir='ltr'>Idem</span> <span class='ocrx_word' id='word_1_208' title='bbox 679 2003 716 2031; x_wconf 90' lang='lat' dir='ltr'>et</span> <span class='ocrx_word' id='word_1_209' title='bbox 737 1993 879 2031; x_wconf 64' lang='lat' dir='ltr'>qucio</span> <span class='ocrx_word' id='word_1_210' title='bbox 899 2001 937 2029; x_wconf 91' lang='lat' dir='ltr'>et</span> <span class='ocrx_word' id='word_1_211' title='bbox 967 1991 1137 2029; x_wconf 83' lang='lat' dir='ltr'>Manilio</span> <span class='ocrx_word' id='word_1_212' title='bbox 1166 1990 1357 2042; x_wconf 83' lang='lat' dir='ltr'>placebat,</span> <span class='ocrx_word' id='word_1_213' title='bbox 1389 1987 1599 2040; x_wconf 76' lang='lat' dir='ltr'>praesertim</span> <span class='ocrx_word' id='word_1_214' title='bbox 1628 1987 1696 2038; x_wconf 90' lang='lat' dir='ltr'>qui</span> <span class='ocrx_word' id='word_1_215' title='bbox 1726 1986 1821 2036; x_wconf 83' lang='lat' dir='ltr'>sagis</span> <span class='ocrx_word' id='word_1_216' title='bbox 1843 1998 1922 2022; x_wconf 90' lang='lat' dir='ltr'>non</span> 
     </span>
     <span class='ocr_line' id='line_1_25' title="bbox 547 2051 1923 2110; baseline -0.008 -13"><span class='ocrx_word' id='word_1_217' title='bbox 547 2059 787 2097; x_wconf 85' lang='lat' dir='ltr'>abundares:</span> <span class='ocrx_word' id='word_1_218' title='bbox 819 2070 1043 2110; x_wconf 82' lang='lat' dir='ltr'>quanquam</span> <span class='ocrx_word' id='word_1_219' title='bbox 1063 2068 1129 2093; x_wconf 83' lang='lat' dir='ltr'>vos</span> <span class='ocrx_word' id='word_1_220' title='bbox 1151 2068 1256 2092; x_wconf 89' lang='lat' dir='ltr'>nunc</span> <span class='ocrx_word' id='word_1_221' title='bbox 1287 2054 1370 2091; x_wconf 91' lang='lat' dir='ltr'>istic</span> <span class='ocrx_word' id='word_1_222' title='bbox 1401 2053 1486 2090; x_wconf 86' lang='lat' dir='ltr'>satis</span> <span class='ocrx_word' id='word_1_223' title='bbox 1512 2052 1633 2089; x_wconf 87' lang='lat' dir='ltr'>calere</span> <span class='ocrx_word' id='word_1_224' title='bbox 1654 2051 1783 2088; x_wconf 87' lang='lat' dir='ltr'>audio.</span> <span class='ocrx_word' id='word_1_225' title='bbox 1831 2051 1923 2101; x_wconf 85' lang='lat' dir='ltr'>Qo</span> 
     </span>
     <span class='ocr_line' id='line_1_26' title="bbox 548 2116 1924 2177; baseline -0.008 -14"><span class='ocrx_word' id='word_1_226' title='bbox 548 2125 709 2177; x_wconf 88' lang='lat' dir='ltr'>quidem</span> <span class='ocrx_word' id='word_1_227' title='bbox 731 2125 871 2162; x_wconf 87' lang='lat' dir='ltr'>nuntio</span> <span class='ocrx_word' id='word_1_228' title='bbox 892 2122 999 2160; x_wconf 88' lang='lat' dir='ltr'>valde</span> <span class='ocrx_word' id='word_1_229' title='bbox 1021 2120 1243 2159; x_wconf 88' lang='lat' dir='ltr'>mehercule</span> <span class='ocrx_word' id='word_1_230' title='bbox 1264 2120 1309 2157; x_wconf 90' lang='lat' dir='ltr'>de</span> <span class='ocrx_word' id='word_1_231' title='bbox 1331 2129 1367 2157; x_wconf 90' lang='lat' dir='ltr'>te</span> <span class='ocrx_word' id='word_1_232' title='bbox 1390 2119 1610 2156; x_wconf 78' lang='lat' dir='ltr'>timueram.</span> <span class='ocrx_word' id='word_1_233' title='bbox 1658 2116 1728 2154; x_wconf 84' lang='lat' dir='ltr'>Sed</span> <span class='ocrx_word' id='word_1_234' title='bbox 1759 2125 1800 2153; x_wconf 87' lang='lat' dir='ltr'>tu</span> <span class='ocrx_word' id='word_1_235' title='bbox 1822 2116 1863 2153; x_wconf 87' lang='lat' dir='ltr'>in</span> <span class='ocrx_word' id='word_1_236' title='bbox 1885 2130 1924 2153; x_wconf 89' lang='lat' dir='ltr'>re</span> 
     </span>
     <span class='ocr_line' id='line_1_27' title="bbox 547 2182 1923 2238; baseline -0.007 -10"><span class='ocrx_word' id='word_1_237' title='bbox 547 2191 710 2228; x_wconf 83' lang='lat' dir='ltr'>militari</span> <span class='ocrx_word' id='word_1_238' title='bbox 739 2190 866 2227; x_wconf 86' lang='lat' dir='ltr'>multo</span> <span class='ocrx_word' id='word_1_239' title='bbox 890 2202 928 2226; x_wconf 87' lang='lat' dir='ltr'>es</span> <span class='ocrx_word' id='word_1_240' title='bbox 963 2188 1126 2231; x_wconf 79' lang='lat' dir='ltr'>cautior,</span> <span class='ocrx_word' id='word_1_241' title='bbox 1158 2200 1276 2238; x_wconf 84' lang='lat' dir='ltr'>quam</span> <span class='ocrx_word' id='word_1_242' title='bbox 1305 2186 1344 2222; x_wconf 93' lang='lat' dir='ltr'>in</span> <span class='ocrx_word' id='word_1_243' title='bbox 1375 2183 1722 2227; x_wconf 78' lang='lat' dir='ltr'>advocationibus;</span> <span class='ocrx_word' id='word_1_244' title='bbox 1755 2182 1823 2234; x_wconf 89' lang='lat' dir='ltr'>qui</span> <span class='ocrx_word' id='word_1_245' title='bbox 1853 2195 1923 2219; x_wconf 89' lang='lat' dir='ltr'>ne-</span> 
     </span>
     <span class='ocr_line' id='line_1_28' title="bbox 547 2247 1920 2308; baseline -0.008 -14"><span class='ocrx_word' id='word_1_246' title='bbox 547 2270 623 2308; x_wconf 87' lang='lat' dir='ltr'>que</span> <span class='ocrx_word' id='word_1_247' title='bbox 653 2257 691 2293; x_wconf 90' lang='lat' dir='ltr'>in</span> <span class='ocrx_word' id='word_1_248' title='bbox 725 2257 882 2292; x_wconf 87' lang='lat' dir='ltr'>Oceano</span> <span class='ocrx_word' id='word_1_249' title='bbox 914 2263 1041 2291; x_wconf 84' lang='lat' dir='ltr'>natare</span> <span class='ocrx_word' id='word_1_250' title='bbox 1070 2252 1253 2296; x_wconf 85' lang='lat' dir='ltr'>volueris,</span> <span class='ocrx_word' id='word_1_251' title='bbox 1284 2249 1572 2287; x_wconf 80' lang='lat' dir='ltr'>studiofiffimus</span> <span class='ocrx_word' id='word_1_252' title='bbox 1595 2247 1715 2285; x_wconf 86' lang='lat' dir='ltr'>homo</span> <span class='ocrx_word' id='word_1_253' title='bbox 1738 2247 1920 2292; x_wconf 71' lang='lat' dir='ltr'>natandi3</span> 
     </span>
     <span class='ocr_line' id='line_1_29' title="bbox 549 2312 1924 2373; baseline -0.008 -14"><span class='ocrx_word' id='word_1_254' title='bbox 549 2335 674 2373; x_wconf 86' lang='lat' dir='ltr'>neque</span> <span class='ocrx_word' id='word_1_255' title='bbox 702 2321 863 2373; x_wconf 55' lang='lat' dir='ltr'>speftare</span> <span class='ocrx_word' id='word_1_256' title='bbox 891 2319 1103 2362; x_wconf 84' lang='lat' dir='ltr'>essedarios,</span> <span class='ocrx_word' id='word_1_257' title='bbox 1135 2330 1253 2369; x_wconf 90' lang='lat' dir='ltr'>quem</span> <span class='ocrx_word' id='word_1_258' title='bbox 1285 2324 1394 2353; x_wconf 85' lang='lat' dir='ltr'>antea</span> <span class='ocrx_word' id='word_1_259' title='bbox 1426 2328 1473 2351; x_wconf 85' lang='lat' dir='ltr'>ne</span> <span class='ocrx_word' id='word_1_260' title='bbox 1505 2313 1732 2350; x_wconf 74' lang='lat' dir='ltr'>andabatam</span> <span class='ocrx_word' id='word_1_261' title='bbox 1764 2312 1924 2364; x_wconf 86' lang='lat' dir='ltr'>quidem</span> 
     </span>
     <span class='ocr_line' id='line_1_30' title="bbox 550 2377 1925 2437; baseline -0.008 -13"><span class='ocrx_word' id='word_1_262' title='bbox 550 2386 772 2424; x_wconf 78' lang='lat' dir='ltr'>defraudare</span> <span class='ocrx_word' id='word_1_263' title='bbox 794 2395 1027 2437; x_wconf 83' lang='lat' dir='ltr'>poteramus.</span> <span class='ocrx_word' id='word_1_264' title='bbox 1076 2382 1147 2419; x_wconf 88' lang='lat' dir='ltr'>Sed</span> <span class='ocrx_word' id='word_1_265' title='bbox 1169 2383 1252 2433; x_wconf 83' lang='lat' dir='ltr'>jam</span> <span class='ocrx_word' id='word_1_266' title='bbox 1274 2381 1359 2418; x_wconf 83' lang='lat' dir='ltr'>satis</span> <span class='ocrx_word' id='word_1_267' title='bbox 1376 2380 1498 2431; x_wconf 86' lang='lat' dir='ltr'>jocati</span> <span class='ocrx_word' id='word_1_268' title='bbox 1520 2379 1666 2416; x_wconf 87' lang='lat' dir='ltr'>sumus.</span> <span class='ocrx_word' id='word_1_269' title='bbox 1713 2379 1800 2429; x_wconf 83' lang='lat' dir='ltr'>Ego</span> <span class='ocrx_word' id='word_1_270' title='bbox 1821 2377 1867 2414; x_wconf 90' lang='lat' dir='ltr'>de</span> <span class='ocrx_word' id='word_1_271' title='bbox 1888 2387 1925 2414; x_wconf 88' lang='lat' dir='ltr'>te</span> 
     </span>
     <span class='ocr_line' id='line_1_31' title="bbox 548 2443 1924 2503; baseline -0.008 -13"><span class='ocrx_word' id='word_1_272' title='bbox 548 2452 594 2490; x_wconf 87' lang='lat' dir='ltr'>ad</span> <span class='ocrx_word' id='word_1_273' title='bbox 617 2452 802 2490; x_wconf 60' lang='lat' dir='ltr'>Caesarem</span> <span class='ocrx_word' id='word_1_274' title='bbox 824 2464 941 2503; x_wconf 85' lang='lat' dir='ltr'>quam</span> <span class='ocrx_word' id='word_1_275' title='bbox 963 2450 1170 2500; x_wconf 78' lang='lat' dir='ltr'>diligenter</span> <span class='ocrx_word' id='word_1_276' title='bbox 1191 2446 1421 2498; x_wconf 84' lang='lat' dir='ltr'>scripserim,</span> <span class='ocrx_word' id='word_1_277' title='bbox 1446 2454 1527 2482; x_wconf 88' lang='lat' dir='ltr'>tute</span> <span class='ocrx_word' id='word_1_278' title='bbox 1549 2444 1643 2487; x_wconf 81' lang='lat' dir='ltr'>scis;</span> <span class='ocrx_word' id='word_1_279' title='bbox 1676 2457 1792 2494; x_wconf 84' lang='lat' dir='ltr'>quam</span> <span class='ocrx_word' id='word_1_280' title='bbox 1814 2443 1924 2494; x_wconf 84' lang='lat' dir='ltr'>saepe,</span> 
     </span>
     <span class='ocr_line' id='line_1_32' title="bbox 548 2509 1924 2570; baseline -0.008 -14"><span class='ocrx_word' id='word_1_281' title='bbox 548 2532 633 2570; x_wconf 76' lang='lat' dir='ltr'>ego.</span> <span class='ocrx_word' id='word_1_282' title='bbox 677 2518 747 2555; x_wconf 80' lang='lat' dir='ltr'>Sed</span> <span class='ocrx_word' id='word_1_283' title='bbox 769 2516 990 2556; x_wconf 86' lang='lat' dir='ltr'>mehercule</span> <span class='ocrx_word' id='word_1_284' title='bbox 1006 2516 1088 2567; x_wconf 84' lang='lat' dir='ltr'>jam</span> <span class='ocrx_word' id='word_1_285' title='bbox 1110 2512 1404 2555; x_wconf 77' lang='lat' dir='ltr'>intermiseram,</span> <span class='ocrx_word' id='word_1_286' title='bbox 1438 2525 1483 2548; x_wconf 88' lang='lat' dir='ltr'>ne</span> <span class='ocrx_word' id='word_1_287' title='bbox 1504 2510 1651 2548; x_wconf 86' lang='lat' dir='ltr'>viderer</span> <span class='ocrx_word' id='word_1_288' title='bbox 1672 2509 1924 2548; x_wconf 80' lang='lat' dir='ltr'>liberaliffimi</span> 
     </span>
    </p>
   </div>
  </div>
 </body>
</html>
