2351 2997
606 274 707 313 AD
755 269 1219 311 FAMILIARES
1278 269 1412 307 LIB.
1464 269 1581 308 VIII.
1711 281 1786 323 197

745 504 999 543 CAELxus
1042 502 1365 540 CICERONI
1407 502 1447 541 S.

408 634 461 674 X*
484 632 599 706 SA
612 633 704 672 NE
734 645 839 686 quam
868 630 983 670 literis
1013 631 1058 668 C.
1083 629 1191 680 Caffi'i
1216 638 1251 668 et
1276 628 1454 681 Deiotari
1454 629 1582 680 stemus
1601 629 1787 667 commoti:

563 712 646 737 nam
667 698 799 749 Caffius
818 697 867 736 cis
890 694 1108 748 Euphraten
1135 694 1250 747 copias
1275 695 1503 734 Parthorum
1532 693 1592 746 effl’
1606 694 1756 746 scrzpstt
1773 709 1788 732 :

406 763 621 815 Dejotarus,
645 763 827 816 profleo‘las
839 770 911 814 per
930 761 1182 812 Commagenen
1202 759 1239 798 in
1251 759 1480 812 provinciam
1500 758 1664 810 nostram.
1706 760 1788 810 Ego

408 829 545 884 quidem
556 829 779 882 praecipuum
796 835 939 871 metum,
969 825 1063 878 quod
1077 824 1129 863 ad
1150 833 1186 863 te
1204 824 1399 870 attinebat,
1430 823 1551 868 habui,
1583 824 1647 876 qui
1656 824 1790 878 scirem

409 908 515 948 quam
527 902 687 947 paratus
705 892 752 932 ab
770 891 930 931 exercitu
949 890 1039 943 ff’s,
1069 904 1112 929 ne
1131 889 1224 943 quod
1238 890 1294 929 hic
1318 890 1493 928 tumultus
1518 888 1694 941 dignitati
1717 897 1791 927 tuae

402 960 604 1013 periculum
623 958 774 1012 afferret
791 974 805 997 .-
835 972 918 996 nam
936 956 976 996 de
994 957 1090 1001 vita,
1104 957 1149 1006 si
1167 956 1340 1009 paratior
1365 955 1411 994 ab
1439 954 1596 993 exercitu
1615 954 1706 1007 ψῃ
1737 955 1789 992 ti-

409 1024 573 1078 muiffi’m.
604 1026 715 1063 Nunc
733 1024 810 1063 haec
828 1022 1004 1075 exiguitas
1023 1022 1216 1075 copiarum,
1247 1019 1421 1073 receffitm,
1452 1035 1518 1058 non
1538 1020 1791 1058 dimicationem

410 1091 500 1129 mihi
522 1099 635 1135 tuam,
659 1087 915 1143 praesagiebat.
962 1090 1043 1126 Hoc
1072 1087 1232 1140 quomodo
1261 1087 1462 1139 acciperent
1492 1086 1654 1130 homines,
1686 1098 1792 1138 quam

406 1155 599 1210 probabilis
624 1154 800 1206 necfftas
811 1154 956 1206 sutura
987 1151 1079 1205 effit,
1108 1166 1237 1191 vereor
1262 1152 1368 1191 etiam
1398 1166 1519 1195 nunc3
1551 1165 1659 1203 neque
1684 1150 1790 1203 prius

410 1221 560 1271 definam
564 1220 784 1272 formidare,
815 1233 921 1272 quam
940 1217 1089 1271 tetigiffi’
1108 1227 1144 1257 te
1162 1218 1311 1257 Italiam
1330 1217 1487 1256 audiero.
1534 1216 1606 1255 Sed
1627 1216 1667 1255 de
1686 1217 1791 1255 Par—

413 1287 555 1326 thorum
569 1287 726 1336 traifitu
741 1286 864 1324 nuntii
873 1285 1177 1336 variosstrmones
1193 1285 1414 1322 excitarunt.
1434 1283 1542 1322 Alius
1558 1282 1660 1326 enim,
1680 1283 1792 1321 Pom-

404 1352 525 1405 peium
545 1350 772 1395 mittendum
795 1350 899 1393 alius,
918 1348 964 1387 ab
980 1349 1066 1387 urbe
1084 1349 1289 1401 Pompeium
1310 1363 1377 1387 non
1398 1347 1663 1392 removendum3
1685 1347 1789 1390 alius,

415 1418 588 1470 Caesarem
608 1430 684 1454 cum
692 1416 761 1469 suo
780 1415 938 1453 exercitu
954 1432 964 1458 ς
987 1414 1091 1458 alius,
1112 1414 1261 1461 consules
1272 1431 1284 1458 3
1302 1428 1397 1452 nemo
1417 1423 1547 1457 tamen,
1569 1428 1611 1451 ex
1616 1415 1791 1466 senatus—

412 1483 562 1535 consulto
571 1482 755 1534 privatos.
779 1480 941 1533 Coifitles
955 1488 1088 1526 autem,
1103 1480 1186 1532 quia
1201 1487 1378 1518 verentur
1393 1493 1435 1518 ne
1446 1479 1537 1518 illud
1531 1480 1793 1528 finatuswon-

400 1548 541 1602 fultum
543 1547 636 1598 fiat,
658 1555 701 1585 ut
714 1545 887 1600 paludati
901 1554 1042 1589 exeant,
1061 1554 1127 1583 aut
1146 1545 1381 1597 contumeliose
1394 1553 1536 1597 praeter
1549 1558 1601 1582 eos
1620 1543 1671 1582 ad
1684 1544 1793 1582 alium

414 1628 470 1651 res
489 1612 754 1664 transferatur,
775 1611 910 1650 omnino
914 1612 1086 1664 senatum
1104 1609 1233 1648 haberi
1249 1611 1392 1653 nolunt3
1416 1610 1518 1664 usque
1538 1623 1585 1653 eo,
1604 1617 1646 1647 ut
1659 1618 1794 1662 parum

414 1678 595 1731 diligentes
613 1677 650 1715 in
670 1676 850 1729 republica
868 1676 1062 1715 videantur
1079 1691 1092 1713 :
1108 1675 1182 1727 st'd
1195 1676 1339 1728 honeste,
1354 1676 1440 1726 five
1464 1675 1693 1727 negligentia,
1709 1675 1795 1726 five

415 1744 549 1782 inertia
581 1743 637 1795 est,
653 1743 740 1793 five
768 1741 838 1786 ille,
869 1755 967 1795 quem
991 1742 1170 1794 proposui,
1202 1750 1327 1786 metus,
1357 1742 1448 1779 latet
1465 1741 1538 1794 sub
1566 1741 1633 1778 hac
1660 1749 1793 1793 tempe-

415 1809 550 1849 rantiae
568 1808 834 1861 exstimatione,
864 1808 952 1847 nolle
961 1807 1205 1860 provinciam.
1247 1809 1290 1846 A
1307 1816 1342 1846 te
1361 1808 1478 1847 literae
1497 1820 1564 1844 non
1585 1815 1763 1845 venerunt
1780 1822 1794 1845 :

414 1884 464 1920 et,
494 1874 560 1926 ng'fi
588 1873 965 1926 Dejotarisubst’cutae
994 1871 1111 1924 effint,
1142 1872 1179 1911 in
1209 1887 1284 1911 eam
1310 1872 1500 1924 opinionem
1522 1871 1655 1921 Caffius
1685 1885 1794 1909 vene-

414 1950 492 1986 rat,
522 1955 601 1994 quae
619 1940 811 1993 diripuisset
829 1940 909 1993 ipse,
940 1949 981 1977 ut
1001 1938 1212 1978 viderentur
1229 1939 1274 1978 ab
1293 1938 1381 1990 hoste
1400 1938 1555 1990 vestuta,
1563 1938 1666 1989 finxi
1688 1952 1705 1975 e
1722 1937 1795 1975 bel-

413 2009 499 2052 lum,
530 2016 566 2045 et
584 2006 734 2045 Arabas
753 2007 789 2045 in
802 2006 1028 2058 provinciam
1047 2004 1222 2058 immistffi’,
1253 2005 1368 2057 eosque
1387 2004 1549 2043 Parthos
1567 2002 1640 2055 este,
1648 2003 1801 2056 senatui

415 2072 638 2125 renuntiaſje.
685 2073 807 2123 Qare
833 2071 902 2110 tibi
902 2070 1049 2124 suadeo,
1080 2071 1275 2124 quicunque
1292 2070 1337 2123 cst
1355 2069 1556 2123 isticstatus
1574 2083 1708 2113 rerum,
1738 2067 1795 2106 di-

415 2139 567 2190 ligenter
584 2146 619 2176 et
646 2147 749 2176 caute
769 2136 984 2189 perscribas,
1015 2151 1057 2174 ne
1085 2146 1151 2175 aut
1182 2136 1380 2188 velificatus
1403 2135 1514 2174 alicui
1537 2134 1696 2179 dicaris;
1727 2142 1795 2172 aut

416 2202 562 2256 aliquid,
594 2201 687 2255 quod
702 2203 856 2255 referret
862 2203 974 2254 stne,
1006 2202 1138 2240 reticui
1159 2216 1188 2240 e.
1235 2201 1347 2240 Nunc
1372 2201 1487 2239 exitus
1506 2200 1550 2253 est
1568 2199 1685 2238 anni:
1714 2212 1797 2237 nam

421 2283 481 2322 ego
513 2268 579 2306 has
609 2268 733 2306 literas
761 2282 798 2306 a.
830 2267 866 2306 d.
894 2282 959 2304 ΧΨ
974 2268 1062 2305 Kal.
1094 2267 1263 2306 Decemb.
1272 2267 1414 2320 stripst.
1460 2267 1576 2304 Plane
1593 2265 1687 2303 nihil
1699 2264 1799 2304 video

415 2343 501 2373 ante
520 2334 608 2372 Kal.
631 2335 728 2386 Jan.
750 2333 815 2385 agi
823 2332 926 2386 pff’.
962 2332 1067 2386 Nosti
1083 2333 1312 2377 Marcellum,
1343 2346 1448 2385 quam
1468 2331 1595 2370 tardus
1616 2340 1651 2368 et
1663 2337 1798 2383 parum

416 2400 593 2454 efficaxstt
607 2418 620 2445 3
651 2400 799 2454 itemque
820 2400 999 2445 Servium,
1030 2413 1135 2454 quam
1154 2401 1355 2438 cunctator.
1398 2397 1599 2453 Cujustnodi
1607 2406 1720 2451 putas
1738 2397 1798 2434 hos

415 2466 474 2520 effe
489 2466 510 2504 ἓ
538 2475 604 2504 aut
624 2467 689 2518 qui
712 2465 760 2511 id,
792 2464 884 2519 quod
898 2466 1024 2511 nolint,
1053 2466 1218 2518 conficere
1229 2464 1332 2518 pff,
1364 2464 1428 2517 qui
1443 2478 1521 2517 quae
1540 2464 1701 2516 cupiunt,
1732 2470 1794 2500 ta-

416 2546 491 2572 men
519 2533 575 2572 ita
587 2531 731 2585 frigide
758 2541 889 2585 agunt,
918 2540 959 2571 ut
988 2532 1075 2572 nolle
1092 2531 1330 2586 existimentur
1346 2530 1367 2570 ἕ
1395 2529 1515 2570 Novis
1533 2527 1797 2583 magssratibus
