2351 2997
579 270 633 307 44
927 255 1611 294 EPISTOL-ARUM

578 360 615 389 te
636 351 682 388 ad
704 351 885 388 timorem
907 351 1084 388 fidiffime
1104 361 1218 401 atque
1239 351 1492 388 amantiffime
1513 361 1800 404 proponuntur.
1834 353 1959 391 Nulla

577 417 630 454 est
650 418 756 454 euim
777 417 979 460 acerbitas,
1011 430 1095 468 quae
1124 429 1201 452 non
1231 416 1415 452 omnibus
1437 415 1509 453 hac
1530 417 1635 454 orbis
1658 427 1844 455 terrarum
1866 432 1955 470 per-

577 482 800 519 turbatione
821 481 1044 533 impendere
1065 481 1241 518 videatur
1259 495 1267 517 :
1301 494 1418 532 quam
1439 481 1600 532 quidem
1621 496 1693 534 ego
1713 497 1734 519 a
1757 484 1958 535 republica

576 548 673 584 meis
695 546 854 598 privatis
884 556 921 583 et
952 545 1172 584 domesticis
1204 545 1466 583 incommodis
1488 546 1752 592 libentiffime,
1784 549 1843 585 vel
1876 549 1955 586 istis

577 612 680 663 ipfis,
713 626 798 663 qua>
829 621 871 649 tu
902 624 963 649 me
992 624 1128 649 mones
1150 621 1193 648 ut
1213 625 1383 656 caveam,
1416 611 1670 650 redemiffem.
1715 612 1820 650 Filio
1852 627 1954 658 meo,

575 691 696 730 quem
717 678 790 715 tibi
811 692 944 716 carum
965 678 1037 716 effe
1056 678 1220 730 gaudeo,
1252 678 1277 715 fi
1299 678 1371 716 erit
1393 678 1472 715 ulla
1493 679 1724 730 respublica,
1757 678 1843 716 satis
1871 693 1955 716 am-

573 743 687 795 plum
703 745 986 795 patrimonium
1004 744 1223 796 relinquam
1241 744 1280 781 in
1297 745 1486 782 memoria
1502 744 1673 782 nominis
1691 745 1790 782 mei:
1815 744 1868 782 fin
1885 758 1955 782 au-

573 818 655 846 tem
682 810 790 846 nulla
816 810 903 854 erit,
937 809 1038 847 nihil
1069 809 1218 847 accidet
1245 810 1280 846 ei
1307 809 1509 862 separatim
1541 823 1561 846 a
1593 810 1753 861 reliquis
1784 810 1952 848 civibus.

574 875 682 913 Nam
703 874 809 927 quod
830 889 954 927 rogas,
988 885 1030 913 ut
1051 875 1253 927 respiciam
1278 888 1466 927 generum
1493 889 1641 920 meum,
1673 867 1966 913 adolescentem⁴

572 941 774 993 optimum
796 940 975 992 mihique
997 941 1261 986 cariffimum5
1294 954 1341 978 an
1364 940 1533 985 dubitas,
1565 954 1657 978 cum
1679 940 1787 985 sciaS,
1819 942 1956 993 quanti

571 1019 664 1044 cum
685 1006 816 1050 illum,
841 1015 926 1043 tum
947 1020 1036 1044 vero
1057 1006 1235 1044 Tulliam
1257 1019 1399 1050 meam,
1422 1004 1578 1050 faciam,
1601 1006 1697 1057 quin
1720 1018 1762 1042 ea
1781 1019 1844 1043 me
1865 1020 1957 1043 cura

571 1071 905 1109 vehementiffime
926 1071 1110 1109 sollicitet
1129 1073 1142 1109 ?
1174 1081 1212 1109 et
1232 1084 1277 1109 eo
1298 1071 1437 1123 magis,
1469 1070 1576 1123 quod
1607 1071 1647 1107 in
1673 1071 1954 1110 communibus

570 1137 735 1175 miseriis
756 1135 828 1174 hac
851 1146 1005 1174 tantum
1026 1137 1246 1175 oblectabar
1266 1136 1434 1189 specula,
1457 1136 1707 1174 Dolabellam
1729 1150 1870 1182 meam,
1895 1138 1953 1176 vel

569 1204 702 1255 potius
736 1202 924 1246 nostrum,
957 1202 1040 1240 fore
1067 1203 1114 1240 ab
1143 1203 1188 1240 iis
1218 1202 1420 1246 molestiis,
1453 1216 1546 1254 quas
1574 1202 1753 1240 libertate
1772 1203 1836 1240 sua
1856 1217 1953 1241 con-

571 1278 750 1312 traxerat,
783 1268 968 1306 liberum.
1002 1268 1135 1305 Velim
1158 1281 1318 1320 quaeras,
1341 1281 1439 1319 quos
1462 1267 1528 1304 ille
1549 1268 1629 1305 dies
1652 1267 1887 1313 sustinuerit,
1911 1269 1951 1307 in

571 1334 666 1370 urbe
687 1333 782 1371 dum
803 1332 896 1377 fuit,
928 1346 1046 1385 quam
1067 1333 1223 1370 acerbos
1245 1333 1330 1377 fibi,
1363 1345 1481 1384 quam
1501 1331 1602 1369 mihi
1632 1333 1701 1386 ipsi
1723 1333 1852 1371 socero
1873 1348 1951 1372 non

567 1399 763 1437 honestos.
809 1400 944 1451 Itaque
981 1413 1105 1451 neque
1139 1413 1211 1450 ego
1246 1397 1352 1436 hunc
1388 1397 1689 1450 Hispaniensem
1718 1399 1848 1436 casum
1879 1413 1949 1437 ex-

568 1466 695 1516 pecto,
728 1464 773 1501 de
794 1478 874 1516 quo
896 1463 994 1501 mihi
1016 1464 1264 1516 exploratum
1285 1464 1337 1501 est
1359 1464 1411 1501 ita
1431 1463 1516 1508 esse,
1549 1473 1591 1500 ut
1619 1473 1660 1501 tu
1683 1464 1846 1509 scribis,
1879 1479 1949 1503 nec

567 1530 787 1582 quidquam
808 1529 927 1567 astute
948 1530 1096 1581 cogito.
1146 1530 1183 1566 Si
1215 1529 1371 1581 quando
1399 1529 1472 1566 erit
1500 1529 1650 1574 civitas,
1682 1530 1755 1567 erit
1775 1529 1950 1582 profecto

567 1595 681 1633 nobis
703 1595 812 1633 locus
833 1611 840 1632 :
875 1595 928 1632 fin
950 1605 1079 1632 autem
1102 1608 1179 1632 non
1202 1595 1288 1639 erit,
1321 1594 1361 1631 in
1383 1593 1531 1631 easdem
1553 1594 1781 1632 solitudines
1808 1604 1848 1632 tu
1870 1596 1950 1648 ipse

568 1662 632 1712 (ut
652 1661 834 1709 arbitror)
859 1661 1003 1704 venies,
1035 1661 1075 1697 in
1095 1661 1240 1711 quibus
1262 1673 1331 1697 nos
1353 1659 1560 1696 consedisse
1584 1659 1729 1697 audies.
1777 1660 1848 1697 Sed
1878 1674 1949 1712 ego

566 1726 717 1764 fortass'e
738 1727 942 1771 vaticinor,
961 1735 998 1763 et
1019 1725 1100 1763 haec
1121 1727 1254 1763 omnia
1273 1726 1453 1763 meliores
1474 1724 1677 1762 habebunt
1698 1726 1840 1764 exitus.
1865 1727 1947 1764 Re-

565 1793 703 1830 cordor
724 1792 830 1830 enim
851 1791 1132 1843 desperationes
1155 1805 1305 1836 eorum,
1337 1791 1407 1842 qui
1437 1790 1541 1827 senes
1572 1799 1678 1827 erant
1707 1791 1948 1829 adolescente

565 1872 641 1896 me.
685 1859 763 1895 Eos
786 1870 858 1908 ego
879 1855 1029 1893 fortafi‘e
1051 1870 1155 1894 nunc
1178 1857 1326 1901 imitor,
1358 1864 1395 1892 et
1418 1864 1506 1893 utor
1527 1855 1647 1893 aetatis
1669 1856 1780 1893 vitio.
1813 1857 1947 1894 Velim

565 1923 619 1960 ita
650 1923 709 1960 fit.
755 1922 825 1960 Sed
855 1930 983 1958 tamen
1013 1931 1144 1973 togam
1173 1930 1398 1973 praetextam
1427 1920 1506 1957 texi
1530 1920 1664 1972 Oppio
1691 1930 1789 1972 puto
1818 1930 1854 1958 te
1875 1935 1944 1959 au-

563 1988 669 2026 diffe,
717 1989 831 2027 Nam·
857 1988 1018 2024 Curtius
1053 1987 1177 2025 noster
1210 1985 1428 2038 dibaphum
1460 1985 1634 2037 cogitat:
1669 1985 1732 2023 sed
1758 2000 1849 2024 eum
1881 1988 1944 2025 in-

562 2054 685 2092 festor
705 2063 892 2091 moratur.
931 2054 1023 2090 Hoc
1043 2053 1219 2105 adspersi,
1252 2062 1295 2090 ut
1315 2053 1430 2090 scires
1451 2065 1513 2089 me
1535 2060 1663 2089 tamen
1684 2052 1725 2089 in
1747 2052 1945 2092 stomacho

562 2119 680 2156 solere
720 2118 856 2156 ridere.
907 2118 1124 2156 Dolabellae
1164 2118 1271 2170 quod
1310 2116 1454 2168 scripfi,
1494 2115 1632 2153 suadeo
1671 2116 1813 2162 videas,
1855 2126 1942 2155 tan-

561 2197 680 2236 quam
702 2184 728 2221 fi
750 2193 815 2221 tua
835 2195 891 2220 res
913 2192 1061 2234 agatur.
1086 2184 1323 2221 Extremum
1343 2181 1444 2220 illud
1464 2181 1562 2226 erit;
1586 2194 1655 2218 nos
1677 2181 1778 2220 nihil
1801 2182 1941 2220 turbu-

561 2249 700 2294 lenter,
723 2248 824 2286 nihil
846 2258 1005 2294 temere,
1037 2247 1239 2286 faciemus.
1274 2249 1335 2286 Te
1355 2257 1484 2285 tamen
1506 2260 1674 2290 oramu8‚
1697 2247 1941 2298 quibuscun—

562 2329 637 2367 que
664 2315 808 2353 erimus
841 2314 882 2351 in
911 2315 1036 2360 terris,
1069 2324 1112 2352 ut
1144 2328 1214 2352 nos
1242 2313 1462 2366 liberosque
1477 2302 1630 2350 *nostros
1652 2313 1705 2350 ita
1726 2322 1868 2359 tueare,
1900 2324 1943 2352 ut

561 2380 735 2418 amicitia
754 2379 879 2419 nostra
898 2387 936 2417 et
959 2388 1023 2417 tua
1042 2379 1137 2418 fides
1159 2379 1385 2432 postulabit.
1418 2378 1528 2416 Vale.
