2351 2997
516 211 564 262 36
858 211 1539 252 EPISTOLARUM

518 444 581 483 M.
598 445 716 483 T.C.
735 446 894 484 CAEmo
918 447 1060 490 RUFO,
1083 447 1237 484 AEDILI
1263 447 1441 484 CURULI
1469 460 1757 495 DESIGNATO,
1781 449 1818 488 S.
1835 450 1890 488 D.

518 573 592 610 IX.
608 572 911 644 PRIMUM
933 572 1021 618 tibi,
1044 583 1087 611 ut
1108 573 1244 618 debeo,
1266 573 1453 626 gratulor,
1476 575 1661 627 laetorque
1681 589 1772 614 cum
1792 591 1891 629 prae-

694 638 807 682 senti,
834 647 919 676 tum
940 640 1058 677 etiam
1079 639 1224 691 sperata
1244 648 1310 677 tua
1329 639 1534 691 dignitate,
1557 641 1674 678 serius
1696 655 1774 679 non
1796 655 1892 694 neg-

516 702 679 754 ligentia
698 716 797 748 mea,
815 703 878 741 sed
898 704 1141 755 ignoratione
1162 718 1291 742 rerum
1311 706 1507 743 omnium.
1541 707 1586 743 In
1603 705 1664 744 his
1681 707 1788 744 enim
1809 706 1893 744 sum

516 768 630 814 locis,
661 783 741 821 quo
773 778 812 807 et
845 779 1002 821 propter
1036 771 1384 823 longinquitatem,
1415 780 1454 809 et
1487 781 1646 824 propter
1674 772 1892 817 latrocinia,

517 832 726 871 tardiffime
745 834 878 871 omnia
896 833 1159 886 perferuntur.
1193 836 1246 873 Et
1266 848 1358 872 cum
1379 835 1567 886 gratulor,
1586 844 1673 874 tum
1692 850 1783 874 vero
1802 837 1893 889 qui-

518 897 591 936 bus
613 899 738 938 verbis
762 900 835 937 tibi
855 900 994 951 gratias
1015 913 1141 952 agam,
1173 914 1251 939 non
1274 901 1422 953 reperio
1440 916 1448 939 :
1482 901 1588 953 quod
1614 901 1668 940 ita
1687 900 1811 940 faetus
1832 902 1894 947 fis,

517 972 562 1001 ut
600 963 749 1002 dederis
790 965 927 1010 nobis,
958 965 1292 1018 quemadmodum
1331 965 1529 1019 scripseras
1568 966 1615 1004 ad
1653 980 1739 1012 me,
1774 980 1895 1020 quem

517 1029 667 1083 semper
699 1030 822 1068 ridere
855 1031 1062 1083 poffemus.
1110 1033 1269 1083 Itaque,
1300 1045 1393 1069 cum
1427 1033 1603 1084 primum
1636 1031 1791 1077 audivi,
1822 1045 1898 1084 ego

518 1095 587 1133 ille
617 1095 698 1148 ipse
728 1095 851 1134 faetus
879 1096 991 1134 sum:
1025 1097 1111 1142 scis,
1143 1110 1261 1149 quem
1289 1097 1444 1135 dicam:
1475 1098 1616 1149 egique
1642 1111 1777 1135 omnes
1804 1097 1896 1136 illos

518 1160 791 1207 adolescentes,
823 1175 921 1214 quos
953 1162 1020 1199 ille
1044 1163 1209 1214 jaetitat.
1253 1163 1430 1200 Difficile
1449 1163 1502 1200 est
1532 1163 1657 1215 loquI.
1702 1160 1751 1201 Te
1777 1172 1896 1201 autem

518 1228 754 1279 contemplans
772 1226 955 1280 algsbntem,
985 1236 1021 1265 et
1041 1228 1140 1280 quast
1154 1237 1268 1266 tecum
1287 1241 1403 1266 coram
1422 1228 1594 1280 loquerer,
1626 1229 1723 1272 Non,
1753 1227 1894 1281 a'depol,

518 1302 689 1344 quantam
717 1292 828 1344 egeris
853 1307 942 1336 rem,
971 1306 1079 1345 neque
1107 1302 1279 1345 quantum
1292 1292 1445 1345 facinus
1458 1293 1607 1345 fi’ceris.
1655 1293 1773 1345 Qod
1805 1295 1897 1346 quia

518 1367 655 1409 praeter
688 1359 915 1410 opinionem
950 1358 1051 1395 mihi
1088 1358 1301 1403 acciderat,
1342 1357 1554 1396 referebam
1588 1373 1651 1396 me
1684 1359 1731 1396 ad
1765 1359 1892 1398 illud:

518 1422 725 1461 Incredibile
751 1423 814 1461 boc
827 1423 941 1476 saft'u
969 1423 1145 1474 objicitur.
1192 1425 1368 1476 Repente
1390 1437 1478 1461 vero
1499 1423 1628 1461 inceffi
1650 1423 1801 1462 omnibus
1829 1425 1894 1462 lae-

519 1489 623 1527 titiis.
670 1489 715 1526 In
746 1502 825 1540 quo
855 1503 946 1526 cum
974 1490 1212 1541 objurgarer‚
1244 1488 1350 1541 quod
1372 1488 1496 1526 nimio
1516 1488 1658 1541 gaudio
1678 1503 1777 1541 pene
1797 1489 1894 1528 defi-

518 1567 676 1605 perem,
719 1554 773 1591 ita
810 1568 873 1592 me
911 1554 1194 1592 defendebam:
1238 1556 1316 1606 Ego
1350 1553 1568 1606 voluptatem
1601 1554 1713 1592 animi
1737 1555 1894 1593 nimiam.

519 1620 630 1672 Qid
662 1620 832 1672 quaeris?
865 1620 959 1657 dum
993 1621 1109 1657 illum
1141 1620 1261 1664 rideo,
1293 1633 1390 1672 pene
1423 1620 1506 1657 sum
1538 1619 1661 1657 faetus
1694 1620 1776 1658 ille.
1823 1621 1896 1658 Sed

518 1684 602 1723 haec
630 1684 809 1736 pluribus
827 1703 838 1729 ς
869 1685 1073 1737 multaque
1093 1685 1167 1722 alia
1187 1694 1225 1722 et
1245 1685 1291 1722 de
1313 1693 1364 1729 te,
1396 1693 1434 1722 et
1454 1684 1500 1722 ad
1522 1693 1573 1729 te,
1605 1697 1696 1722 cum
1720 1685 1895 1736 primum

518 1764 584 1788 ero
604 1749 753 1802 aliquid
773 1751 844 1788 otii
866 1752 1012 1789 naetus.
1045 1752 1106 1788 Te
1126 1764 1230 1795 vero,
1261 1750 1316 1788 mi
1339 1748 1458 1794 Rufe,
1488 1750 1625 1802 diligo,
1655 1763 1774 1802 quem
1793 1750 1895 1788 mihi

520 1815 677 1854 fortuna
692 1815 799 1852 dedit
815 1815 1136 1868 amplificatorem
1149 1815 1354 1867 dignitatis
1371 1828 1481 1859 meae‚
1498 1814 1667 1852 ultorem
1683 1828 1761 1852 non
1778 1814 1897 1853 modo

520 1882 789 1924 inimicorum,
813 1881 874 1917 sed
895 1881 1011 1918 etiam
1032 1880 1255 1919 invidorum
1276 1893 1479 1925 meorum;
1503 1888 1547 1917 ut
1566 1893 1629 1918 eos
1650 1880 1794 1932 partim
1814 1879 1897 1918 sce-2

520 1947 645 1984 lerum
665 1945 837 1990 suorum,
871 1946 1011 1998 partim
1032 1946 1148 1984 etiam
1170 1947 1420 2000 ineptiarum,
1452 1946 1672 1997 poeniteret.
1706 1945 1817 1985 Vale.

531 2143 665 2182 MT.
683 2145 731 2182 C.
749 2144 851 2181 ΙΜΡ.
876 2143 938 2179 M.
960 2142 1119 2179 CAELlo
1142 2142 1285 2186 RUFO,
1309 2143 1749 2181 AED.CUR.DE810N.
1774 2142 1811 2179 S.
1831 2143 1886 2180 D.

524 2270 667 2344 X‚T
683 2272 720 2309 U
752 2270 852 2314 vide,
874 2283 993 2323 quam
1013 2270 1058 2307 ad
1080 2283 1142 2306 me
1162 2269 1281 2309 literae
1302 2284 1380 2308 non
1402 2268 1667 2322 perferantur:
1691 2283 1769 2308 non
1791 2269 1898 2307 enim

700 2335 848 2388 poffum
870 2335 1024 2379 adduci,
1044 2344 1087 2372 ut
1108 2335 1173 2372 abs
1195 2344 1247 2380 te,
1269 2335 1397 2388 postea
1418 2348 1535 2387 quam
1556 2334 1677 2372 aedilis
1698 2348 1735 2372 es
1757 2334 1896 2380 faetus,

524 2402 649 2440 nullas
671 2411 806 2453 putem
828 2401 930 2438 datas
948 2420 959 2445 ς
992 2400 1201 2453 praesertim
1221 2414 1315 2438 cum
1335 2400 1424 2439 effet
1445 2410 1550 2438 tanta
1570 2414 1642 2445 res,
1675 2410 1789 2438 tantae
1808 2413 1897 2452 gra-

522 2468 746 2507 tulationis:
770 2467 816 2505 de
838 2476 888 2512 te,
907 2468 998 2519 quia
1018 2466 1122 2519 quod
1144 2466 1364 2519 sperabam,
1389 2467 1435 2506 de
1456 2466 1586 2512 Hillo,
1613 2466 1769 2518 (balbus
1791 2466 1897 2505 enim
