2351 2997
606 252 699 290 AD
757 249 1221 290 FAMILIARES
1281 252 1414 292 LIB.
1466 254 1518 293 Χ.
1684 259 1759 310 263

375 349 506 388 fatuus
527 349 589 388 sis.
629 351 665 386 O
687 350 744 387 mi
765 350 904 394 Furni,
936 363 1054 402 quam
1076 359 1119 388 tu
1141 350 1293 389 causam
1315 361 1422 390 tuam
1444 366 1522 390 non
1547 354 1659 400 nosti,
1693 357 1763 407 qui

375 416 517 453 alienas
539 424 619 452 tam
638 413 754 453 facile
775 415 894 453 discas
916 416 922 453 !
956 417 1023 454 Tu
1045 430 1150 454 nunc
1171 417 1421 456 candidatum
1445 428 1481 456 te
1502 429 1630 471 putas,
1662 429 1699 458 et
1720 421 1761 458 id

375 482 539 532 cogitas,
571 488 615 517 ut
635 490 701 518 aut
721 480 768 519 ad
788 481 949 519 comitia
969 495 1127 527 curras3
1160 492 1240 528 aut,
1273 483 1298 521 fi
1321 484 1405 535 jam
1430 485 1621 530 confecta,
1653 485 1762 524 domi

375 554 451 584 tuae
473 546 517 584 fis
535 565 547 591 3
580 546 729 584 scilicet
749 560 797 584 ne
818 560 911 584 cum
930 548 1105 585 maximo
1125 549 1315 599 periculo,
1339 558 1383 587 ut
1403 551 1554 596 scribis,
1586 551 1762 590 stultiffi-

375 624 464 648 mus
486 611 547 648 fis.
580 611 676 648 Non
697 611 863 649 arbitror
884 620 921 648 te
941 613 995 649 ita
1014 611 1153 649 sentire
1172 627 1180 650 :
1213 626 1348 650 omnes
1371 615 1477 653 enim
1500 624 1586 653 tuos
1608 617 1654 653 ad
1674 609 1761 654 lau*-

374 676 465 713 dem
485 677 657 728 impetus
679 677 785 714 novi.
832 676 952 726 Qod
972 677 1014 721 fi,
1046 685 1089 714 ut
1110 677 1261 722 scribis,
1284 679 1338 715 ita
1359 678 1501 725 sentis3
1535 694 1612 718 non
1635 683 1760 733 tnagis

374 749 428 785 te,
461 753 579 792 quam
607 740 654 777 de
682 748 719 778 te
740 739 940 791 judicium
970 739 1211 792 reprehendo
1235 756 1384 782 meum.
1430 745 1491 781 Te
1522 745 1762 797 adipiscendi

374 804 619 856 magistratus
641 805 820 843 leviffimi
841 814 879 843 et
899 805 1208 857 divulgatiffimi,
1240 808 1266 845 fi
1288 809 1340 845 ita
1360 808 1585 861 adipiscare,
1609 820 1652 848 ut
1673 811 1759 863 ple-

374 870 500 922 rique,
531 884 773 923 praepropera
794 869 989 909 festinatio
1009 871 1176 910 abducet
1203 886 1224 910 a
1248 874 1364 911 tantis
1386 874 1583 919 laudibus,
1615 877 1760 928 quibus

373 944 412 974 te
441 949 576 973 omnes
607 936 648 973 in
681 936 821 974 caelum
848 937 937 988 jure
968 945 1006 975 et
1037 951 1125 976 vere
1156 937 1320 976 ferunt?
1354 939 1514 977 Scilicet
1542 940 1583 977 id
1614 942 1758 993 agitur,

372 1010 509 1039 utrum
542 1001 615 1039 hac
649 1002 856 1054 petitione,
886 1016 934 1040 an
968 1004 1161 1055 proxima,
1192 1013 1334 1056 praetor
1368 1004 1464 1050 fias;
1499 1020 1593 1051 non,
1627 1016 1670 1045 ut
1704 1009 1759 1046 ita

374 1067 422 1105 de
449 1067 650 1120 republica
676 1081 858 1114 mereare,
890 1070 1000 1107 omni
1026 1068 1176 1108 honore
1208 1079 1251 1108 ut
1283 1071 1528 1123 digniffimus
1550 1073 1759 1124 judicere?

374 1134 523 1170 Utrum
545 1133 682 1179 nescis,
714 1147 832 1185 quam
859 1134 935 1172 alte
961 1134 1174 1173 ascenderis
1194 1137 1207 1173 ?
1239 1150 1286 1174 an
1311 1150 1383 1188 pro
1403 1136 1531 1175 nihilo
1552 1138 1592 1175 id
1611 1147 1724 1190 putas
1744 1140 1758 1177 ?

374 1199 413 1236 Si
446 1199 585 1244 nescis,
617 1199 692 1237 tibi
724 1199 912 1252 ignosco;
944 1214 1014 1238 nos
1046 1201 1088 1238 in
1115 1201 1232 1254 culpa
1261 1202 1421 1241 sumus:
1454 1203 1510 1240 fin
1536 1204 1756 1256 intelligi53

375 1262 456 1300 ulla
476 1264 551 1301 tibi
571 1263 624 1301 est
642 1272 822 1316 praetura,
853 1265 915 1302 vel
935 1265 1081 1311 officio,
1112 1266 1219 1318 quod
1240 1268 1369 1318 pauci,
1400 1268 1461 1305 vel
1480 1268 1618 1320 gloria,
1641 1283 1766 1322 quam

372 1341 524 1373 omnes,
561 1328 790 1380 sequuntur,
823 1329 1007 1369 dulcior?
1051 1331 1140 1369 Hac
1169 1332 1217 1369 de
1243 1346 1283 1370 re
1312 1342 1350 1370 et
1380 1347 1452 1386 ego
1481 1343 1520 1372 et
1551 1335 1756 1381 Calvisius,

368 1391 491 1431 homo
511 1393 817 1446 magnijudicii‚
850 1395 988 1447 tuique
1007 1395 1303 1442 amantiffimus,
1335 1406 1373 1435 te
1399 1398 1623 1437 accusamus
1651 1414 1753 1452 quo—

372 1456 483 1496 tidie.
530 1459 705 1496 Comitia
740 1467 884 1505 tamen,
916 1456 1073 1512 quando
1104 1474 1152 1499 ex
1186 1460 1248 1498 his
1280 1462 1441 1513 pendes,
1473 1473 1667 1514 quantum
1698 1464 1758 1502 fa-

371 1535 457 1560 cere
482 1523 697 1575 poffumus,
729 1524 836 1576 quod
867 1525 1005 1564 multis
1039 1525 1086 1563 de
1117 1526 1236 1564 caufis
1269 1527 1496 1579 reipublicae
1525 1529 1760 1567 arbitramur

369 1588 603 1634 conducere,
634 1589 675 1627 in
695 1590 927 1640 januarium
947 1591 1122 1633 mensem
1141 1592 1426 1644 protrudimus.
1469 1594 1596 1633 Vince
1617 1595 1754 1647 igitur,

370 1661 410 1691 et
430 1653 527 1693 vale.

765 1855 1004 1893 CICERO
1048 1856 1292 1898 LEP1D0
1334 1857 1372 1896 S‘.

374 1980 550 2018 XXVII.
668 1980 813 2019 UOD
849 1980 965 2027 mihi,
998 1996 1070 2034 pro
1101 1983 1253 2022 summa
1282 1998 1371 2037 erga
1404 1993 1442 2023 te
1472 1985 1757 2032 benevolentia,

682 2059 832 2097 magnae
865 2061 966 2085 curae
993 2047 1060 2093 est,
1093 2058 1136 2087 ut
1167 2063 1285 2102 quani
1310 2051 1543 2103 ampliffima
1569 2052 1760 2104 dignitate

373 2110 434 2155 fis,
466 2110 626 2148 moleste
647 2111 736 2156 tuli,
769 2120 806 2149 te
826 2112 973 2150 senatui
997 2115 1138 2165 gratias
1160 2129 1238 2154 non
1259 2116 1388 2168 egiffe,
1421 2131 1513 2155 cum
1534 2118 1623 2156 effes
1644 2118 1691 2156 ab
1713 2133 1759 2157 eo

372 2175 508 2213 ordine
528 2185 685 2214 ornatus
712 2176 875 2216 summis
906 2177 1138 2218 honoribus.
1186 2181 1296 2220 Pacis
1327 2183 1428 2220 inter
1458 2184 1559 2221 cives
1590 2185 1759 2222 concili-

372 2240 480 2278 andae
502 2250 538 2279 te
559 2241 751 2293 cupidum
771 2242 842 2281 effe
869 2243 979 2282 laetor
997 2259 1005 2282 ε
1038 2258 1122 2283 ean]
1143 2246 1169 2284 fi
1190 2260 1211 2284 a
1231 2247 1414 2286 servitute
1443 2247 1628 2301 sejungis,
1661 2264 1758 2288 con-

373 2305 472 2344 sules
494 2316 532 2344 et
553 2307 779 2359 reipublicae
800 2318 837 2347 et
858 2309 1042 2362 dignitati
1064 2320 1139 2349 tuae
1159 2328 1167 2351 :
1200 2313 1255 2351 fin
1277 2313 1344 2352 ista
1365 2327 1438 2366 pax
1459 2316 1657 2366 perditum
1682 2316 1757 2353 ho-

372 2372 523 2409 minem
558 2372 598 2410 in
633 2373 899 2424 poffeffionem
933 2376 1248 2428 impotentissimi
1284 2379 1508 2421 dominatus
1538 2381 1758 2418 restitutura

369 2436 438 2481 est,
460 2436 536 2475 hoc
558 2438 690 2476 animo
711 2439 808 2477 scito
828 2440 899 2478 effe
919 2455 1056 2480 omnes
1078 2442 1200 2489 sanos,
1234 2454 1277 2482 ut
1297 2454 1466 2484 mortem
1491 2446 1665 2483 servituti
1686 2459 1754 2482 an-

368 2510 570 2556 teponant.
612 2505 749 2558 Itaque
770 2505 995 2559 sapientius,
1027 2522 1116 2548 meo
1138 2510 1300 2563 quidem
1316 2510 1485 2563 judicio,
1507 2511 1640 2555 facies,
1672 2511 1698 2549 fi
1720 2520 1757 2549 te
