2351 2997
546 293 622 341 264
891 287 1574 327 EPISTOLARUM

543 392 584 429 in
606 391 714 429 istam
736 387 1047 442 pacificationem
1064 400 1142 423 non
1163 387 1400 437 inter-pones,
1419 399 1504 437 quae
1525 398 1650 437 neque
1671 384 1831 431 senatui,
1849 399 1921 424 nec·

542 456 705 509 populo,
739 467 862 504 neque
886 453 1071 503 cuiquam
1099 451 1217 493 bono,
1249 450 1449 501 probatur.
1501 450 1572 487 Sed
1601 450 1683 489 haec
1712 451 1842 488 audies
1871 464 1918 488 ex

543 521 644 565 aliis,
667 528 732 557 aut
752 518 893 555 certior
913 517 980 554 fies
1002 516 1139 554 literis.
1183 517 1249 553 Tu
1270 528 1340 567 pro
1362 523 1427 552 tua
1446 515 1666 567 prudentia,
1697 516 1791 568 quid
1811 517 1917 570 opti-

540 598 656 623 mum
676 582 778 621 fac‘tu
800 582 858 627 fit,
889 580 1054 620 videbis,

882 789 1121 826 CICERO
1163 787 1498 824 TREBONIO
1541 786 1579 824 S.

544 917 743 957 XXVIII.
859 915 1008 952 UAM
1038 914 1180 952 vellem
1209 913 1255 950 ad
1282 913 1367 950 illas
1395 911 1675 963 pulcherrimas
1703 911 1834 963 epulas
1855 924 1918 949 me

867 979 1001 1017 Idibus
1024 979 1180 1015 Martiis
1201 977 1391 1014 invitass'es
1411 976 1418 1013 ἔ
1452 976 1705 1027 reliquiarum
1725 975 1826 1013 nihil
1846 975 1917 1013 ha-

541 1047 739 1085 beremus.
764 1047 818 1083 At
838 1058 943 1082 nunc
964 1058 1055 1081 cum
1070 1043 1132 1080 his
1150 1051 1302 1079 tantum
1319 1042 1467 1092 negotii
1488 1041 1553 1084 est,
1573 1049 1616 1078 ut
1631 1040 1798 1077 vestrum
1818 1040 1919 1077 illud

542 1113 723 1150 divinum
744 1112 784 1149 in
807 1109 1092 1161 rempublicam
1112 1108 1348 1145 beneficium
1369 1105 1601 1143 nonnullam
1621 1105 1759 1143 habeat
1779 1118 1917 1157 quere-

539 1178 635 1216 lam.
669 1177 787 1228 Qod
808 1189 897 1213 vero
918 1189 937 1212 a
959 1184 1009 1218 te,
1031 1174 1114 1211 viro
1134 1174 1302 1225 optimo,
1334 1171 1508 1209 seduCtus
1530 1171 1596 1215 est,
1631 1180 1776 1223 tuoque
1798 1171 1917 1208 bene-

542 1244 634 1282 ficio
653 1243 780 1280 adhuc
800 1242 897 1280 vivit
917 1240 999 1278 haec
1020 1239 1161 1291 pesti53
1194 1239 1406 1282 interdum,
1438 1237 1543 1290 quod
1564 1236 1664 1274 mihi
1685 1237 1750 1274 vix
1771 1236 1826 1274 fas
1849 1236 1915 1280 est,

539 1309 617 1346 tibi
638 1307 875 1345 subirascor:
908 1304 1009 1343 mihi
1036 1305 1141 1341 enim
1169 1303 1317 1355 negotii
1344 1303 1431 1355 plus
1458 1301 1646 1354 reliquisti
1668 1302 1750 1345 uni,
1783 1314 1915 1352 quam,

540 1382 680 1427 praeter
706 1386 783 1417 me,
814 1371 1014 1409 omnibus.
1061 1370 1119 1406 Ut
1143 1368 1248 1405 enim
1269 1369 1442 1420 primum
1463 1367 1547 1418 post
1567 1366 1733 1403 Antonii
1754 1364 1917 1402 foediffi-

542 1453 656 1477 mum
677 1437 878 1475 disceffum
899 1436 1048 1472 senatus
1069 1433 1203 1471 haberi
1222 1433 1343 1470 libere
1363 1432 1507 1484 potuit,
1539 1431 1585 1468 ad
1605 1430 1721 1467 illum
1742 1430 1919 1467 animum

542 1517 677 1541 meum
705 1501 843 1540 reverti
869 1499 1091 1552 pristinum,
1122 1511 1241 1549 quem
1270 1505 1313 1534 tu
1345 1509 1435 1533 cum
1469 1496 1551 1532 cive
1579 1495 1780 1539 acerrimo,
1813 1503 1918 1545 patre

541 1577 626 1612 tuo,
658 1568 698 1604 in
719 1579 784 1603 ore
803 1573 842 1602 et
861 1577 990 1601 amore
1011 1562 1161 1613 semper
1180 1560 1362 1598 habuisti.
1409 1561 1530 1603 Nam,
1562 1572 1654 1596 cum
1684 1559 1857 1596 senatum
1882 1570 1916 1596 a„

541 1633 582 1670 d.
608 1645 695 1670 >1111
720 1631 809 1668 Kal.
833 1630 1030 1680 Januarias
1052 1627 1201 1664 tribuni
1222 1626 1347 1677 plebis
1368 1623 1614 1667 vocavissent,
1644 1623 1768 1675 deque
1788 1624 1860 1660 alia
1880 1636 1920 1660 re

543 1697 744 1740 referrent,
777 1703 899 1732 totam
919 1692 1205 1744 rempublicam
1226 1691 1310 1728 sum
1331 1689 1577 1741 complexus,
1608 1690 1748 1740 egique
1777 1688 1918 1726 acerri-

540 1776 619 1807 me,
641 1762 893 1810 senatumque
907 1759 991 1809 jam
1012 1757 1264 1808 languentem
1284 1763 1322 1792 et
1343 1753 1529 1791 defeffum
1550 1753 1595 1790 ad
1616 1753 1816 1805 pristinam
1838 1753 1918 1790 vir—

542 1836 669 1865 tutem
704 1823 1104 1874 consuetudinemque
1139 1820 1326 1864 revocavi,
1366 1819 1490 1870 magis
1525 1819 1661 1862 animi,
1701 1832 1819 1870 quam
1853 1819 1917 1855 in-

541 1892 663 1944 genii,
693 1890 857 1929 viribus.
900 1887 981 1925 Hic
1002 1887 1097 1930 dies,
1128 1898 1290 1936 meaque
1309 1884 1512 1921 contentio
1533 1892 1648 1934 atque
1668 1883 1780 1926 actio,
1812 1883 1918 1934 spem

541 1958 716 2010 primum
738 1953 885 2006 populo
906 1953 1087 1989 Romano
1115 1950 1249 1988 attulit
1279 1948 1469 1986 libertatis
1501 1947 1782 1999 recuperandae.
1830 1949 1917 1985 Nec

540 2035 632 2060 vero
652 2021 731 2072 ipse
751 2019 878 2071 postea
898 2026 1052 2068 tempus
1075 2016 1202 2053 ullum
1223 2013 1409 2052 intermifi
1428 2013 1473 2050 de
1490 2013 1689 2064 republica
1709 2026 1787 2050 non
1805 2014 1914 2064 cogi-

542 2086 650 2125 tandi
671 2085 811 2128 solum,
843 2082 905 2120 sed
925 2082 1042 2119 etiam
1063 2080 1215 2132 agendi.
1262 2079 1381 2130 Qod
1407 2078 1475 2116 nifi
1498 2091 1554 2115 res
1578 2078 1739 2115 urbanas
1760 2079 1918 2130 :istaque

542 2152 675 2191 omnia
694 2150 741 2189 ad
762 2158 798 2187 te
819 2147 978 2200 perferri
1000 2147 1216 2190 arbitrarer,
1249 2145 1328 2197 ipse
1357 2144 1660 2197 perscriberem3
1691 2157 1919 2195 quanquam

541 2230 647 2254 eram
668 2213 850 2253 maximis
867 2211 1190 2264 occupationibus
1212 2210 1439 2262 impeditus,
1474 2208 1544 2246 Sed
1566 2209 1632 2246 illa
1648 2208 1854 2259 cognosces
1871 2222 1919 2246 ex

541 2281 650 2325 aliis;
673 2293 693 2316 a
713 2292 774 2316 me
795 2290 927 2329 pauca,
949 2285 987 2314 et
1007 2289 1048 2313 ea
1067 2275 1307 2313 summatim.
1332 2275 1536 2312 Habemus
1553 2272 1696 2310 fortem
1717 2273 1912 2317 senatum;

542 2344 758 2384 consulares
780 2343 922 2394 partim
947 2341 1122 2385 timidos,
1154 2341 1296 2392 partim
1326 2339 1426 2376 male
1456 2339 1674 2376 sentientes.
1721 2338 1918 2389 Magnum

542 2410 731 2448 damnum
750 2407 898 2445 factum
924 2406 976 2444 est
1006 2406 1047 2443 in
1076 2406 1219 2442 Servio.
1267 2405 1315 2442 L.
1341 2404 1464 2441 Caesar
1493 2404 1641 2455 optime
1663 2402 1804 2440 sentit:
1836 2401 1914 2446 sed,

542 2475 649 2527 quod
668 2473 883 2512 avunculus
903 2471 970 2516 est,
1002 2485 1080 2509 non
1102 2471 1303 2508 acerrimas
1331 2469 1428 2507 dicit
1458 2469 1678 2507 sententias.
1726 2466 1913 2505 Consules

537 2539 714 2593 egregii:
746 2538 951 2593 praeclarus
979 2538 1033 2576 D„
1058 2538 1228 2575 Brutus:
1262 2548 1356 2587 puer
1383 2535 1561 2588 egregius
1592 2533 1730 2579 Caesar,
1761 2531 1807 2569 de
1836 2544 1916 2583 quo
