2351 2997
646 268 739 305 AD
800 266 1267 307 FAMILIARES
1329 272 1459 310 ΜΒ.
1511 275 1562 311 η,
1744 292 1794 330 43

409 380 538 408 natam
559 378 596 408 et
617 384 737 422 prope
752 371 950 422 jacentem
976 370 1255 416 desciscerem3
1288 383 1354 410 aut
1386 383 1464 412 tarn
1495 375 1795 421 inconstantem,

409 444 452 472 ut
472 435 677 473 collectam
698 436 863 488 gratiam
888 436 1146 475 florentiffimi
1176 437 1351 476 hominis
1379 439 1638 486 effunderem,
1670 456 1690 478 a
1711 456 1794 480 me—

408 514 484 551 que
506 501 585 553 ipse
606 501 827 547 deficerem,
850 511 902 548 et,
921 503 1028 555 quod
1048 503 1165 542 initio
1186 504 1414 557 semperque
1434 504 1535 557 fugi,
1559 507 1668 544 civili
1691 507 1796 545 bello

406 565 639 606 interessem.
685 568 804 619 Qod
826 568 878 606 est
908 568 1031 620 igitur
1050 582 1185 607 meum
1207 570 1311 607 triste
1331 571 1539 609 confilium
1561 573 1573 609 ?
1606 582 1648 610 ut
1669 572 1792 610 disce-

405 631 538 670 derem
570 633 722 671 fortaffe
754 634 795 671 in
827 634 975 686 aliquas
1005 633 1263 680 solitudines;
1297 636 1396 673 nosti
1422 637 1530 674 enim
1563 651 1640 675 non
1675 638 1794 676 modo

403 697 594 736 stomachi
615 700 708 744 mei,
741 700 853 751 cujus
883 708 925 737 tu
947 699 1114 737 similem
1136 700 1336 752 quondam
1367 701 1551 747 habebas,
1584 703 1646 741 sed
1676 704 1795 742 etiam

402 763 625 809 oculorum,
662 766 703 802 in
738 764 951 803 hominum
991 765 1247 804 insolentium
1286 767 1536 818 indignitate,
1577 767 1791 807 fastidium.

402 829 568 866 Accedit
589 829 707 867 etiam
729 830 890 868 molesta
910 829 993 868 haec
1016 845 1160 884 pompa
1183 831 1368 869 libiorum
1397 846 1592 878 meorum,
1624 848 1791 872 nomen-

401 908 477 946 que
498 896 671 948 imperii‚
704 909 783 947 quo
804 896 993 949 appellor.
1028 898 1088 934 Eo
1109 898 1135 934 fi
1156 911 1272 936 onere
1293 912 1478 944 carerem,
1501 901 1680 952 quamvis
1702 915 1791 953 par·-

400 961 458 999 vis
492 961 614 1000 Italiae
641 962 800 1000 latebris
834 971 1042 1000 contentus
1076 963 1205 1002 effem.
1249 964 1320 1002 Sed
1353 965 1520 1004 incurrit
1551 965 1634 1004 haec
1668 967 1794 1005 nostra

400 1026 531 1065 laurus
554 1041 632 1065 non
654 1028 781 1066 solum
804 1029 843 1066 in
865 1029 1016 1074 oculos,
1049 1029 1111 1067 sed
1138 1031 1222 1082 jam
1254 1031 1372 1069 etiam
1406 1032 1446 1068 in
1479 1032 1636 1070 voculas
1667 1033 1791 1071 male-

401 1093 597 1132 volorum.
631 1094 751 1146 Qod
773 1108 865 1132 cum
888 1095 940 1132 ita
961 1095 1065 1140 efl‘et,
1093 1095 1194 1133 nihil
1217 1104 1347 1134 tamen
1370 1110 1544 1150 unquam
1564 1098 1612 1136 de
1633 1099 1790 1152 profec-

399 1159 520 1204 tione,
553 1160 622 1198 nifi
655 1161 766 1198 vobis
799 1161 1124 1213 approbantibUS,
1154 1162 1340 1213 cogitavi.
1387 1163 1459 1200 Sed
1492 1177 1577 1202 mea
1607 1166 1792 1218 praediola

399 1224 472 1261 tibi
495 1233 586 1262 nota
606 1225 717 1264 sunt:
751 1226 791 1263 in
812 1225 874 1263 his
897 1225 998 1264 mihi
1020 1227 1166 1264 necesse
1186 1227 1239 1264 est
1259 1228 1345 1273 effe,
1378 1243 1425 1266 ne
1446 1231 1582 1268 amicis
1605 1231 1789 1269 molestus

397 1290 482 1328 fim.
507 1291 627 1342 Qod
648 1301 778 1329 autem
801 1292 839 1329 in
859 1293 1068 1329 maritimis
1090 1292 1281 1331 facillime
1302 1294 1401 1340 sum,
1425 1309 1564 1334 moveo
1585 1299 1789 1336 nonnullis

398 1356 657 1409 suspicionem
681 1358 780 1395 velle
801 1372 863 1395 me
886 1359 1068 1410 navigare
1088 1374 1095 1396 :
1129 1359 1236 1411 quod
1267 1369 1396 1398 tamen
1422 1361 1575 1400 fortasse
1596 1377 1675 1401 non
1697 1365 1787 1402 nol-

397 1422 491 1468 lem,
524 1423 548 1461 fi
571 1423 717 1476 poffem
739 1424 784 1461 ad
806 1425 962 1470 otium;
997 1438 1086 1462 nam
1108 1425 1153 1462 ad
1176 1425 1328 1464 bellum
1356 1427 1517 1479 quidem
1545 1430 1615 1481 qui
1641 1444 1787 1469 conve-

394 1488 487 1526 nit?
519 1489 732 1541 praesertim
753 1499 889 1527 contra
909 1504 1015 1536 eum,
1047 1491 1112 1528 cui
1142 1491 1250 1543 spero
1279 1506 1341 1530 me
1369 1492 1618 1539 satisfeciffe;
1650 1496 1698 1533 ab
1725 1510 1786 1542 eo,

395 1554 460 1592 cui
495 1563 624 1593 tamen
660 1555 835 1594 satisfieri
871 1556 982 1594 nullo
1017 1557 1136 1594 modo
1171 1557 1326 1610 potest?
1364 1559 1520 1598 Deinde
1554 1560 1787 1601 sententiam

394 1633 522 1657 meam
544 1630 586 1657 tu
607 1620 798 1659 facillime
819 1622 1033 1673 perspicere
1054 1614 1215 1674 potuisti
1231 1625 1315 1675 jam
1332 1624 1379 1661 ab
1396 1625 1467 1663 illo
1485 1635 1675 1679 tempore,
1692 1642 1786 1666 cum

393 1684 434 1721 in
457 1685 685 1723 Cumanum
706 1686 807 1724 mihi
827 1687 984 1725 obviam
1005 1688 1156 1726 venisti.
1190 1689 1285 1726 Non
1306 1691 1414 1727 enim
1436 1700 1473 1728 te
1494 1692 1616 1731 celavi
1637 1693 1784 1732 sermo·-

395 1764 485 1788 nem
506 1752 559 1788 T.
584 1751 722 1803 Ampii
740 1767 748 1789 :
780 1752 924 1797 vidisti,
956 1766 1076 1805 quam
1097 1752 1345 1792 abhorrerem
1368 1756 1415 1792 ab
1437 1756 1533 1793 urbe
1554 1758 1783 1811 relinquen-

392 1815 453 1860 da,
485 1829 577 1854 cum
607 1816 807 1855 audiffem.
853 1818 1000 1856 Nonne
1033 1819 1108 1855 tibi
1140 1819 1343 1864 affirmavi,
1375 1821 1531 1873 quidvis
1560 1837 1623 1861 me
1650 1826 1782 1876 potius

390 1882 672 1934 perpessurum,
697 1897 815 1935 quam
837 1897 884 1922 ex
906 1884 1019 1922 Italia
1039 1884 1084 1921 ad
1108 1884 1260 1922 bellum
1282 1885 1398 1923 civile
1419 1888 1617 1926 exiturum
1636 1891 1648 1926 ?
1717 1891 1783 1927 uid

390 1961 483 2000 ergo
503 1948 661 1993 accidit,
684 1962 754 1986 cur
774 1949 982 1988 consilium
1004 1959 1199 1988 mutarem
1218 1952 1230 1988 ?
1263 1965 1393 1989 nonne
1414 1954 1548 1990 omnia
1567 1956 1713 2006 potius,
1739 1965 1782 1993 ut

390 2014 432 2051 in
454 2014 642 2051 sententia
662 2029 931 2067 permanerem
950 2018 963 2053 ?
997 2017 1140 2054 Credas
1161 2015 1240 2055 hoc
1260 2017 1362 2055 mihi
1384 2019 1519 2064 velim,
1551 2021 1659 2072 quod
1683 2031 1781 2074 puto

390 2088 428 2117 te
448 2079 681 2125 existimare,
712 2094 776 2118 me
808 2095 855 2119 ex
889 2081 950 2120 his
984 2083 1149 2120 miseriis
1178 2082 1281 2121 nihil
1303 2084 1408 2121 aliud
1430 2099 1613 2137 quaerere,
1646 2088 1714 2125 nifi
1737 2098 1781 2126 ut

388 2144 569 2183 homines
587 2146 797 2198 aliquando
814 2147 1054 2199 intelligant,
1073 2162 1136 2186 me
1152 2148 1253 2186 nihil
1272 2149 1460 2194 maluisse,
1480 2165 1599 2202 quam
1620 2165 1777 2203 pacem,

388 2224 431 2248 ea
450 2210 659 2263 desperata,
693 2211 793 2249 nihil
817 2223 896 2250 tam
918 2212 1071 2265 fugiffe,
1102 2227 1222 2266 quam
1242 2228 1349 2252 arma
1369 2216 1514 2253 civilia.
1560 2217 1694 2269 Hujus
1716 2232 1779 2257 me

388 2275 611 2314 constantiae
632 2287 729 2329 puto
750 2277 833 2316 fore
855 2287 898 2316 ut
924 2293 1128 2332 nunquam
1156 2280 1359 2332 poeniteat.
1404 2282 1566 2321 Etenim
1596 2284 1776 2329 memini,

387 2342 428 2378 in
450 2340 526 2378 hoc
542 2355 681 2393 genere
697 2343 854 2395 gloriari
876 2344 1038 2382 solitum
1054 2345 1126 2383 effe
1146 2345 1382 2383 familiarem
1400 2346 1574 2385 nostrum
1595 2349 1776 2400 QHor-

387 2407 569 2451 tensium,
601 2408 707 2458 quod
735 2423 938 2462 nunquam
966 2410 1073 2448 bello
1099 2411 1209 2449 civili
1237 2411 1485 2452 interfuisset.
1530 2414 1621 2451 Hoc
1652 2414 1778 2452 nostra

387 2472 470 2510 laus
492 2472 565 2510 erit
586 2473 787 2519 illustrior,
819 2473 925 2528 quod
948 2476 1008 2513 illi
1031 2477 1278 2515 tribuebatur
1297 2478 1489 2529 ignaviae3
1523 2479 1569 2516 de
1598 2479 1710 2517 nobis
1736 2480 1775 2517 id

384 2539 597 2577 existimari
620 2539 722 2593 pofl'e
745 2554 821 2580 non
844 2542 1024 2581 arbitror.
1059 2544 1147 2582 Nec
1168 2558 1231 2582 me
1252 2543 1320 2581 ista
1341 2553 1501 2589 terrent,
1528 2558 1614 2597 qua:
1635 2544 1736 2583 mihi
1756 2560 1776 2583 a

1390 2609 1422 2646 F
1454 2622 1472 2646 2⁸
