2351 2997
490 294 567 331 244
833 286 1516 325 EPISTOLARUM

486 380 613 419 invitis
643 382 856 435 quibusdam,
879 384 987 436 fiiri,
1022 383 1109 436 quid
1134 383 1310 435 defensuri
1339 383 1487 436 effimus,
1517 397 1584 422 non
1613 382 1689 436 eff’t
1713 382 1860 434 pericu*

485 445 601 497 losum.
633 449 695 485 Ita
714 462 892 499 nunquam
912 447 1094 499 dfftebor‚
1115 448 1228 485 multa
1246 462 1311 491 me,
1333 457 1374 485 ut
1394 448 1445 486 ad
1459 448 1616 500 effet't‘um
1635 448 1758 486 horum
1777 461 1860 485 con-

471 511 634 560 stliorum
658 513 899 563 pervenirem,
930 522 965 550 et
1010 512 1160 564 zmulaffl’
1188 512 1356 556 invitum,
1387 521 1422 550 et
1454 512 1661 564 dffmulaffi’
1692 526 1769 551 cum
1798 511 1860 550 do-

485 575 556 612 lore
571 593 582 619 3
614 575 713 628 quod,
738 586 971 629 praematura
997 577 1216 616 denuntiatio
1244 577 1326 615 boni
1343 577 1432 615 civis
1451 577 1626 629 imparati
1641 591 1744 630 quam
1759 577 1860 628 peri-

487 639 598 692 culostz
618 641 707 693 (stet,
737 656 779 679 ex
797 642 878 692 casu
898 643 1035 694 college
1054 642 1227 680 videbam.
1273 643 1350 693 Qo
1379 641 1512 680 nomine
1531 642 1636 680 etiam
1658 644 1701 680 C.
1724 641 1862 689 Furnio

487 705 613 756 legato,
644 706 837 758 viro-forti
851 716 957 760 atque
963 707 1122 761 strenuo,
1145 708 1258 759 plura
1277 707 1382 745 etiam
1401 707 1523 752 verbo,
1545 721 1648 760 quam
1653 706 1862 759 scriptura,

487 769 657 808 mandata
677 771 827 810 dedimus
841 790 853 817 3
885 781 927 810 ut
947 782 981 810 et
1000 772 1125 811 tectius
1145 772 1196 810 ad
1209 787 1272 810 vos
1283 773 1552 824 perfirrentur‚
1583 781 1618 810 et
1646 786 1706 810 nos
1731 771 1865 824 astemus

488 835 637 874 tutiores
651 853 665 875 .·
696 837 882 890 quibzffque
900 838 1002 876 rebus
1021 847 1055 876 et
1074 851 1280 876 communem
1286 838 1443 889 salutem
1471 837 1617 881 muniri,
1651 847 1686 876 et
1712 851 1772 875 nos
1795 851 1863 874 ar-

487 902 594 946 mari,
613 903 829 947 conveniret,
841 904 1084 956 [accepimus.
1117 905 1176 941 Ex
1196 917 1261 956 quo
1276 903 1428 955 intelligi
1436 903 1560 955 potest,
1579 917 1702 941 curam
1719 901 1862 954 reipub-

491 966 568 1004 licae
575 967 724 1017 ficmmae
743 968 962 1019 ch‘jendendce
967 967 1182 1020 jampridem
1200 967 1300 1020 apud
1321 982 1381 1008 nos
1406 967 1590 1005 excubare.
1634 968 1759 1011 Nunc,
1789 981 1868 1005 cum

488 1030 586 1068 deum
606 1032 822 1084 benignitate
840 1033 885 1071 ab
913 1033 1007 1072 omni
1031 1048 1071 1071 re
1084 1034 1212 1084 fiemus
1233 1033 1452 1084 paratiores,
1482 1045 1549 1069 non
1554 1032 1671 1084 solum
1689 1031 1864 1084 benespe-

489 1110 575 1134 rare
593 1096 633 1135 de
650 1098 746 1136 nohis
766 1098 928 1142 homines,
936 1097 1007 1151 sed
1021 1099 1200 1150 explorate
1208 1097 1387 1149 judicare,
1404 1097 1575 1136 volumus.
1608 1096 1778 1148 Legiones
1796 1096 1866 1134 ha-

490 1161 548 1200 beo
571 1163 721 1215 quinque
736 1163 809 1217 sub
821 1164 953 1216 stgnis,
983 1172 1018 1201 et
1032 1164 1107 1216 fica
1121 1162 1199 1215 fide
1217 1163 1424 1215 virtuteque
1441 1161 1641 1215 rezpublicae
1659 1161 1873 1214 corqjunttffi

477 1227 600 1281 fimas,
629 1237 664 1266 et
692 1228 809 1280 nostra
835 1228 1050 1266 liberalitate
1076 1228 1172 1266 nobis
1199 1227 1414 1282 obsequentes
1429 1243 1442 1265 :
1465 1227 1693 1280 provinciam
1717 1227 1868 1265 omnium

488 1292 680 1332 civitatum
711 1295 868 1346 confivyu
893 1293 1164 1346 paratffmam,
1207 1301 1242 1332 et
1259 1295 1403 1346 stimma
1433 1292 1648 1331 contentione
1679 1291 1731 1330 ad
1757 1291 1867 1344 officia

489 1368 684 1397 certantem
695 1374 709 1397 .·
738 1360 918 1412 equitatus
935 1359 1212 1412 auxiliorumque
1230 1367 1355 1398 tantas
1373 1358 1500 1411 copias,
1531 1367 1684 1411 quantas
1702 1357 1759 1395 hae
1772 1371 1864 1409 gen-

492 1432 544 1462 tes
571 1423 622 1462 ad
647 1424 892 1477 defendendam
910 1426 1019 1477 fitam
1034 1425 1192 1476 salutem
1223 1424 1489 1476 libertatemque
1521 1423 1685 1474 conficere
1710 1422 1863 1475 poffitnt.

489 1490 566 1541 Ipse
585 1490 639 1528 ita
643 1491 729 1542 ficm
753 1489 866 1528 animo
885 1498 1057 1541 paratus,
1087 1500 1129 1528 ut
1159 1489 1221 1528 vel
1237 1489 1463 1541 provinciam
1493 1488 1599 1532 tueri,
1630 1489 1693 1526 vel
1710 1488 1769 1525 ire
1801 1501 1866 1540 quo

489 1555 682 1606 respublica
718 1564 832 1599 vocet,
868 1556 931 1593 vel
958 1555 1102 1595 tradere
1134 1555 1338 1599 exercitum,
1373 1555 1521 1599 auxilia,
1557 1554 1863 1606 provinciamque,

489 1620 553 1658 vel
577 1635 706 1658 omnem
735 1621 900 1672 impetum
929 1621 1011 1659 belli
1036 1621 1073 1658 in
1101 1635 1154 1658 me
1185 1629 1403 1663 convertere,
1434 1634 1501 1657 non
1530 1620 1692 1672 recusem,
1709 1619 1750 1669 si
1774 1617 1867 1656 modo

487 1699 558 1724 meo
577 1687 656 1738 ccfic
673 1695 739 1724 aut
754 1686 960 1738 confirmare
972 1686 1281 1738 patriaefizlutem,
1298 1693 1363 1723 aut
1377 1684 1575 1736 periculum
1584 1684 1702 1736 poſjim
1717 1683 1864 1721 morari.

489 1752 584 1789 Haec
599 1751 641 1801 st
654 1751 736 1801 jam
765 1750 932 1802 expeditis
961 1750 1114 1789 omnibus
1143 1750 1258 1794 rebus,
1290 1750 1549 1802 tranquilloque
1563 1749 1670 1801 statu
1689 1748 1866 1791 civitatis,

481 1816 661 1867 polliceor,
692 1816 729 1854 in
763 1815 886 1854 damno
915 1831 998 1854 meae
1029 1815 1156 1860 laudis,
1186 1815 1386 1868 rezjoublz'eae
1415 1814 1581 1852 commodo
1610 1813 1759 1851 laetabor
1774 1829 1788 1851 .-
1803 1814 1866 1863 fin

489 1881 541 1918 ad
541 1881 746 1933 societatem
772 1881 1078 1932 integerrimormn
1108 1890 1143 1918 et
1172 1880 1402 1918 maximorum
1425 1879 1663 1931 periculorum
1692 1877 1866 1921 accedam,

490 1946 626 1996 consilia
655 1960 730 1983 mea
755 1946 865 1997 aquis
881 1945 1061 1995 judicibus
1079 1945 1124 1982 ab
1154 1944 1404 1983 obtret't'atione
1429 1942 1630 1982 invidorum
1659 1941 1868 1994 defendenda

490 2010 693 2049 commendo.
741 2010 844 2048 J'rIihi
866 2009 999 2062 quidem
1019 2010 1083 2062 ipst
1094 2010 1248 2062 statim
1274 2010 1478 2047 meritorum
1497 2021 1647 2046 meorum
1665 2007 1702 2044 in
1721 2006 1866 2058 reipub-

490 2075 568 2112 licae
596 2074 832 2112 incolumitate
845 2074 946 2124 satis
974 2088 1122 2126 magnus
1150 2073 1194 2127 est
1215 2083 1388 2126 paratus.
1440 2075 1511 2111 Eos
1541 2086 1640 2116 vero,
1672 2071 1734 2123 qui
1760 2085 1868 2108 meam

490 2140 753 2183 austoritatem,
793 2149 828 2177 et
858 2139 965 2176 multo
999 2140 1111 2191 magis
1139 2139 1290 2190 vestram
1305 2138 1428 2191 fidem,
1454 2137 1587 2190 secuti,
1627 2150 1687 2174 nec
1716 2136 1787 2174 ulla
1800 2137 1869 2188 spe

490 2205 614 2257 decipi,
644 2219 706 2243 nec
724 2205 790 2243 ullo
809 2214 903 2242 metu
923 2206 1067 2250 terreri,
1091 2214 1303 2258 potuerunt,
1336 2214 1377 2243 ut
1406 2202 1654 2243 commendatos
1682 2201 1779 2241 vobis
1798 2201 1883 2238 ha«.

490 2269 613 2315 beatis,
638 2269 826 2322 petena'mn
847 2268 1004 2308 videtur.
