2351 2997
642 215 734 254 AD
794 213 1263 253 FAMrLIAREs
1324 214 1455 253 ΜΒ.
1508 217 1598 255 xv.
1737 233 1812 269 409

428 311 583 351 facilius
605 326 668 350 me
699 312 787 357 tibi,
819 326 905 365 quae
935 312 1092 358 vellem,
1124 314 1395 366 probaturum.
1443 316 1546 354 Cum
1582 318 1620 354 in
1651 320 1812 369 provin-

428 379 529 415 ciam
558 377 683 429 pridie
711 378 800 416 Kal.
836 379 941 416 Sext.
971 378 1168 423 veniffem,
1199 388 1238 417 et
1270 389 1428 432 propter
1459 382 1549 418 anni
1584 391 1737 435 tempus
1767 384 1814 419 ad

429 443 646 480 exercitum
668 442 768 480 mihi
790 442 998 481 confestim
1017 443 1089 481 effe
1109 444 1284 482 eundum
1305 443 1491 491 viderem,
1520 447 1686 484 biduum
1710 448 1812 485 Lao—

429 508 546 546 diceae
568 508 640 553 fui,
664 508 803 546 deinde
825 511 1007 561 Apameae
1029 510 1298 561 quatriduum,
1323 511 1498 549 triduum
1522 513 1726 563 Synnadis,
1751 523 1812 550 to-

427 574 550 611 tidem
573 574 652 611 dies
676 573 903 613 Philomeli.
951 575 1109 626 Qibus
1132 575 1171 612 in
1192 575 1349 627 oppidis
1370 590 1460 614 cum
1483 579 1617 630 magni
1639 572 1811 616 convenss

428 648 491 677 tus
512 639 685 684 fuiffent‚
704 640 847 677 multas
865 640 1041 677 civitates
1062 639 1312 678 acerbiffimis
1335 642 1509 687 tributis,
1527 653 1566 681 et
1585 644 1813 695 gravissimis

430 705 569 750 usuris,
600 714 638 743 et
666 704 761 742 falso
788 717 859 742 aere
886 705 1028 749 alieno,
1060 705 1235 742 liberavi.
1284 707 1467 758 Cumque
1494 718 1582 746 ante
1602 709 1814 747 adventum

368 800 370 803 .
429 783 563 808 meum
585 769 771 807 seditione
790 769 958 821 quadam
979 770 1172 807 exercitus
1193 769 1283 808 effet
1303 770 1518 823 diffipatus‚
1547 774 1722 826 quinque
1744 788 1812 812 co—

428 834 560 872 hortes
592 833 668 871 fine
698 833 840 886 legato,
872 833 950 871 fine
979 834 1138 871 tribuno
1169 834 1361 880 militum,
1393 835 1563 888 denique
1589 838 1707 875 etiam
1738 839 1815 875 sine

428 900 657 938 centurione
679 899 777 943 ullo,
799 898 901 950 apud
924 898 1194 936 Philomelum
1214 900 1484 946 consediffent‚
1507 902 1680 955 reliquus
1702 917 1813 941 exer-

429 966 531 1003 citus
562 964 652 1001 effet
682 964 724 1001 in
753 964 977 1015 Lycaonia;
1010 964 1073 1002 M.
1097 965 1255 1002 Anneio
1286 965 1414 1017 legato
1446 967 1647 1019 imperavi,
1681 977 1724 1006 ut
1753 983 1813 1006 eas

430 1030 607 1082 quinque
637 1028 816 1066 cohortes
847 1028 893 1066 ad
923 1028 1121 1080 reliquum
1150 1030 1369 1068 exercitum
1399 1030 1570 1077 duceret,
1603 1035 1815 1086 coactoque

430 1096 471 1133 in
504 1108 629 1132 unum
662 1094 795 1132 locum
827 1095 1016 1139 exercitu,
1047 1093 1165 1132 castra
1195 1095 1236 1132 in
1269 1096 1467 1147 Lycaonia
1497 1098 1599 1150 apud
1632 1100 1816 1137 Iconium

429 1162 587 1200 faceret.
621 1161 739 1213 Qod
761 1174 854 1198 cum
873 1160 921 1198 ab
942 1161 1013 1198 illo
1034 1160 1243 1213 diligenter
1262 1162 1352 1200 effet
1371 1165 1515 1209 aetum,
1544 1178 1617 1217 ego
1637 1166 1678 1202 in
1698 1166 1816 1203 castra

430 1241 465 1266 a.
489 1227 527 1265 d.
553 1240 617 1264 vn
643 1226 731 1264 Kal.
756 1227 861 1279 Sept.
886 1226 1002 1269 veni;
1034 1240 1127 1264 cum
1149 1227 1293 1265 interea
1314 1228 1576 1280 superioribus
1601 1230 1738 1269 diebus
1768 1246 1814 1269 ex

431 1291 803 1336 senatus-consulto,
835 1300 873 1328 et
906 1300 1156 1329 evocatorum
1192 1291 1347 1330 firmam·
1379 1306 1557 1339 manum,
1588 1304 1626 1333 et
1660 1297 1813 1348 equita-

430 1367 517 1396 tum
548 1357 634 1395 sane
663 1357 864 1401 idoneum,
895 1365 933 1394 et
954 1357 1193 1408 populorum
1215 1358 1431 1397 liberorum
1452 1374 1667 1414 regumque
1686 1362 1814 1399 socio-

430 1436 518 1461 rum
548 1421 694 1460 auxilia
724 1421 956 1465 voluntaria,
988 1422 1320 1473 comparaviffem.
1366 1425 1531 1462 Interim
1564 1440 1671 1470 cum,
1704 1441 1815 1465 exer-

431 1490 514 1526 citu
535 1487 709 1532 lustrato,
741 1488 814 1524 iter
843 1487 884 1523 in
913 1486 1098 1524 Ciliciam
1127 1486 1252 1525 facere
1279 1488 1477 1540 coepifl'em
1500 1491 1589 1529 Kal.
1613 1492 1813 1543 Septemb.

430 1553 550 1605 legati
579 1566 600 1589 a
626 1565 713 1604 rege
743 1552 1014 1603 Commageno
1035 1552 1080 1589 ad
1102 1566 1165 1590 me
1185 1553 1301 1598 misfi,
1332 1555 1658 1606 pertumultuose,
1690 1571 1817 1610 neque

430 1628 561 1657 tamen
597 1631 675 1655 non
711 1630 812 1662 vere,
858 1616 1021 1654 Parthos
1056 1617 1097 1654 in
1133 1618 1281 1669 Syriam
1316 1620 1482 1658 tranfiffe
1519 1622 1814 1662 nuntiaverunt.

432 1686 525 1735 Qo
546 1683 693 1726 audito,
726 1681 974 1720 vehementer
1003 1682 1089 1719 sum
1116 1691 1340 1720 commotus
1370 1697 1462 1721 cum
1496 1685 1543 1722 de
1576 1687 1696 1737 Syria,
1728 1697 1815 1725 tum

431 1750 479 1788 de
501 1763 585 1787 mea
605 1749 819 1801 provincia,
852 1748 898 1786 de
919 1748 1067 1800 reliqua
1096 1748 1264 1801 denique
1286 1749 1387 1787 Afia.
1435 1751 1572 1803 Itaque
1597 1753 1815 1791 exercitum

432 1813 533 1853 mihi
555 1812 779 1851 ducendum
800 1826 869 1864 per
890 1812 1146 1865 Cappadociae
1167 1814 1367 1865 regionem
1387 1827 1485 1859 eam,
1517 1828 1602 1867 quae
1631 1817 1817 1856 Ciliciam

432 1881 654 1932 attingeret,
686 1879 835 1930 putavi.
879 1879 1001 1923 Nam,
1034 1879 1060 1916 fi
1081 1892 1144 1916 me
1165 1879 1204 1916 in
1228 1880 1413 1917 Ciliciam
1434 1880 1678 1927 demffiffem,
1711 1884 1816 1922 Cili-

431 1948 534 1985 ciam
556 1945 717 1998 quidem
747 1944 867 1997 ipsam
898 1953 1056 1997 propter
1087 1945 1233 1982 montis
1256 1946 1400 1983 Amani
1422 1955 1599 1985 naturam
1619 1947 1734 1986 facile
1757 1959 1816 1987 te-

435 2011 598 2050 nuiss‘em
616 2029 627 2055 3
662 2010 758 2061 (duo
779 2009 867 2047 sunt
888 2010 995 2047 enim
1016 2010 1142 2047 aditus
1164 2011 1204 2048 in
1227 2010 1412 2048 Ciliciam
1433 2025 1480 2049 ex
1502 2013 1623 2063 Syria,
1645 2025 1817 2066 quorum

433 2087 597 2128 uterque
618 2075 742 2127 parvis
765 2074 947 2127 praefidiis
968 2084 1127 2127 propter
1145 2075 1337 2127 angustias
1358 2077 1569 2115 intercludi
1589 2079 1727 2131 potest,
1745 2094 1817 2119 nec

433 2142 487 2180 est
507 2140 724 2193 quidquam
747 2140 889 2178 Cilicia
908 2150 1043 2178 contra
1064 2141 1212 2191 Syriam
1235 2141 1447 2192 munitius)
1477 2143 1539 2181 sed
1566 2158 1629 2182 me
1660 2146 1818 2198 Cappa-

433 2207 546 2245 docia
566 2205 762 2249 movebat,
794 2219 879 2256 quae
904 2213 1009 2257 patet
1041 2219 1061 2242 a
1093 2205 1212 2257 Syria,
1246 2206 1427 2258 regesque
1458 2207 1576 2246 habet
1607 2209 1815 2256 finitimos,

432 2271 503 2324 qui
524 2269 670 2307 etiamsi
692 2269 780 2307 sunt
800 2269 917 2306 amici
938 2269 1068 2313 nobis,
1095 2278 1224 2307 tamen
1246 2280 1374 2322 aperte
1396 2271 1549 2310 Parthis
1570 2273 1724 2311 inimici
1745 2275 1817 2312 effe

431 2350 513 2375 non
536 2335 693 2373 audent.
728 2336 862 2387 ltaque
883 2336 923 2373 in
947 2336 1194 2388 Cappadocia
1214 2346 1386 2375 extrema
1407 2351 1483 2376 non
1507 2338 1623 2391 longe
1642 2353 1663 2377 a
1683 2341 1816 2377 Tauro

435 2401 538 2453 apud
559 2400 750 2452 oppidum
773 2400 951 2451 Cybistra
981 2401 1099 2440 eastra
1130 2401 1221 2447 feci,
1254 2411 1297 2440 ut
1326 2412 1364 2440 et
1395 2403 1580 2441 Ciliciam
1609 2413 1746 2448 tuerer,
1779 2413 1817 2442 et

435 2465 726 2519 Cappadociam
763 2473 913 2512 tenens,
946 2479 1045 2506 nova
1078 2466 1342 2506 finitimorum
1377 2468 1536 2505 confilia
1569 2467 1814 2521 impedirem.

521 2533 659 2569 ToM.
692 2530 787 2568 VII.
1396 2533 1427 2571 F
1456 2531 1480 2570 f
1502 2531 1526 2571 f
