2351 2997
625 322 698 369 146
965 323 1646 361 EPISTOLARUM

618 416 666 454 ad
686 430 823 455 omnes
842 416 947 455 casus
968 416 1146 454 ferendos
1168 417 1406 454 constantem
1423 430 1465 454 ac
1481 427 1680 469 paratum:
1704 417 1810 469 quod
1829 431 1901 470 ego
1917 431 1997 456 non

621 483 801 526 mirabar,
834 496 925 519 cum
945 481 1176 525 recordarer,
1209 491 1246 519 te
1265 490 1304 518 et
1323 495 1343 518 a
1363 482 1500 533 primis
1530 483 1772 535 temporibus
1803 485 1924 522 aetatis
1954 485 1997 521 in

620 546 820 598 republica
839 547 910 584 effe
930 547 1150 591 versatum3
1182 556 1220 584 et
1241 556 1327 584 tuos
1350 546 1591 598 magistratus
1612 548 1653 584 in
1674 548 1753 599 ipsa
1772 548 1996 587 discrimina

619 610 793 648 incidisse
814 611 945 649 salutis
966 610 1290 663 fortunarumque
1311 611 1615 655 communium5
1647 620 1686 648 et
1710 613 1750 649 in
1771 611 1847 649 hoc
1868 613 1996 665 ipsum

620 677 771 714 bellum
791 676 862 714 effe
882 676 1109 728 ingress'um,
1127 689 1204 714 non
1226 676 1350 713 solum
1374 685 1416 713 ut
1437 676 1572 721 vic'tor,
1597 676 1757 721 beatus;
1781 677 1842 714 sed
1862 679 1996 722 etiam,

620 742 645 779 si
667 742 720 779 ita
740 741 947 786 accidisset,
979 743 1117 786 viCtus,
1151 752 1192 779 ut
1215 741 1360 793 sapiens
1383 741 1487 780 effes.
1521 742 1688 785 Deinde,
1711 756 1804 779 cum
1825 742 1997 780 studium

619 817 734 845 tuum
766 807 967 845 consumas
1002 809 1040 845 in
1073 806 1437 846 virorumvfortium
1466 806 1574 844 faustis
1603 808 1799 845 memoriae
1826 808 1995 860 proden-

619 873 694 917 dis,
725 873 959 911 considerare
980 873 1111 918 debes,
1143 873 1243 910 nihil
1275 873 1347 910 tibi
1377 873 1447 910 effe
1477 873 1825 918 committendum,
1854 886 1994 925 quam-

618 938 755 976 obrem
775 952 925 983 eorum,
958 952 1054 990 quos
1084 939 1227 982 laudas,
1261 948 1297 975 te
1318 951 1396 975 non
1418 937 1664 975 simillimum
1693 939 1875 990 praebeas.
1923 938 1995 976 Sed

617 1003 700 1042 haec
721 1006 843 1041 oratio
863 1005 986 1056 magis
1007 1004 1096 1042 efi‘et
1116 1014 1202 1056 apta
1222 1004 1268 1040 ad
1289 1004 1356 1040 illa
1377 1013 1565 1055 tempora,
1597 1016 1681 1054 quae
1695 1005 1778 1055 jam
1808 1003 1993 1055 effugisti.

617 1070 740 1107 Nunc
761 1083 850 1107 vero
872 1079 1025 1107 tantum
1047 1079 1083 1107 te
1104 1083 1193 1121 para
1218 1069 1264 1106 ad
1290 1068 1371 1106 haec
1400 1069 1605 1106 nobiscum
1633 1068 1817 1113 ferenda3
1850 1069 1994 1120 quibus

617 1148 690 1186 ego
717 1135 742 1172 fi
771 1148 888 1187 quam
916 1134 1152 1172 medicinam
1179 1134 1409 1178 invenirem,
1442 1134 1515 1171 tibi
1543 1147 1700 1186 quoque
1727 1133 1887 1171 eandem
1915 1143 1994 1172 tra-

617 1200 762 1238 derem.
810 1200 882 1237 Sed
913 1199 965 1237 est
997 1214 1119 1238 unum
1148 1199 1388 1252 perfugium,
1419 1199 1592 1237 doctrina
1618 1212 1661 1236 ac
1681 1198 1817 1243 literae,
1848 1199 1993 1250 quibus

617 1266 765 1317 semper
796 1266 850 1302 ufi
882 1265 1042 1303 sumus:
1075 1279 1160 1318 quae
1191 1264 1367 1303 secundis
1400 1265 1514 1302 rebus
1546 1264 1842 1303 delectationem
1874 1264 1994 1301 modo

618 1330 759 1367 habere
779 1330 1024 1375 videbantur,
1058 1345 1161 1368 nunc
1183 1344 1272 1368 vero
1297 1330 1414 1367 etiam
1442 1330 1619 1368 salutem.
1667 1329 1754 1374 Sed,
1785 1338 1829 1366 ut
1848 1329 1895 1365 ad
1915 1329 1994 1365 ini-

618 1397 720 1433 tium
742 1406 920 1440 revertar,
939 1410 1028 1433 cave
1049 1397 1219 1440 dubites,
1237 1396 1335 1448 quin
1356 1396 1488 1433 omnia
1508 1395 1555 1432 de
1576 1395 1695 1433 salute
1715 1408 1757 1433 ac
1778 1394 1904 1432 reditu
1926 1403 1995 1431 tuo

617 1460 786 1514 perfeeta
805 1461 890 1499 fint.
930 1461 1039 1498 Vale.

982 1665 1245 1702 CICERO
1298 1665 1627 1701 LIGARIO.

618 1793 733 1831 XIH.
753 1792 926 1864 ETSI
952 1790 1019 1829 tali
1041 1802 1109 1830 tuo
1126 1801 1301 1843 tempore
1318 1804 1379 1827 me
1396 1799 1460 1827 ant
1477 1787 1715 1832 consolandi,
1734 1797 1799 1825 aut
1813 1787 1992 1840 juvandi,

848 1858 907 1895 tui
934 1857 1043 1895 causa
1069 1857 1233 1895 scribere
1260 1856 1305 1893 ad
1334 1865 1370 1893 te
1396 1855 1545 1907 aliquid
1572 1869 1643 1907 pro
1670 1853 1795 1891 nostra
1821 1853 1994 1891 amicitia

616 1924 833 1976 oportebat,
858 1932 985 1960 tamen
1007 1922 1133 1960 adhuc
1154 1922 1194 1959 id
1215 1936 1292 1959 non
1314 1920 1505 1965 feceram,
1532 1921 1623 1972 quia
1643 1932 1769 1970 neque
1789 1918 1909 1956 lenire
1930 1919 1991 1955 vi-

617 1990 733 2027 debar
753 1989 939 2033 oratione,
963 2002 1087 2039 neque
1108 1988 1245 2032 levare,
1268 1986 1368 2038 poffe
1390 1986 1565 2023 dolorem
1587 1995 1715 2022 tuum.
1751 1983 1883 2021 Postea
1903 1997 1992 2021 vero

617 2067 736 2106 quam
757 2066 938 2104 magnam
960 2052 1065 2105 spem
1086 2051 1226 2089 habere
1247 2051 1364 2102 coepi,
1383 2050 1464 2088 fore
1481 2059 1523 2087 ut
1545 2059 1581 2087 te
1603 2050 1710 2087 brevi
1733 2057 1906 2100 tempore
1928 2048 1991 2085 in-

617 2120 815 2157 columem
836 2117 1086 2162 haberemus5
1110 2117 1233 2155 facere
1251 2130 1328 2154 non
1349 2116 1475 2167 potui,
1494 2115 1589 2166 quin
1611 2115 1684 2151 tibi
1705 2123 1743 2150 et
1763 2113 1992 2150 sententiam

615 2195 652 2222 et
669 2186 912 2223 voluntatem
928 2183 1159 2222 declararem
1177 2196 1318 2220 meam.
1352 2182 1530 2219 Primum
1547 2181 1668 2232 igitur
1688 2179 1867 2224 scribam,
1886 2178 1994 2230 quod

615 2250 797 2301 intelligo
817 2257 855 2286 et
876 2248 1081 2300 perspicio,
1108 2261 1186 2285 non
1207 2246 1289 2285 fore
1311 2247 1349 2283 in
1373 2255 1409 2283 te
1430 2246 1617 2284 Caesarem
1641 2245 1851 2283 duriorem.
1885 2244 1993 2281 Nam

614 2325 651 2354 et
673 2329 730 2353 res
751 2328 842 2352 eum
864 2314 1055 2366 quotidie,
1087 2323 1124 2352 et
1145 2313 1241 2357 dies,
1272 2322 1309 2350 et
1330 2312 1465 2364 opinio
1485 2311 1711 2354 hominum,
1743 2318 1795 2354 et,
1827 2317 1870 2346 ut
1890 2307 1992 2346 mihi

614 2381 780 2425 videtur,
812 2380 929 2417 etiam
950 2379 1014 2416 sua
1035 2389 1183 2424 natura,
1205 2378 1404 2416 mitiorem
1424 2376 1519 2414 facit
1538 2392 1545 2414 :
1580 2376 1696 2428 idque
1717 2389 1810 2412 cum
1831 2375 1877 2411 de
1896 2374 1989 2411 reli-

614 2447 701 2500 quis
724 2446 860 2490 sentio,
879 2454 965 2482 tum
987 2446 1033 2482 de
1054 2454 1091 2483 te
1111 2446 1228 2482 etiam
1249 2444 1363 2481 audio
1384 2457 1430 2480 ex
1451 2442 1756 2480 familiarissimis
1777 2441 1874 2492 ejus,
1897 2439 1988 2491 qui-

614 2513 686 2550 bus
707 2525 778 2563 ego
799 2524 846 2549 ex
867 2524 911 2548 eo
933 2520 1121 2562 tempore,
1154 2523 1233 2562 quo
1259 2509 1433 2561 primum
1458 2521 1504 2545 ex
1527 2506 1663 2545 Africa
1684 2506 1845 2544 nuntius
1866 2504 1987 2547 venit,

614 2578 828 2630 supplicare
846 2590 924 2615 una
943 2590 1035 2615 cum
1057 2575 1239 2615 fratribus
1264 2575 1339 2614 tuis
1362 2587 1441 2614 non
1461 2573 1612 2612 destiti:
1637 2585 1806 2626 quorum
1827 2568 1988 2623 quidem
