2351 2997
511 333 588 373 422
863 316 1544 356 EPISTOLARUM

512 430 643 459 erant:
667 429 705 459 et
725 419 797 458 hac
819 428 884 457 tua
904 418 1049 456 recenti
1066 417 1225 454 victoria
1245 425 1364 460 tanta,
1382 416 1530 453 clarum
1547 415 1757 453 adventum
1775 423 1887 454 tuum

511 488 596 526 fore
615 487 810 537 intelligo.
844 484 930 527 Sed,
952 483 978 520 fi
999 496 1084 533 quae
1106 481 1194 518 sunt
1213 494 1327 518 onera
1349 491 1521 526 tuorum,
1545 481 1570 518 fi
1592 490 1695 519 tanta
1717 482 1818 527 sunt,
1846 492 1890 519 ut

511 568 553 591 ea
574 552 753 590 sustinere
775 550 902 601 poffis,
934 560 1122 599 propera;
1156 545 1255 583 nihil
1287 546 1361 583 tibi
1387 547 1461 583 erit
1488 546 1646 590 lautius,
1678 546 1779 584 nihil
1800 548 1888 598 glo—

512 619 664 657 riofius:
690 616 743 653 sm
765 615 930 665 majora3
954 612 1162 655 considera,
1182 625 1227 648 ne
1250 611 1287 648 in
1311 611 1585 648 alienisslmum
1607 620 1760 663 tempus
1781 612 1891 649 cadat

512 684 698 722 adventus
721 690 825 718 tuus.
865 680 997 730 Hujus
1020 678 1074 715 rei
1095 686 1224 714 totum
1245 677 1452 714 confilium
1474 687 1587 714 tuum
1607 677 1687 721 est;
1721 687 1761 714 tu
1784 678 1891 715 enim

512 750 598 793 scis,
630 746 725 800 quid
747 745 928 784 sustinere
949 743 1077 796 poffis.
1130 743 1167 779 Si
1187 751 1296 794 potes
1316 761 1326 786 ;
1358 742 1550 780 laudabile
1570 752 1685 794 atque
1705 743 1892 794 populare

510 815 590 853 est:
624 814 677 851 fin
699 813 812 865 plane
833 824 910 848 non
938 818 1076 861 potes;
1108 808 1241 845 absens
1274 808 1484 846 hominum
1514 807 1706 845 sermones
1734 808 1889 846 facilius

511 878 729 918 sustinebis.
762 878 824 914 De
845 889 908 912 rne
928 883 1059 912 autem
1079 873 1182 910 idem
1205 882 1335 909 tecum
1356 872 1417 910 his
1439 886 1510 924 ago
1531 873 1669 917 literis,
1697 874 1803 925 quod
1824 874 1891 925 su‘.

512 943 729 997 perioribus
751 942 827 992 egi,
854 949 896 976 ut
918 952 1052 976 omnes
1075 947 1162 975 tuos
1185 950 1320 975 nervos
1343 938 1381 974 in
1403 951 1448 974 eo
1469 937 1694 981 contendas,
1727 952 1774 975 ne
1794 939 1891 989 quid

511 1008 614 1048 mihi
634 1008 680 1045 ad
700 1006 800 1044 hanc
822 1005 1077 1057 provinciam,
1104 1016 1222 1055 quam
1242 1011 1281 1040 et
1302 1003 1451 1040 senatus
1474 1013 1511 1040 et
1531 1003 1702 1054 populus
1723 1016 1893 1042 annuam

510 1075 582 1113 effe
602 1073 742 1116 voluit,
775 1070 960 1122 temporis
983 1078 1226 1121 prorogetur.
1260 1068 1352 1105 Hoc
1372 1081 1392 1104 a
1412 1077 1449 1105 te
1470 1068 1524 1105 ita
1542 1068 1754 1112 contendo,
1787 1077 1830 1106 ut
1851 1068 1893 1106 in

509 1154 556 1178 eo
576 1139 751 1177 fortunas
773 1150 875 1174 meas
897 1135 1034 1188 pofitas
1055 1143 1206 1186 putem.
1239 1133 1372 1170 Habes
1394 1134 1562 1171 Paulum
1578 1133 1751 1171 nostrum
1774 1133 1892 1171 nostri

511 1203 829 1258 cupidiffimum:
853 1201 905 1239 est
928 1201 1064 1245 Curio,
1091 1199 1143 1237 est
1165 1200 1350 1237 Furnius.
1384 1199 1445 1236 Sic
1466 1199 1586 1236 velim
1606 1200 1764 1244 enitare,
1787 1200 1891 1251 quasi

510 1272 550 1309 in
574 1284 618 1308 eo
640 1269 713 1306 fint
733 1266 834 1305 mihi
855 1266 1000 1304 omnia.
1037 1266 1274 1302 Extremum
1295 1264 1395 1301 illud
1415 1264 1468 1301 est
1488 1263 1534 1301 de
1555 1264 1617 1308 iis,
1640 1278 1725 1316 quae
1745 1277 1892 1317 propo-

512 1337 674 1378 sueram,
706 1332 953 1370 confirmatio
974 1329 1107 1367 nostrae
1131 1329 1341 1373 amicitiam
1373 1328 1420 1366 de
1450 1342 1527 1380 qua
1554 1329 1734 1380 pluribus
1764 1329 1890 1367 verbis

511 1399 613 1439 nihil
634 1411 731 1451 opus
752 1397 819 1434 est.
852 1397 918 1433 Tu
938 1408 1035 1447 puer
1054 1407 1117 1432 me
1137 1393 1340 1446 appetisti;
1363 1406 1435 1444 ego
1454 1402 1585 1430 autem
1606 1393 1756 1445 semper
1775 1407 1891 1431 orna-

510 1474 647 1505 mento
668 1473 704 1502 te
725 1462 827 1500 mihi
847 1461 929 1499 fore
946 1460 1055 1498 duxi.
1088 1459 1213 1497 Fuisti
1232 1458 1350 1496 etiam
1366 1457 1539 1510 praefidio
1556 1457 1774 1495 tristiffimis
1792 1459 1888 1496 meis

511 1530 771 1583 temporibus.
817 1527 985 1565 Acceflit
1018 1525 1102 1578 post
1137 1534 1251 1562 tuum
1285 1524 1487 1562 discessum
1516 1522 1757 1561 familiaritas
1788 1524 1890 1562 mihi

512 1611 606 1635 cum
627 1597 749 1633 Bruto
770 1603 838 1631 tuo
859 1592 1042 1630 maxima.
1089 1591 1225 1642 Itaque
1255 1591 1295 1627 in
1324 1589 1446 1627 vestro
1467 1588 1626 1640 ingenio
1646 1597 1685 1626 et
1705 1588 1892 1627 industria

511 1661 614 1701 mihi
633 1660 852 1713 plurimum
872 1665 911 1695 et
931 1656 1125 1694 suavitatis
1146 1664 1184 1693 et
1204 1654 1406 1707 dignitatis
1428 1653 1686 1691 constitutum
1702 1662 1812 1706 puto.
1846 1654 1893 1692 Id

512 1738 556 1766 tu
577 1735 621 1764 ut
642 1735 710 1763 tuo
730 1724 856 1762 studio
876 1722 1098 1766 confirmes,
1130 1730 1168 1759 te
1193 1720 1442 1758 vehementer
1467 1732 1588 1771 rogo;
1621 1719 1825 1771 literasque
1844 1719 1892 1756 acl

513 1806 576 1831 me
597 1800 635 1829 et
655 1789 845 1828 continuo
865 1787 1014 1833 mittas,
1045 1796 1098 1832 et,
1129 1800 1222 1825 cum
1244 1787 1415 1824 Romam
1434 1785 1598 1830 veneris,
1624 1798 1743 1837 quam
1763 1784 1890 1837 saepis-

513 1860 619 1897 fime.
651 1855 762 1894 Vale.

830 2054 894 2091 M.
926 2053 979 2090 T.
1014 2052 1062 2090 C.
1095 2053 1324 2090 CAssm
1369 2052 1405 2089 S.
1439 2051 1483 2088 P.
1517 2050 1572 2089 D.

515 2186 607 2224 XV.
632 2184 746 2256 ET
762 2184 817 2221 SI
848 2192 1011 2233 uterque
1032 2181 1219 2224 nostrum,
1252 2179 1314 2231 spe
1335 2179 1455 2232 paciS,
1487 2188 1524 2216 et
1544 2179 1634 2217 odio
1655 2180 1781 2217 civilis
1804 2180 1888 2218 san-

727 2249 872 2302 guinis,
895 2245 1015 2284 abeffe
1035 2259 1056 2283 a
1074 2246 1170 2283 belli
1190 2245 1400 2298 pertinacia
1419 2245 1545 2282 voluit
1562 2264 1572 2290 ;
1597 2254 1740 2290 tamen,
1763 2260 1888 2298 quan-

514 2318 564 2355 do
594 2317 675 2368 ejus
703 2313 853 2352 consilii
883 2313 1062 2365 princeps
1093 2324 1165 2362 ego
1196 2309 1306 2348 fuiffe
1333 2310 1479 2354 videor,
1511 2310 1598 2362 plus
1629 2309 1779 2348 fortaffe
1815 2312 1890 2349 tibi

513 2381 686 2435 praestare
707 2379 786 2432 ipse
806 2378 941 2422 debeo,
973 2390 1089 2428 quam
1110 2389 1130 2413 a
1150 2384 1188 2413 te
1208 2377 1419 2428 expe&arc.
1465 2375 1562 2420 Etfi‚
1595 2385 1637 2413 ut
1665 2375 1760 2428 saepe
1788 2376 1889 2414 soleo

514 2459 672 2485 mecum
692 2443 896 2487 recordari,
915 2441 1038 2479 sermo
1054 2440 1256 2478 familiaris
1273 2454 1382 2478 meus
1400 2449 1546 2484 tecum,
1564 2449 1601 2477 et
1622 2441 1717 2478 item
1732 2454 1889 2478 mecum

515 2521 622 2557 tuus,
642 2510 805 2549 adduxit
823 2518 1036 2560 utrumque
1053 2506 1225 2544 nostrum
1241 2506 1287 2544 ad
1307 2506 1346 2543 id
1363 2505 1584 2550 confilium,
1603 2515 1645 2543 ut
1662 2519 1740 2543 uno
1756 2506 1890 2557 praelio

515 2587 754 2632 putaremus,
786 2576 812 2614 fi
842 2588 920 2614 non
947 2582 1071 2613 totam
1097 2572 1263 2618 causam,
1293 2581 1332 2611 at
1355 2582 1458 2611 certe
1485 2571 1657 2609 nostrum
1674 2571 1887 2623 judicium,
