2351 2997
548 324 627 363 204
792 297 794 299 ’
891 311 1573 352 EPISTOLARUM

788 548 853 588 M.
886 549 1136 587 CAELIUs
1177 547 1241 585 M.
1274 547 1592 586 CICERONI
1635 549 1674 587 S.

549 674 747 751 XVLE
758 677 803 716 X
809 676 852 714 A
859 677 909 716 N
914 676 940 713 I
946 675 1001 712 M
1002 676 1045 713 A
1055 669 1140 713 TU
1144 674 1174 712 S
1185 673 1268 726 sum
1290 676 1359 712 tuis
1379 673 1489 713 literis
1503 691 1513 719 ;
1535 675 1656 729 quibus
1675 683 1709 713 te
1727 674 1828 721 nihil,
1851 675 1914 726 nfi

768 741 878 792 trsse,
901 739 1054 792 cogitare
1074 738 1236 791 ostendisti
1250 753 1261 776 .·
1283 753 1387 792 neque
1406 737 1446 776 id
1461 739 1549 792 quid
1565 740 1653 790 effet,
1668 738 1886 793 perscriffzsti
1899 753 1912 776 .·

548 817 654 857 neque
674 818 739 842 non
759 815 888 852 tamen,
909 803 1011 858 quale
1031 803 1104 853 cffit
1124 802 1218 856 quod
1231 803 1414 854 cogitares,
1445 803 1617 856 aperuisti.
1650 804 1732 841 Has
1753 802 1843 840 illico
1865 802 1917 840 aa'

549 877 583 907 te
601 868 722 908 literas
728 869 863 924 scrisss.
894 871 970 908 Per
977 867 1149 921 fortunas
1169 875 1261 914 tuas,
1281 867 1419 913 Cicero,
1432 876 1499 921 per
1519 868 1654 914 liberos,
1673 882 1745 914 oro,
1767 867 1910 919 obsecro,

549 947 591 971 ne
610 934 698 986 quid
707 935 864 986 gravius
890 933 931 971 de
938 933 1059 986 salute
1090 940 1123 970 et
1140 931 1375 969 incolumitate
1405 940 1467 969 tua
1498 932 1661 984 consulas.
1704 932 1806 970 IVam
1835 931 1912 970 deos

548 997 773 1052 hominesque,
804 997 1063 1050 amicitiamque
1098 997 1259 1047 nostram,
1292 996 1463 1046 testificor,
1496 1010 1548 1034 me
1576 1010 1681 1049 neque
1707 1005 1832 1034 temere
1851 996 1917 1034 tibi

539 1062 750 1115 prcedissffle,
768 1077 873 1116 neque
888 1071 1013 1100 temere
1029 1060 1145 1098 monui
1167 1074 1203 1103 e;
1212 1059 1284 1112 sed
1292 1060 1470 1113 postquam
1489 1060 1663 1114 Caesarem
1680 1059 1908 1106 convenerim,

534 1125 810 1181 sententiamque
830 1127 912 1179 ejus,
945 1125 1056 1179 qualis
1064 1124 1200 1177 fittura
1222 1124 1309 1174 fft,
1332 1133 1444 1177 pazrta
1472 1124 1643 1170 victoria,
1675 1123 1909 1175 cognoverim,

544 1199 578 1228 te
596 1191 774 1229 certiorem
782 1191 916 1244 seciffi’.
950 1189 992 1227 Si
1011 1189 1180 1241 existimas
1199 1188 1338 1227 eandem
1358 1189 1526 1227 rationem
1533 1187 1619 1242 sore
1639 1188 1778 1241 Caesari
1796 1187 1832 1226 in
1853 1187 1909 1226 di-

546 1254 720 1294 mittendis
741 1255 971 1309 advetsariis,
989 1263 1021 1292 et
1042 1253 1285 1292 conditionibus
1291 1251 1468 1307 serendis,
1486 1268 1602 1292 erras:
1622 1253 1714 1291 nihil
1729 1253 1792 1304 nisi
1808 1262 1912 1291 atrox

546 1328 579 1357 et
584 1320 728 1373 saevum
753 1321 898 1374 cogitat,
932 1329 1037 1374 atque
1066 1319 1171 1357 etiam
1202 1319 1366 1372 loquitur.
1412 1320 1535 1357 Iratus
1550 1318 1693 1372 senatui
1715 1318 1822 1356 exiit:
1854 1318 1909 1356 his

543 1385 822 1436 intercefflonibus
837 1386 942 1439 plane
960 1384 1126 1423 incitatus
1147 1384 1217 1435 cst:
1248 1397 1326 1430 non,
1358 1383 1561 1430 mehercule,
1595 1383 1662 1421 erit
1681 1382 1913 1436 deprecationi

546 1451 649 1488 locus.
678 1453 847 1503 Qcarest
864 1450 929 1489 tibi
948 1459 1001 1496 tu,
1016 1451 1057 1502 si
1059 1449 1163 1499 filius
1184 1448 1316 1496 unicus,
1333 1449 1373 1500 fi
1390 1448 1521 1496 domus,
1530 1449 1571 1500 st
1574 1449 1657 1501 spes
1676 1457 1748 1486 tuce
1766 1448 1911 1502 reliquae

544 1516 609 1553 tibi
627 1516 818 1570 caraesttnt
836 1530 846 1560 3
864 1516 905 1568 st
921 1514 1058 1568 aliquid
1074 1513 1173 1567 apud
1187 1522 1220 1551 te
1245 1527 1317 1560 nos,
1333 1514 1374 1566 st
1399 1513 1461 1551 vir
1490 1513 1649 1567 optimus,
1675 1527 1783 1574 gener
1813 1522 1907 1560 tuus,

544 1581 656 1627 valet,
674 1594 816 1634 quorum
825 1579 997 1633 fortunas
1017 1593 1082 1616 non
1102 1578 1200 1616 debes
1218 1578 1307 1616 velle
1327 1578 1551 1621 conturbare3
1562 1578 1710 1631 sequere
1730 1592 1805 1616 eam
1825 1592 1908 1615 cau-

529 1646 629 1698 sam,
658 1646 695 1683 in
723 1645 820 1697 cujus
847 1644 1006 1683 victoria
1023 1645 1127 1697 stzlus
1155 1644 1267 1701 nostra
1287 1644 1344 1695 est,
1377 1657 1418 1681 ne
1439 1652 1501 1680 aut
1521 1642 1615 1693 odtffi
1635 1652 1698 1680 aut
1717 1643 1911 1696 relinquere

543 1724 723 1762 cogamur,
755 1719 818 1748 aut
850 1709 994 1762 impiam
1028 1707 1251 1762 ctqoiditatem
1283 1717 1404 1745 contra
1411 1707 1565 1760 salutem
1586 1716 1684 1745 tuam
1708 1707 1906 1746 habeamus.

541 1775 706 1828 Denique
736 1775 827 1812 illud
853 1774 981 1826 cogita,
1015 1772 1108 1827 quod
1121 1772 1255 1825 offerffae
1263 1772 1385 1826 suerit
1404 1772 1440 1809 in
1459 1771 1524 1824 ista
1545 1772 1760 1810 cunctatione
1780 1780 1814 1810 te
1819 1772 1907 1825 steb-

542 1840 609 1890 iffe.
653 1841 762 1879 Nunc
790 1849 822 1878 te
857 1848 978 1877 contra
1007 1838 1176 1876 victorem
1195 1837 1338 1892 sacere,
1371 1850 1469 1890 quem
1503 1836 1613 1874 dubiis
1649 1837 1749 1874 rebus
1784 1836 1909 1883 laetlere

541 1904 701 1956 nolugsti3
735 1914 768 1942 et
799 1904 850 1942 ad
874 1918 927 1942 eos
946 1903 1100 1956 fugatos
1128 1901 1303 1946 accedere,
1336 1915 1418 1954 quos
1438 1901 1614 1953 rcjzstentes
1621 1901 1727 1954 sequi
1744 1901 1907 1946 nolueris,

529 1969 854 2023 summaestultitiae
875 1969 930 2020 est.
982 1967 1080 2011 Vide,
1110 1980 1163 2011 ne,
1196 1966 1277 2003 dum
1291 1965 1400 2019 pudet
1421 1974 1454 2004 te
1466 1974 1596 2018 parum
1617 1965 1813 2018 optimatem
1834 1965 1906 2015 effe,

533 2043 667 2088 parum
689 2033 884 2086 diligenter,
913 2031 1001 2086 quid
1014 2031 1175 2085 optimum
1181 2031 1246 2083 stt,
1280 2030 1399 2082 eligas.
1445 2030 1590 2082 Qffldfi
1612 2039 1719 2067 totum
1741 2030 1806 2067 tibi
1817 2039 1905 2083 per-

528 2099 684 2153 stcadere
704 2113 768 2137 non
784 2098 937 2151 poffum:
963 2097 1102 2149 saltem,
1135 2095 1216 2134 dum
1237 2094 1324 2149 quid
1349 2095 1390 2133 de
1410 2095 1596 2148 Hispaniis
1617 2109 1764 2146 agamus
1772 2095 1907 2148 stitur,

539 2169 684 2219 expecta
703 2179 713 2209 ;
748 2178 835 2218 quas
855 2163 919 2201 tibi
935 2163 1054 2200 nuntio
1073 2161 1226 2200 adventu
1248 2160 1497 2214 Ceesttrisfore
1515 2161 1656 2213 nostras.
1703 2161 1821 2212 Qum
1853 2161 1910 2212 isti
1924 2198 1927 2200 .

529 2231 630 2285 spem
651 2230 811 2273 habeant,
844 2228 966 2278 amgffis
987 2227 1184 2281 Hispaniis,
1217 2226 1333 2278 nescio·
1379 2225 1486 2278 Qcod
1494 2234 1603 2279 porro
1622 2234 1718 2263 tuum
1740 2226 1907 2278 confilium

528 2297 580 2350 sit
600 2294 651 2332 aa'
667 2293 859 2348 desperatos
878 2292 1051 2336 accedere,
1085 2305 1149 2329 non
1170 2290 1300 2329 medius
1308 2290 1419 2341 fidius
1440 2290 1585 2344 reperio.
1615 2291 1711 2334 Hoc,
1744 2289 1836 2343 quod
1852 2299 1906 2335 tu,

538 2374 604 2398 non
634 2358 787 2402 cli'cendo,
825 2357 914 2395 mihi
928 2357 1147 2409 significasti,
1188 2356 1311 2408 Ccefizr
1342 2354 1532 2394 audierat:
1577 2369 1634 2400 ac,
1650 2355 1761 2407 stmul
1787 2363 1903 2408 atque,

539 2428 640 2469 Ave,
676 2423 763 2461 mihi
790 2422 891 2467 dixit,
907 2422 1035 2474 statim
1065 2421 1151 2474 quid
1174 2420 1215 2459 de
1235 2430 1269 2459 te
1298 2420 1452 2471 audiffet,
1484 2420 1645 2474 expoficit.
1686 2419 1840 2471 ,Negavi
1856 2434 1909 2458 me

523 2491 645 2543 scire:
653 2488 725 2542 stcl
739 2498 853 2526 tamen
874 2487 918 2525 ab
937 2502 971 2525 eo
984 2486 1087 2540 petii,
1110 2496 1148 2524 ut
1169 2485 1221 2524 aa'
1237 2495 1270 2524 te
1290 2486 1412 2524 literas
1433 2486 1599 2529 mitteret,
1617 2485 1737 2538 quibus
1757 2485 1906 2522 maxime

538 2556 590 2595 ad
605 2552 847 2594 remanendum
868 2551 1077 2591 commoveri
1088 2551 1207 2606 poffi’s.
1255 2552 1323 2590 fise
1338 2550 1461 2603 secum
1488 2550 1523 2588 in
1548 2550 1763 2604 Hispaniam
1784 2548 1905 2588 ducit:
