2351 2997
664 315 758 355 AD
815 310 1284 352 FAMILIARES
1342 308 1476 348 ΜΒ.
1522 309 1576 348 Χ.
1734 320 1808 361 251

429 428 512 459 aitte
532 416 660 463 diebus,
691 415 821 462 decem,
855 411 918 468 qui
933 409 1057 466 optimi
1061 410 1232 464 fuerant,
1264 407 1317 446 ad
1331 422 1385 446 me
1411 407 1632 460 transierunt.
1674 406 1811 459 Qtibus

427 486 529 525 rebus
550 499 610 537 ego
629 481 777 536 cognitis
796 484 980 520 cunblatus
1001 491 1067 516 non
1071 477 1156 531 sum
1173 489 1184 513 .·
1214 475 1249 513 in
1278 475 1380 529 cursu
1412 475 1575 512 bonorum
1597 473 1810 526 confiliorum

429 550 606 603 Lepidum
627 546 870 601 aaffiuvandum
884 543 1030 599 putavi.
1078 540 1267 580 Adventus
1287 554 1381 578 meus
1402 538 1488 593 quid
1500 538 1727 593 proficuus-us
1758 535 1807 589 cf-

418 617 492 670 stt,
514 615 615 654 vidi.-
648 613 709 653 ‘vel
724 611 817 667 quod
832 609 991 664 equitatu
1014 621 1085 646 meo
1099 605 1261 660 petstqui
1280 614 1384 658 atque
1404 604 1595 658 opprimere
1615 603 1809 656 equitatum

429 682 503 735 ejus
516 681 668 735 poffi27n3
702 678 764 717 vel
779 674 873 730 quod
888 673 1059 713 exercitus
1080 670 1212 725 Lepidi
1236 684 1312 708 eam
1338 678 1496 723 partem,
1531 682 1610 722 quae
1643 675 1811 720 corrupta

431 747 488 798 ςβ,
519 754 552 784 et
572 745 616 783 ab
636 742 815 797 republica
835 739 1005 785 alienata,
1039 745 1073 775 et
1094 735 1269 787 corrigere
1288 743 1321 772 et
1338 747 1504 772 coercere
1522 733 1714 787 prasentia
1745 732 1813 769 mei

432 811 603 850 exercitus
615 809 752 864 poffiem,
798 808 924 860 Itaque
951 804 987 843 in
1013 803 1131 856 Isara,
1150 799 1303 850 flumine
1330 798 1496 845 maximo,
1529 799 1621 852 quod
1637 797 1812 848 infinibus

428 877 474 928 est
496 876 742 927 Allobrogum,
770 880 874 925 ponte
903 884 968 909 uno
989 869 1044 908 die
1052 867 1180 922 seloh,
1215 865 1403 904 exercitum
1424 879 1460 902 a.
1482 863 1518 902 d.
1540 873 1707 918 quartum
1727 861 1812 900 Idus

432 941 534 981 Maii
554 940 710 979 traduxi.
757 940 848 977 Cum
869 950 953 974 vero
975 934 1064 973 mihi
1082 931 1282 971 nuntiatum
1304 929 1393 984 cffit,
1428 930 1478 968 L.
1501 929 1696 967 Antonium
1710 936 1811 980 prae-

435 1008 566 1058 mgffum
589 1020 667 1044 cum
688 1003 856 1059 equitibus
878 1011 910 1040 et
939 999 1135 1038 cohortibus
1168 997 1220 1035 ad
1247 998 1383 1036 Forum
1413 994 1515 1047 Julii
1545 995 1629 1033 veni
1653 1009 1698 1038 e;
1720 992 1811 1047 fra-

432 1083 521 1111 trem
544 1086 619 1109 cum
641 1070 794 1124 equitum
815 1077 966 1122 quatuor
987 1065 1151 1110 millibus,
1169 1071 1208 1100 ut
1230 1070 1425 1100 occurreret
1446 1060 1490 1108 ei,
1509 1060 1583 1113 mfi
1597 1075 1632 1098 cz.
1650 1060 1685 1098 d.
1710 1058 1811 1113 quin-

433 1147 508 1176 tum
529 1136 613 1176 Idus
634 1135 758 1174 Μιῑῐὶε
789 1134 856 1188 ipse
877 1131 1039 1171 maximis
1060 1128 1240 1168 itineribus
1262 1142 1338 1165 cum
1369 1136 1519 1180 quatuor
1539 1125 1728 1178 legionibus
1755 1139 1812 1162 ex—

428 1202 558 1257 peditis
590 1211 623 1239 et
643 1201 774 1254 reliquo
800 1198 957 1253 equitatu
965 1195 1173 1250 subsequar.
1216 1193 1259 1230 Si
1278 1207 1337 1230 nos
1357 1191 1537 1230 mediocris
1556 1190 1652 1228 modo
1660 1190 1817 1244 fortuna

432 1267 631 1321 reipublicae
659 1264 855 1317 adjuverit,
886 1271 919 1301 et
948 1260 1108 1300 audaciae
1133 1258 1354 1313 percb'torum
1386 1265 1419 1295 et
1451 1257 1576 1309 nostrae
1595 1253 1815 1308 filliciluzli-

434 1333 487 1371 nis
506 1332 683 1382 hicfinem
705 1330 926 1383 reperiemus.
974 1325 1122 1377 Qcoclfi
1144 1324 1250 1369 latro,
1277 1321 1497 1377 praecognito
1517 1322 1623 1359 nostro
1645 1320 1816 1366 adventu,

434 1397 555 1451 rursus
576 1397 612 1434 in
631 1394 778 1433 Italiam
787 1394 832 1447 se
852 1392 1004 1446 recipc’re
1024 1389 1177 1445 coeperit‚
1211 1387 1327 1427 Bruti
1356 1387 1424 1426 erit
1446 1385 1608 1436 officium,
1637 1398 1820 1424 occurrere

437 1462 491 1502 ei:
525 1462 583 1500 cui
588 1461 665 1515 scio
686 1474 748 1498 nec
769 1457 950 1512 cotfilimn,
985 1471 1046 1495 nec
1072 1454 1228 1493 animum
1258 1453 1299 1491 de
1319 1461 1475 1491 uturum.
1522 1453 1604 1505 Ego
1637 1460 1767 1496 tamen,
1783 1450 1826 1502 Jz'

438 1527 478 1565 id
493 1526 676 1572 acciderit,
693 1524 861 1578 fratrem
883 1537 960 1560 cum
980 1521 1138 1576 equitatu
1159 1519 1314 1566 mittam,
1349 1517 1412 1572 qui
1415 1517 1607 1570 st’quatur,
1631 1515 1776 1554 Italiam
1796 1529 1820 1552 a

437 1592 630 1647 vqstatione
648 1589 824 1645 ἅψηῑίαί.
870 1590 946 1627 Fac
966 1588 1103 1634 valeas,
1137 1599 1257 1639 meque
1278 1592 1395 1623 mutuo
1417 1582 1561 1635 diligas.

848 1789 1095 1828 CICERO
1136 1786 1408 1826 PLANCO.

437 1922 552 1963 XVI.
575 1918 835 1993 NIHIL
865 1916 951 1970 post
978 1915 1190 1955 hominum
1218 1911 1451 1950 memoriam
1470 1909 1690 1964 gloriosum,
1722 1910 1825 1949 nihil,

683 1984 847 2038 gratius,
866 1996 914 2021 ne
934 1990 1111 2034 tempore
1131 1978 1293 2032 quidem
1316 1977 1398 2030 ipso
1419 1975 1697 2029 opportunius,
1719 1976 1824 2014 acci=

436 2055 526 2093 dere
545 2052 642 2098 vidi,
663 2064 783 2103 quam
804 2058 905 2094 tuas,
936 2047 1096 2092 Plance,
1118 2046 1263 2084 literas,
1309 2043 1488 2082 Redditae
1509 2041 1598 2080 sunt
1617 2042 1725 2080 enim
1745 2041 1825 2079 fre-

436 2119 576 2173 quenti
597 2119 731 2157 senatu
753 2117 948 2159 Cornuto,
966 2127 1059 2152 curn
1079 2113 1111 2150 is
1132 2110 1295 2163 frigidas
1317 2110 1403 2148 sane
1422 2118 1461 2148 et
1481 2108 1743 2147 inconstantes
1765 2122 1827 2146 re-

436 2184 585 2224 citaffet
605 2184 735 2221 literas
758 2179 915 2233 Lepidi.
963 2179 1042 2216 Sub
1072 2190 1132 2216 eas
1162 2176 1292 2214 statim
1322 2175 1490 2214 recitatae
1517 2174 1605 2212 sunt
1627 2183 1717 2219 tuae,
1749 2187 1828 2212 non

439 2252 515 2288 fine
536 2249 689 2301 magnis
711 2246 874 2300 quidem
893 2243 1147 2283 clamoribus.
1193 2243 1299 2280 Cum
1320 2241 1434 2279 rebus
1456 2240 1563 2278 enim
1584 2240 1673 2293 ipfis
1694 2239 1827 2284 essent,

438 2326 477 2354 et
498 2316 632 2353 studiis
654 2311 932 2365 beneficiisque
952 2311 994 2348 in
1015 2308 1318 2363 rempublicam,
1348 2307 1582 2359 gratiffimae,
1614 2316 1702 2344 tum
1722 2313 1830 2342 erant

437 2380 669 2434 graviffirnis
690 2378 817 2417 verbis
838 2386 878 2415 et
897 2376 1114 2415 sententiis.
1161 2373 1356 2426 Flagitare
1378 2373 1529 2411 senatus
1559 2371 1701 2409 institit
1727 2371 1828 2406 Cor-

442 2455 601 2491 nutum,
633 2453 677 2482 ut
709 2442 868 2481 referret
893 2442 1023 2480 statim
1051 2441 1097 2479 de
1129 2440 1208 2478 tuis
1236 2439 1374 2476 literis.
1423 2437 1495 2475 Ille
1527 2437 1563 2474 se
1595 2434 1830 2473 considerare

440 2512 557 2552 velle.
586 2511 692 2549 Cum
714 2510 749 2548 ei
769 2522 959 2560 magnum
975 2506 1202 2545 convicium
1223 2505 1331 2542 fieret
1352 2506 1494 2541 cuneto
1510 2502 1691 2544 asenam,
1710 2500 1831 2551 quin-

438 2591 519 2631 que
540 2577 693 2616 tribuni
715 2575 843 2630 plebis
865 2573 1097 2613 retulerunt.
1145 2571 1329 2609 Servilius
1361 2577 1517 2620 rogatus
1548 2580 1630 2605 rem
1651 2565 1830 2606 distulit:

1420 2635 1435 2672 Ι
1466 2633 1478 2670 i
1510 2645 1531 2671 2
