2351 2997
596 313 690 353 AD
747 307 1217 351 FAMILIARES
1276 306 1409 346 LIB.
1456 304 1509 344 X.
1673 317 1750 360 233

367 413 515 467 cognoffe
535 412 687 458 videor3
719 409 929 464 libenterque
960 408 993 448 ei
1006 408 1091 463 sum
1122 405 1323 460 testimonio,
1356 415 1391 444 et
1413 405 1566 444 omnibus
1582 418 1654 452 ero,
1688 403 1752 458 qui

366 479 450 518 bene
477 486 667 517 merentur.
710 479 788 516 Fac
819 476 956 522 valeas,
992 487 1110 528 meque
1145 480 1264 511 mutuo
1294 470 1439 523 diligas,
1472 469 1749 523 dignitatemque

366 557 495 590 meam,
511 544 552 597 fi
579 556 726 590 mereor,
761 540 910 588 tuearis,
926 541 1023 593 sicut
1053 537 1171 577 adhuc
1183 536 1368 591 singulari
1397 550 1473 575 cum
1509 534 1747 574 benevolentia

354 609 445 663 jeci,
464 608 490 648 i.

715 807 1010 845 PLANcus
1052 804 1395 843 CxcER0N1.

369 938 529 978 XVIII.
637 935 678 974 U
680 935 707 972 I
712 935 756 973 D
784 934 821 972 in
841 934 957 972 animo
978 931 1174 980 habuerim,
1198 946 1276 971 cum
1295 932 1437 970 Laevus
1458 930 1659 984 Nervaque
1680 929 1748 982 dff-

675 1000 834 1052 ceffi’runt
855 1014 879 1038 a
900 1013 967 1046 me,
1000 1007 1034 1037 et
1054 1013 1094 1036 ex
1112 998 1224 1036 literis
1244 1011 1333 1052 quas
1352 996 1400 1034 eis
1420 995 1513 1042 dedi,
1548 1005 1580 1034 et
1600 1010 1640 1034 ex
1660 994 1748 1049 ipsis,

371 1068 568 1121 cognoscere
580 1065 734 1122 potuisti,
766 1065 830 1118 qui
856 1064 1006 1103 omnibus
1034 1063 1134 1102 rebus
1163 1063 1364 1116 corfiliifqzte
1395 1061 1479 1099 meis
1502 1060 1750 1114 interfuerunt.

371 1133 518 1172 Accidit
539 1132 640 1179 mihi,
676 1130 768 1184 quod
791 1130 921 1168 bomini
931 1128 1081 1184 pudenti
1099 1137 1132 1167 et
1153 1128 1274 1182 cupido
1282 1125 1531 1182 fhtificiendt'
1549 1125 1751 1179 reipublicae

370 1199 529 1253 bonisque
566 1197 717 1236 omnibus
748 1195 905 1234 accidere
923 1195 1029 1249 solet,
1061 1203 1099 1232 ut
1131 1195 1302 1246 confilium
1324 1193 1493 1247 sequerer
1521 1191 1753 1246 periculosum

370 1264 500 1316 magis,
524 1263 606 1301 dum
628 1276 681 1300 me
694 1262 895 1315 probarem,
920 1274 1026 1314 quam
1047 1267 1177 1307 tutum,
1201 1258 1296 1312 quod
1309 1258 1436 1297 habere
1448 1257 1554 1311 paffet
1575 1256 1749 1294 obtrecta-

369 1329 506 1367 tionem.
535 1330 662 1381 Itaque
674 1327 749 1380 post
769 1325 940 1379 dgsceſj'um
958 1325 1168 1377 legatorum,
1192 1338 1270 1362 cum
1290 1323 1377 1362 binis
1397 1322 1567 1361 continuis
1586 1321 1699 1360 literis
1720 1330 1754 1359 et

369 1394 527 1449 Lepidus
542 1408 594 1432 me
610 1402 649 1431 ut
664 1391 820 1430 venirem
834 1399 994 1443 rogaret,
1010 1399 1043 1428 et
1055 1390 1252 1442 Laterensis
1267 1389 1373 1428 multo
1389 1388 1495 1427 etiam
1508 1387 1636 1440 magis,
1645 1395 1756 1441 prope

372 1460 576 1514 implorans,
606 1456 850 1511 obtestaretur,v
865 1471 931 1494 non
953 1456 1063 1494 ullam
1083 1469 1157 1493 rem
1177 1455 1287 1493 aliam
1307 1454 1523 1507 extimescens
1543 1467 1648 1507 quam
1669 1466 1753 1490 ean-

368 1525 459 1572 dem,
482 1539 562 1578 quae
583 1523 671 1562 mihi
688 1536 820 1577 quoque
827 1521 931 1574 facit
950 1521 1123 1568 timorem,
1157 1520 1370 1559 varietatem
1389 1528 1495 1572 atque
1514 1517 1754 1568 irfia'elitatem

372 1591 543 1630 exercitus
562 1590 634 1642 ejus
649 1604 659 1633 ;
683 1602 748 1626 non
764 1587 992 1625 dubitandum
1002 1586 1141 1639 putavi
1160 1585 1243 1640 quin
1244 1587 1506 1638 succurrerem,
1525 1597 1644 1636 meque
1662 1596 1754 1621 com-

371 1655 470 1694 muni
490 1654 650 1708 periculo
679 1652 849 1706 offimrem.
895 1651 1053 1690 Sciebam
1077 1650 1181 1698 enim,
1213 1652 1272 1704 effi
1288 1650 1424 1689 cautius
1445 1649 1538 1687 illud
1552 1658 1631 1687 erat
1652 1648 1752 1700 consi-

372 1722 473 1768 lium,
504 1723 689 1774 expectare
709 1733 762 1756 me
782 1717 833 1755 ad
847 1717 1001 1771 ffizranz,
1034 1717 1114 1755 dum
1135 1718 1275 1755 Brutus
1294 1715 1477 1769 trajiceret
1497 1715 1699 1760 exercitum,
1721 1721 1755 1752 et

372 1801 450 1825 cum
472 1787 602 1837 collega
624 1782 861 1838 consentiente,
893 1782 1046 1820 evercitu
1065 1780 1236 1828 concordi,
1270 1790 1304 1820 et
1324 1781 1406 1819 bene
1426 1779 1467 1818 de
1482 1779 1659 1833 republica
1667 1779 1752 1831 stn-

370 1853 487 1899 tiente,
517 1851 663 1902 hostibus
696 1848 836 1887 obviam
868 1848 948 1892 ire3
983 1856 1113 1895 tamen,
1129 1848 1170 1900 si
1200 1846 1288 1900 quid
1315 1845 1474 1899 Lepidus
1505 1845 1585 1883 bene
1605 1843 1758 1895 sentiens

371 1915 571 1954 detrimenti
603 1913 748 1966 cepgffet,
780 1913 843 1950 hoc
874 1926 969 1950 omne
995 1913 1203 1964 affignatum
1234 1910 1283 1949 iri
1317 1919 1380 1948 aut
1408 1909 1621 1963 pertinaciae
1652 1922 1753 1955 meae,

335 2022 339 2024 ,
373 1990 436 2021 aut
458 1979 590 2027 timori,
613 1978 790 2025 videbam,
798 1978 839 2030 fi
854 1985 918 2015 aut
937 1977 1107 2015 hominem
1129 1976 1288 2029 offenstcm
1311 1975 1412 2022 mihi,
1436 1975 1656 2027 conjunzftum
1678 1987 1755 2011 cum

372 2046 564 2100 republica,
595 2059 660 2082 non
670 2043 924 2096 sublevqffen23
960 2051 1023 2080 aut
1041 2042 1110 2096 ipse
1128 2057 1151 2079 a
1171 2041 1359 2080 certamine
1380 2041 1460 2079 belli
1486 2049 1560 2078 tam
1582 2038 1759 2089 necefflirii

373 2127 426 2150 me
444 2110 580 2149 removi
604 2110 668 2147 em.
715 2110 841 2162 Itaque
864 2107 983 2161 potius
1009 2107 1218 2159 periclitari
1236 2107 1349 2154 volui,
1366 2107 1407 2158 fi
1425 2105 1531 2158 poſjet
1562 2119 1639 2142 mea
1654 2113 1756 2158 prae-

360 2176 480 2231 sentia
500 2185 532 2213 et
552 2173 726 2228 Lepidum
746 2173 851 2220 tueri,
886 2182 918 2211 et
939 2172 1126 2210 exercitum
1131 2171 1260 2226 facere
1291 2171 1480 2218 meliorem,
1514 2185 1620 2224 quami
1652 2168 1756 2207 nimis

374 2251 496 2280 cautus
516 2239 644 2277 videri.
667 2237 909 2277 sollicitiorem
930 2246 1021 2275 certe
1040 2237 1224 2284 hominem,
1244 2251 1309 2274 non
1316 2236 1397 2289 suis
1418 2235 1621 2282 contractis,
1642 2234 1752 2273 nemi-

374 2321 449 2345 nem
476 2314 561 2359 puto
583 2304 653 2358 sui
675 2319 705 2342 e.
754 2303 871 2350 Mun,
903 2317 983 2356 quae
1013 2316 1066 2341 res
1097 2302 1229 2341 nullam
1262 2301 1409 2340 habebat
1443 2300 1705 2346 dubitationem,
1720 2299 1761 2351 st

373 2372 542 2410 exercitus
560 2368 693 2423 Lepidi
718 2368 812 2420 absit,
846 2383 887 2407 ea
918 2382 1008 2406 nunc
1029 2382 1195 2420 magnam
1216 2366 1616 2420 sfflt·tfhllicitztdine772,
1650 2379 1754 2416 mag-

374 2450 521 2490 numque
541 2435 643 2472 habet
665 2433 794 2486 etfitm.
843 2433 947 2471 Mihi
972 2432 1061 2471 enim
1065 2434 1104 2485 st
1130 2431 1328 2484 contt'ggffi’t,
1362 2441 1401 2470 ut
1415 2431 1517 2486 prior
1537 2443 1754 2468 occurrerem

375 2500 545 2547 Antonio,
583 2514 647 2537 non
683 2497 891 2536 mehercules
920 2497 1044 2535 horam
1079 2498 1268 2550 constitiffi’t
1287 2513 1296 2542 3
1340 2506 1479 2535 tantum
1511 2510 1571 2547 ego
1603 2503 1635 2532 et
1668 2493 1757 2531 mihi

373 2566 514 2617 confido,
549 2575 581 2604 et
587 2566 643 2618 stc
668 2564 850 2618 percufflzs
876 2563 971 2602 illius
1003 2564 1134 2617 copias,
1169 2562 1389 2616 Ventidiique
1420 2560 1594 2599 Mulionis
1624 2560 1753 2610 castra,
