<?xml version="1.0" encoding="UTF-8"?>
<!DOCTYPE html PUBLIC "-//W3C//DTD XHTML 1.0 Transitional//EN"
    "http://www.w3.org/TR/xhtml1/DTD/xhtml1-transitional.dtd">
<html xmlns="http://www.w3.org/1999/xhtml" xml:lang="en" lang="en">
 <head>
  <title>
</title>
<meta http-equiv="Content-Type" content="text/html;charset=utf-8" />
  <meta name='ocr-system' content='tesseract 3.04.00' />
  <meta name='ocr-capabilities' content='ocr_page ocr_carea ocr_par ocr_line ocrx_word'/>
</head>
<body>
  <div class='ocr_page' id='page_1' title='image "./operacumindicibu07ciceuoft_0158.png"; bbox 0 0 2351 2997; ppageno 0'>
   <div class='ocr_carea' id='block_1_1' title="bbox 548 281 1576 334">
    <p class='ocr_par' dir='ltr' id='par_1_1' title="bbox 548 281 1576 334">
     <span class='ocr_line' id='line_1_1' title="bbox 548 281 1576 334; baseline -0.001 -13"><span class='ocrx_word' id='word_1_1' title='bbox 548 281 621 334; x_wconf 84' lang='lat'>138</span> <span class='ocrx_word' id='word_1_2' title='bbox 895 281 1576 321; x_wconf 89' lang='lat' dir='ltr'>EPISTOLARUM</span> 
     </span>
    </p>
   </div>
   <div class='ocr_carea' id='block_1_2' title="bbox 545 379 1930 1609">
    <p class='ocr_par' dir='ltr' id='par_1_2' title="bbox 545 379 1930 1609">
     <span class='ocr_line' id='line_1_2' title="bbox 545 379 1922 436; baseline 0.002 -18"><span class='ocrx_word' id='word_1_3' title='bbox 545 379 746 418; x_wconf 83' lang='lat' dir='ltr'>fortunam</span> <span class='ocrx_word' id='word_1_4' title='bbox 766 380 864 418; x_wconf 89' lang='lat' dir='ltr'>bene</span> <span class='ocrx_word' id='word_1_5' title='bbox 883 390 1061 433; x_wconf 84' lang='lat' dir='ltr'>paratum</span> <span class='ocrx_word' id='word_1_6' title='bbox 1077 381 1202 426; x_wconf 87' lang='lat' dir='ltr'>fuisse,</span> <span class='ocrx_word' id='word_1_7' title='bbox 1220 382 1413 420; x_wconf 81' lang='lat' dir='ltr'>adversam</span> <span class='ocrx_word' id='word_1_8' title='bbox 1429 381 1528 420; x_wconf 86' lang='lat' dir='ltr'>ferre</span> <span class='ocrx_word' id='word_1_9' title='bbox 1543 382 1654 421; x_wconf 85' lang='lat' dir='ltr'>nullo</span> <span class='ocrx_word' id='word_1_10' title='bbox 1670 382 1788 420; x_wconf 90' lang='lat' dir='ltr'>modo</span> <span class='ocrx_word' id='word_1_11' title='bbox 1804 383 1922 436; x_wconf 73' lang='lat' dir='ltr'>posse.</span> 
     </span>
     <span class='ocr_line' id='line_1_3' title="bbox 547 447 1924 498; baseline 0.001 -13"><span class='ocrx_word' id='word_1_12' title='bbox 547 447 799 498; x_wconf 85' lang='lat' dir='ltr'>Disputarem</span> <span class='ocrx_word' id='word_1_13' title='bbox 833 447 966 490; x_wconf 85' lang='lat' dir='ltr'>etiam,</span> <span class='ocrx_word' id='word_1_14' title='bbox 1001 456 1148 498; x_wconf 84' lang='lat' dir='ltr'>quanto</span> <span class='ocrx_word' id='word_1_15' title='bbox 1183 447 1318 484; x_wconf 84' lang='lat' dir='ltr'>solatio</span> <span class='ocrx_word' id='word_1_16' title='bbox 1354 448 1428 484; x_wconf 86' lang='lat' dir='ltr'>tibi</span> <span class='ocrx_word' id='word_1_17' title='bbox 1461 448 1697 486; x_wconf 87' lang='lat' dir='ltr'>conscientia</span> <span class='ocrx_word' id='word_1_18' title='bbox 1724 449 1783 487; x_wconf 84' lang='lat' dir='ltr'>tui</span> <span class='ocrx_word' id='word_1_19' title='bbox 1817 448 1924 493; x_wconf 61' lang='lat' dir='ltr'>faeti,</span> 
     </span>
     <span class='ocr_line' id='line_1_4' title="bbox 547 511 1922 564; baseline 0.003 -16"><span class='ocrx_word' id='word_1_20' title='bbox 547 520 747 564; x_wconf 79' lang='lat' dir='ltr'>quantaeve</span> <span class='ocrx_word' id='word_1_21' title='bbox 779 511 1026 548; x_wconf 56' lang='lat' dir='ltr'>delectationi</span> <span class='ocrx_word' id='word_1_22' title='bbox 1056 512 1096 548; x_wconf 87' lang='lat' dir='ltr'>in</span> <span class='ocrx_word' id='word_1_23' title='bbox 1129 512 1243 549; x_wconf 84' lang='lat' dir='ltr'>rebus</span> <span class='ocrx_word' id='word_1_24' title='bbox 1275 512 1434 549; x_wconf 82' lang='lat' dir='ltr'>adverfis</span> <span class='ocrx_word' id='word_1_25' title='bbox 1467 513 1586 550; x_wconf 86' lang='lat' dir='ltr'>literae</span> <span class='ocrx_word' id='word_1_26' title='bbox 1617 513 1688 551; x_wconf 81' lang='lat' dir='ltr'>effe</span> <span class='ocrx_word' id='word_1_27' title='bbox 1723 514 1922 552; x_wconf 87' lang='lat' dir='ltr'>deberent.</span> 
     </span>
     <span class='ocr_line' id='line_1_5' title="bbox 549 576 1925 622; baseline 0.003 -9"><span class='ocrx_word' id='word_1_28' title='bbox 549 578 911 614; x_wconf 83' lang='lat' dir='ltr'>Commemorarem</span> <span class='ocrx_word' id='word_1_29' title='bbox 932 590 1011 613; x_wconf 90' lang='lat' dir='ltr'>non</span> <span class='ocrx_word' id='word_1_30' title='bbox 1032 576 1159 614; x_wconf 87' lang='lat' dir='ltr'>solum</span> <span class='ocrx_word' id='word_1_31' title='bbox 1179 586 1371 622; x_wconf 86' lang='lat' dir='ltr'>veterum,</span> <span class='ocrx_word' id='word_1_32' title='bbox 1403 577 1465 614; x_wconf 86' lang='lat' dir='ltr'>sed</span> <span class='ocrx_word' id='word_1_33' title='bbox 1490 578 1631 615; x_wconf 87' lang='lat' dir='ltr'>horum</span> <span class='ocrx_word' id='word_1_34' title='bbox 1653 579 1770 616; x_wconf 83' lang='lat' dir='ltr'>etiam</span> <span class='ocrx_word' id='word_1_35' title='bbox 1790 593 1925 617; x_wconf 85' lang='lat' dir='ltr'>recen-</span> 
     </span>
     <span class='ocr_line' id='line_1_6' title="bbox 547 641 1926 694; baseline 0.003 -16"><span class='ocrx_word' id='word_1_36' title='bbox 547 642 650 679; x_wconf 88' lang='lat' dir='ltr'>tium</span> <span class='ocrx_word' id='word_1_37' title='bbox 664 641 724 679; x_wconf 88' lang='lat' dir='ltr'>vel</span> <span class='ocrx_word' id='word_1_38' title='bbox 741 642 903 686; x_wconf 88' lang='lat' dir='ltr'>ducum,</span> <span class='ocrx_word' id='word_1_39' title='bbox 916 642 976 679; x_wconf 90' lang='lat' dir='ltr'>vel</span> <span class='ocrx_word' id='word_1_40' title='bbox 993 643 1186 680; x_wconf 85' lang='lat' dir='ltr'>comitum</span> <span class='ocrx_word' id='word_1_41' title='bbox 1205 652 1377 688; x_wconf 86' lang='lat' dir='ltr'>tuorum,</span> <span class='ocrx_word' id='word_1_42' title='bbox 1393 643 1630 694; x_wconf 82' lang='lat' dir='ltr'>gravisfimos</span> <span class='ocrx_word' id='word_1_43' title='bbox 1647 643 1768 682; x_wconf 80' lang='lat' dir='ltr'>casus.</span> <span class='ocrx_word' id='word_1_44' title='bbox 1793 645 1926 682; x_wconf 88' lang='lat' dir='ltr'>Etiam</span> 
     </span>
     <span class='ocr_line' id='line_1_7' title="bbox 547 707 1927 747; baseline 0.001 -3"><span class='ocrx_word' id='word_1_45' title='bbox 547 716 727 745; x_wconf 83' lang='lat' dir='ltr'>externos</span> <span class='ocrx_word' id='word_1_46' title='bbox 748 707 895 744; x_wconf 86' lang='lat' dir='ltr'>multos</span> <span class='ocrx_word' id='word_1_47' title='bbox 916 708 1038 744; x_wconf 80' lang='lat' dir='ltr'>claros</span> <span class='ocrx_word' id='word_1_48' title='bbox 1060 709 1161 746; x_wconf 76' lang='lat' dir='ltr'>viros</span> <span class='ocrx_word' id='word_1_49' title='bbox 1184 709 1442 746; x_wconf 82' lang='lat' dir='ltr'>nominarem.</span> <span class='ocrx_word' id='word_1_50' title='bbox 1484 710 1604 746; x_wconf 80' lang='lat' dir='ltr'>Levat</span> <span class='ocrx_word' id='word_1_51' title='bbox 1624 709 1730 746; x_wconf 88' lang='lat' dir='ltr'>enim</span> <span class='ocrx_word' id='word_1_52' title='bbox 1751 709 1927 747; x_wconf 87' lang='lat' dir='ltr'>dolorem</span> 
     </span>
     <span class='ocr_line' id='line_1_8' title="bbox 547 773 1927 826; baseline 0.001 -16"><span class='ocrx_word' id='word_1_53' title='bbox 547 773 771 810; x_wconf 87' lang='lat' dir='ltr'>communis</span> <span class='ocrx_word' id='word_1_54' title='bbox 788 773 891 824; x_wconf 81' lang='lat' dir='ltr'>quasi</span> <span class='ocrx_word' id='word_1_55' title='bbox 909 773 1005 824; x_wconf 85' lang='lat' dir='ltr'>legis</span> <span class='ocrx_word' id='word_1_56' title='bbox 1022 783 1060 811; x_wconf 90' lang='lat' dir='ltr'>et</span> <span class='ocrx_word' id='word_1_57' title='bbox 1080 773 1261 811; x_wconf 82' lang='lat' dir='ltr'>humanae</span> <span class='ocrx_word' id='word_1_58' title='bbox 1277 774 1515 812; x_wconf 83' lang='lat' dir='ltr'>conditionis</span> <span class='ocrx_word' id='word_1_59' title='bbox 1533 774 1760 812; x_wconf 83' lang='lat' dir='ltr'>recordatio.</span> <span class='ocrx_word' id='word_1_60' title='bbox 1789 776 1927 826; x_wconf 83' lang='lat' dir='ltr'>Expo-</span> 
     </span>
     <span class='ocr_line' id='line_1_9' title="bbox 548 838 1925 892; baseline 0.001 -17"><span class='ocrx_word' id='word_1_61' title='bbox 548 851 680 876; x_wconf 87' lang='lat' dir='ltr'>nerem</span> <span class='ocrx_word' id='word_1_62' title='bbox 701 838 833 882; x_wconf 83' lang='lat' dir='ltr'>etiam,</span> <span class='ocrx_word' id='word_1_63' title='bbox 864 838 1196 889; x_wconf 79' lang='lat' dir='ltr'>quemadmodum</span> <span class='ocrx_word' id='word_1_64' title='bbox 1217 839 1297 884; x_wconf 86' lang='lat' dir='ltr'>hic,</span> <span class='ocrx_word' id='word_1_65' title='bbox 1329 849 1366 876; x_wconf 87' lang='lat' dir='ltr'>et</span> <span class='ocrx_word' id='word_1_66' title='bbox 1387 848 1530 892; x_wconf 84' lang='lat' dir='ltr'>quanta</span> <span class='ocrx_word' id='word_1_67' title='bbox 1550 840 1590 877; x_wconf 88' lang='lat' dir='ltr'>in</span> <span class='ocrx_word' id='word_1_68' title='bbox 1612 840 1738 884; x_wconf 86' lang='lat' dir='ltr'>turba,</span> <span class='ocrx_word' id='word_1_69' title='bbox 1760 849 1925 891; x_wconf 85' lang='lat' dir='ltr'>quanta-</span> 
     </span>
     <span class='ocr_line' id='line_1_10' title="bbox 548 902 1928 955; baseline 0.001 -15"><span class='ocrx_word' id='word_1_70' title='bbox 548 917 625 955; x_wconf 91' lang='lat' dir='ltr'>que</span> <span class='ocrx_word' id='word_1_71' title='bbox 646 903 687 940; x_wconf 88' lang='lat' dir='ltr'>in</span> <span class='ocrx_word' id='word_1_72' title='bbox 704 902 929 941; x_wconf 81' lang='lat' dir='ltr'>confusione</span> <span class='ocrx_word' id='word_1_73' title='bbox 945 917 1074 941; x_wconf 84' lang='lat' dir='ltr'>rerum</span> <span class='ocrx_word' id='word_1_74' title='bbox 1090 905 1286 948; x_wconf 87' lang='lat' dir='ltr'>omnium,</span> <span class='ocrx_word' id='word_1_75' title='bbox 1304 904 1534 942; x_wconf 84' lang='lat' dir='ltr'>viveremus.</span> <span class='ocrx_word' id='word_1_76' title='bbox 1568 904 1729 942; x_wconf 80' lang='lat' dir='ltr'>Neceffe</span> <span class='ocrx_word' id='word_1_77' title='bbox 1748 905 1801 942; x_wconf 92' lang='lat' dir='ltr'>est</span> <span class='ocrx_word' id='word_1_78' title='bbox 1821 906 1928 942; x_wconf 89' lang='lat' dir='ltr'>enim</span> 
     </span>
     <span class='ocr_line' id='line_1_11' title="bbox 547 968 1927 1021; baseline 0.001 -15"><span class='ocrx_word' id='word_1_79' title='bbox 547 968 701 1007; x_wconf 87' lang='lat' dir='ltr'>minore</span> <span class='ocrx_word' id='word_1_80' title='bbox 721 968 905 1006; x_wconf 84' lang='lat' dir='ltr'>defiderio</span> <span class='ocrx_word' id='word_1_81' title='bbox 926 969 1075 1020; x_wconf 86' lang='lat' dir='ltr'>perdita</span> <span class='ocrx_word' id='word_1_82' title='bbox 1095 970 1295 1021; x_wconf 85' lang='lat' dir='ltr'>republica</span> <span class='ocrx_word' id='word_1_83' title='bbox 1315 983 1454 1014; x_wconf 85' lang='lat' dir='ltr'>carere,</span> <span class='ocrx_word' id='word_1_84' title='bbox 1473 983 1591 1021; x_wconf 86' lang='lat' dir='ltr'>quam</span> <span class='ocrx_word' id='word_1_85' title='bbox 1612 970 1727 1007; x_wconf 85' lang='lat' dir='ltr'>bona.</span> <span class='ocrx_word' id='word_1_86' title='bbox 1759 969 1829 1007; x_wconf 86' lang='lat' dir='ltr'>Sed</span> <span class='ocrx_word' id='word_1_87' title='bbox 1851 969 1927 1007; x_wconf 91' lang='lat' dir='ltr'>hoc</span> 
     </span>
     <span class='ocr_line' id='line_1_12' title="bbox 548 1033 1926 1086; baseline 0 -15"><span class='ocrx_word' id='word_1_88' title='bbox 548 1047 687 1086; x_wconf 84' lang='lat' dir='ltr'>genere</span> <span class='ocrx_word' id='word_1_89' title='bbox 708 1033 809 1071; x_wconf 88' lang='lat' dir='ltr'>nihil</span> <span class='ocrx_word' id='word_1_90' title='bbox 831 1047 927 1086; x_wconf 85' lang='lat' dir='ltr'>opus</span> <span class='ocrx_word' id='word_1_91' title='bbox 948 1034 1016 1072; x_wconf 88' lang='lat' dir='ltr'>est.</span> <span class='ocrx_word' id='word_1_92' title='bbox 1048 1035 1296 1073; x_wconf 85' lang='lat' dir='ltr'>Incolumem</span> <span class='ocrx_word' id='word_1_93' title='bbox 1319 1044 1355 1072; x_wconf 87' lang='lat' dir='ltr'>te</span> <span class='ocrx_word' id='word_1_94' title='bbox 1375 1036 1470 1079; x_wconf 88' lang='lat' dir='ltr'>cito,</span> <span class='ocrx_word' id='word_1_95' title='bbox 1494 1044 1536 1072; x_wconf 87' lang='lat' dir='ltr'>ut</span> <span class='ocrx_word' id='word_1_96' title='bbox 1558 1035 1680 1086; x_wconf 84' lang='lat' dir='ltr'>spero,</span> <span class='ocrx_word' id='word_1_97' title='bbox 1697 1034 1758 1071; x_wconf 87' lang='lat' dir='ltr'>vel</span> <span class='ocrx_word' id='word_1_98' title='bbox 1779 1036 1926 1086; x_wconf 85' lang='lat' dir='ltr'>potius,</span> 
     </span>
     <span class='ocr_line' id='line_1_13' title="bbox 548 1098 1927 1151; baseline 0 -15"><span class='ocrx_word' id='word_1_99' title='bbox 548 1108 593 1136; x_wconf 89' lang='lat' dir='ltr'>ut</span> <span class='ocrx_word' id='word_1_100' title='bbox 612 1099 819 1151; x_wconf 89' lang='lat' dir='ltr'>perspicio,</span> <span class='ocrx_word' id='word_1_101' title='bbox 849 1098 1086 1138; x_wconf 84' lang='lat' dir='ltr'>videbimus.</span> <span class='ocrx_word' id='word_1_102' title='bbox 1120 1101 1270 1137; x_wconf 87' lang='lat' dir='ltr'>Interea</span> <span class='ocrx_word' id='word_1_103' title='bbox 1290 1100 1363 1136; x_wconf 86' lang='lat' dir='ltr'>tibi</span> <span class='ocrx_word' id='word_1_104' title='bbox 1385 1100 1547 1144; x_wconf 87' lang='lat' dir='ltr'>absenti,</span> <span class='ocrx_word' id='word_1_105' title='bbox 1579 1108 1616 1137; x_wconf 92' lang='lat' dir='ltr'>et</span> <span class='ocrx_word' id='word_1_106' title='bbox 1636 1099 1746 1144; x_wconf 90' lang='lat' dir='ltr'>huic,</span> <span class='ocrx_word' id='word_1_107' title='bbox 1769 1099 1838 1151; x_wconf 90' lang='lat' dir='ltr'>qui</span> <span class='ocrx_word' id='word_1_108' title='bbox 1859 1099 1927 1136; x_wconf 87' lang='lat' dir='ltr'>ad-</span> 
     </span>
     <span class='ocr_line' id='line_1_14' title="bbox 548 1164 1928 1217; baseline 0.001 -16"><span class='ocrx_word' id='word_1_109' title='bbox 548 1164 616 1208; x_wconf 88' lang='lat' dir='ltr'>est,</span> <span class='ocrx_word' id='word_1_110' title='bbox 647 1165 811 1216; x_wconf 83' lang='lat' dir='ltr'>imagini</span> <span class='ocrx_word' id='word_1_111' title='bbox 840 1164 961 1201; x_wconf 87' lang='lat' dir='ltr'>animi</span> <span class='ocrx_word' id='word_1_112' title='bbox 990 1174 1029 1201; x_wconf 90' lang='lat' dir='ltr'>et</span> <span class='ocrx_word' id='word_1_113' title='bbox 1058 1165 1231 1216; x_wconf 85' lang='lat' dir='ltr'>corporis</span> <span class='ocrx_word' id='word_1_114' title='bbox 1257 1165 1330 1209; x_wconf 86' lang='lat' dir='ltr'>tui,</span> <span class='ocrx_word' id='word_1_115' title='bbox 1361 1164 1665 1202; x_wconf 80' lang='lat' dir='ltr'>constantiffimo</span> <span class='ocrx_word' id='word_1_116' title='bbox 1685 1174 1800 1216; x_wconf 87' lang='lat' dir='ltr'>atque</span> <span class='ocrx_word' id='word_1_117' title='bbox 1822 1165 1928 1217; x_wconf 89' lang='lat' dir='ltr'>opti-</span> 
     </span>
     <span class='ocr_line' id='line_1_15' title="bbox 546 1229 1928 1282; baseline 0 -15"><span class='ocrx_word' id='word_1_118' title='bbox 546 1243 614 1267; x_wconf 88' lang='lat' dir='ltr'>mo</span> <span class='ocrx_word' id='word_1_119' title='bbox 633 1229 717 1267; x_wconf 92' lang='lat' dir='ltr'>filio</span> <span class='ocrx_word' id='word_1_120' title='bbox 738 1239 821 1274; x_wconf 88' lang='lat' dir='ltr'>tuo,</span> <span class='ocrx_word' id='word_1_121' title='bbox 843 1229 1029 1273; x_wconf 88' lang='lat' dir='ltr'>studium,</span> <span class='ocrx_word' id='word_1_122' title='bbox 1051 1230 1243 1274; x_wconf 85' lang='lat' dir='ltr'>officium,</span> <span class='ocrx_word' id='word_1_123' title='bbox 1266 1243 1440 1282; x_wconf 87' lang='lat' dir='ltr'>operam,</span> <span class='ocrx_word' id='word_1_124' title='bbox 1463 1230 1635 1267; x_wconf 79' lang='lat' dir='ltr'>laborem</span> <span class='ocrx_word' id='word_1_125' title='bbox 1656 1243 1804 1274; x_wconf 88' lang='lat' dir='ltr'>meum,</span> <span class='ocrx_word' id='word_1_126' title='bbox 1822 1231 1928 1281; x_wconf 85' lang='lat' dir='ltr'>jam-</span> 
     </span>
     <span class='ocr_line' id='line_1_16' title="bbox 549 1294 1929 1347; baseline 0 -15"><span class='ocrx_word' id='word_1_127' title='bbox 549 1294 702 1346; x_wconf 83' lang='lat' dir='ltr'>pridem</span> <span class='ocrx_word' id='word_1_128' title='bbox 721 1304 759 1332; x_wconf 92' lang='lat' dir='ltr'>et</span> <span class='ocrx_word' id='word_1_129' title='bbox 778 1295 981 1347; x_wconf 85' lang='lat' dir='ltr'>pollicitus</span> <span class='ocrx_word' id='word_1_130' title='bbox 1002 1294 1087 1332; x_wconf 89' lang='lat' dir='ltr'>sum</span> <span class='ocrx_word' id='word_1_131' title='bbox 1114 1305 1152 1332; x_wconf 91' lang='lat' dir='ltr'>et</span> <span class='ocrx_word' id='word_1_132' title='bbox 1176 1295 1328 1334; x_wconf 84' lang='lat' dir='ltr'>detuli:</span> <span class='ocrx_word' id='word_1_133' title='bbox 1362 1309 1466 1334; x_wconf 87' lang='lat' dir='ltr'>nunc</span> <span class='ocrx_word' id='word_1_134' title='bbox 1498 1294 1574 1332; x_wconf 90' lang='lat' dir='ltr'>hoc</span> <span class='ocrx_word' id='word_1_135' title='bbox 1606 1295 1790 1347; x_wconf 82' lang='lat' dir='ltr'>amplius,</span> <span class='ocrx_word' id='word_1_136' title='bbox 1822 1295 1929 1347; x_wconf 91' lang='lat' dir='ltr'>quod</span> 
     </span>
     <span class='ocr_line' id='line_1_17' title="bbox 550 1360 1930 1414; baseline 0 -16"><span class='ocrx_word' id='word_1_137' title='bbox 550 1375 613 1398; x_wconf 88' lang='lat' dir='ltr'>me</span> <span class='ocrx_word' id='word_1_138' title='bbox 642 1361 868 1399; x_wconf 85' lang='lat' dir='ltr'>amiciffime</span> <span class='ocrx_word' id='word_1_139' title='bbox 897 1361 1074 1412; x_wconf 88' lang='lat' dir='ltr'>quotidie</span> <span class='ocrx_word' id='word_1_140' title='bbox 1104 1362 1227 1413; x_wconf 86' lang='lat' dir='ltr'>magis</span> <span class='ocrx_word' id='word_1_141' title='bbox 1259 1362 1382 1400; x_wconf 86' lang='lat' dir='ltr'>Caesar</span> <span class='ocrx_word' id='word_1_142' title='bbox 1411 1362 1686 1414; x_wconf 67' lang='lat' dir='ltr'>ampletffitur:</span> <span class='ocrx_word' id='word_1_143' title='bbox 1719 1360 1930 1398; x_wconf 80' lang='lat' dir='ltr'>familiares</span> 
     </span>
     <span class='ocr_line' id='line_1_18' title="bbox 549 1427 1928 1479; baseline -0.001 -15"><span class='ocrx_word' id='word_1_144' title='bbox 549 1427 711 1478; x_wconf 87' lang='lat' dir='ltr'>quidem</span> <span class='ocrx_word' id='word_1_145' title='bbox 731 1428 828 1479; x_wconf 84' lang='lat' dir='ltr'>ejuS,</span> <span class='ocrx_word' id='word_1_146' title='bbox 846 1427 957 1465; x_wconf 81' lang='lat' dir='ltr'>ficuti</span> <span class='ocrx_word' id='word_1_147' title='bbox 979 1427 1192 1465; x_wconf 86' lang='lat' dir='ltr'>neminem.</span> <span class='ocrx_word' id='word_1_148' title='bbox 1224 1427 1344 1479; x_wconf 88' lang='lat' dir='ltr'>Apud</span> <span class='ocrx_word' id='word_1_149' title='bbox 1366 1441 1483 1479; x_wconf 90' lang='lat' dir='ltr'>quem</span> <span class='ocrx_word' id='word_1_150' title='bbox 1500 1427 1695 1479; x_wconf 86' lang='lat' dir='ltr'>quidquid</span> <span class='ocrx_word' id='word_1_151' title='bbox 1715 1427 1851 1465; x_wconf 84' lang='lat' dir='ltr'>valebo</span> <span class='ocrx_word' id='word_1_152' title='bbox 1868 1427 1928 1464; x_wconf 90' lang='lat' dir='ltr'>vel</span> 
     </span>
     <span class='ocr_line' id='line_1_19' title="bbox 549 1491 1929 1542; baseline -0.001 -12"><span class='ocrx_word' id='word_1_153' title='bbox 549 1493 792 1536; x_wconf 59' lang='lat' dir='ltr'>auctoritate,</span> <span class='ocrx_word' id='word_1_154' title='bbox 821 1492 881 1529; x_wconf 89' lang='lat' dir='ltr'>vel</span> <span class='ocrx_word' id='word_1_155' title='bbox 901 1492 1036 1542; x_wconf 83' lang='lat' dir='ltr'>gratia,</span> <span class='ocrx_word' id='word_1_156' title='bbox 1068 1491 1205 1529; x_wconf 89' lang='lat' dir='ltr'>valebo</span> <span class='ocrx_word' id='word_1_157' title='bbox 1227 1492 1315 1530; x_wconf 87' lang='lat' dir='ltr'>tibi.</span> <span class='ocrx_word' id='word_1_158' title='bbox 1354 1494 1420 1530; x_wconf 92' lang='lat' dir='ltr'>Tu</span> <span class='ocrx_word' id='word_1_159' title='bbox 1442 1505 1547 1536; x_wconf 85' lang='lat' dir='ltr'>cura,</span> <span class='ocrx_word' id='word_1_160' title='bbox 1580 1502 1623 1530; x_wconf 90' lang='lat' dir='ltr'>ut</span> <span class='ocrx_word' id='word_1_161' title='bbox 1643 1505 1735 1530; x_wconf 87' lang='lat' dir='ltr'>cum</span> <span class='ocrx_word' id='word_1_162' title='bbox 1756 1492 1929 1530; x_wconf 88' lang='lat' dir='ltr'>firmitu-</span> 
     </span>
     <span class='ocr_line' id='line_1_20' title="bbox 553 1556 1758 1609; baseline 0 -15"><span class='ocrx_word' id='word_1_163' title='bbox 553 1556 644 1594; x_wconf 89' lang='lat' dir='ltr'>dine</span> <span class='ocrx_word' id='word_1_164' title='bbox 664 1565 702 1594; x_wconf 89' lang='lat' dir='ltr'>te</span> <span class='ocrx_word' id='word_1_165' title='bbox 721 1557 859 1600; x_wconf 84' lang='lat' dir='ltr'>animi,</span> <span class='ocrx_word' id='word_1_166' title='bbox 892 1565 977 1593; x_wconf 83' lang='lat' dir='ltr'>tum</span> <span class='ocrx_word' id='word_1_167' title='bbox 999 1556 1114 1593; x_wconf 81' lang='lat' dir='ltr'>etiam</span> <span class='ocrx_word' id='word_1_168' title='bbox 1137 1557 1200 1609; x_wconf 87' lang='lat' dir='ltr'>spe</span> <span class='ocrx_word' id='word_1_169' title='bbox 1220 1558 1384 1609; x_wconf 89' lang='lat' dir='ltr'>optima,</span> <span class='ocrx_word' id='word_1_170' title='bbox 1416 1557 1613 1595; x_wconf 85' lang='lat' dir='ltr'>sustentes.</span> <span class='ocrx_word' id='word_1_171' title='bbox 1646 1558 1758 1595; x_wconf 76' lang='lat' dir='ltr'>Vale.</span> 
     </span>
    </p>
   </div>
   <div class='ocr_carea' id='block_1_3' title="bbox 764 1756 1717 1794">
    <p class='ocr_par' dir='ltr' id='par_1_3' title="bbox 764 1756 1717 1794">
     <span class='ocr_line' id='line_1_21' title="bbox 764 1756 1717 1794; baseline 0.001 -2"><span class='ocrx_word' id='word_1_172' title='bbox 764 1756 814 1793; x_wconf 92' lang='lat' dir='ltr'>A.</span> <span class='ocrx_word' id='word_1_173' title='bbox 849 1756 1100 1793; x_wconf 69' lang='lat' dir='ltr'>CAEciNA</span> <span class='ocrx_word' id='word_1_174' title='bbox 1142 1756 1205 1794; x_wconf 82' lang='lat' dir='ltr'>M.</span> <span class='ocrx_word' id='word_1_175' title='bbox 1240 1756 1550 1792; x_wconf 76' lang='lat' dir='ltr'>C1CERON1</span> <span class='ocrx_word' id='word_1_176' title='bbox 1592 1756 1629 1793; x_wconf 81' lang='lat' dir='ltr'>S.</span> <span class='ocrx_word' id='word_1_177' title='bbox 1663 1756 1717 1793; x_wconf 89' lang='lat' dir='ltr'>D.</span> 
     </span>
    </p>
   </div>
   <div class='ocr_carea' id='block_1_4' title="bbox 543 1880 1933 2590">
    <p class='ocr_par' dir='ltr' id='par_1_4' title="bbox 551 1880 1930 1932">
     <span class='ocr_line' id='line_1_22' title="bbox 551 1880 1930 1932; baseline -0.002 -11"><span class='ocrx_word' id='word_1_178' title='bbox 551 1890 646 1926; x_wconf 81' lang='lat' dir='ltr'>VII,</span> <span class='ocrx_word' id='word_1_179' title='bbox 749 1884 828 1921; x_wconf 89' lang='lat' dir='ltr'>UO</span> <span class='ocrx_word' id='word_1_180' title='bbox 842 1883 885 1920; x_wconf 93' lang='lat' dir='ltr'><em>D</em></span> <span class='ocrx_word' id='word_1_181' title='bbox 916 1883 986 1920; x_wconf 75' lang='lat' dir='ltr'><em>tibi</em></span> <span class='ocrx_word' id='word_1_182' title='bbox 1001 1898 1067 1921; x_wconf 72' lang='lat' dir='ltr'>non</span> <span class='ocrx_word' id='word_1_183' title='bbox 1089 1893 1163 1919; x_wconf 79' lang='lat' dir='ltr'>tam</span> <span class='ocrx_word' id='word_1_184' title='bbox 1184 1881 1344 1918; x_wconf 74' lang='lat' dir='ltr'>celeriter</span> <span class='ocrx_word' id='word_1_185' title='bbox 1362 1880 1452 1918; x_wconf 77' lang='lat' dir='ltr'>liber</span> <span class='ocrx_word' id='word_1_186' title='bbox 1470 1880 1514 1932; x_wconf 70' lang='lat' dir='ltr'>est</span> <span class='ocrx_word' id='word_1_187' title='bbox 1534 1880 1706 1924; x_wconf 79' lang='lat' dir='ltr'>redditus,</span> <span class='ocrx_word' id='word_1_188' title='bbox 1728 1880 1860 1932; x_wconf 56' lang='grc' dir='ltr'>ἐξῆψε</span> <span class='ocrx_word' id='word_1_189' title='bbox 1878 1881 1930 1918; x_wconf 79' lang='lat' dir='ltr'>ti-</span> 
     </span>
    </p>

    <p class='ocr_par' dir='ltr' id='par_1_5' title="bbox 543 1944 1933 2590">
     <span class='ocr_line' id='line_1_23' title="bbox 782 1944 1927 1999; baseline -0.002 -15"><span class='ocrx_word' id='word_1_190' title='bbox 782 1947 873 1985; x_wconf 83' lang='lat' dir='ltr'>mori</span> <span class='ocrx_word' id='word_1_191' title='bbox 892 1948 1016 1999; x_wconf 75' lang='lat' dir='ltr'><em>nostro,</em></span> <span class='ocrx_word' id='word_1_192' title='bbox 1038 1958 1072 1985; x_wconf 74' lang='lat' dir='ltr'>et</span> <span class='ocrx_word' id='word_1_193' title='bbox 1092 1947 1141 1983; x_wconf 72' lang='lat' dir='ltr'>mi</span> <span class='ocrx_word' id='word_1_194' title='bbox 1154 1948 1250 1983; x_wconf 65' lang='lat' dir='ltr'>&amp;rere</span> <span class='ocrx_word' id='word_1_195' title='bbox 1270 1946 1447 1998; x_wconf 80' lang='lat' dir='ltr'>temporis.</span> <span class='ocrx_word' id='word_1_196' title='bbox 1480 1945 1609 1989; x_wconf 84' lang='lat' dir='ltr'>Filius,</span> <span class='ocrx_word' id='word_1_197' title='bbox 1641 1954 1683 1983; x_wconf 83' lang='lat' dir='ltr'>ut</span> <span class='ocrx_word' id='word_1_198' title='bbox 1701 1944 1817 1989; x_wconf 78' lang='lat' dir='ltr'>audio,</span> <span class='ocrx_word' id='word_1_199' title='bbox 1837 1954 1927 1998; x_wconf 83' lang='lat' dir='ltr'>per-</span> 
     </span>
     <span class='ocr_line' id='line_1_24' title="bbox 552 2010 1929 2065; baseline -0.004 -13"><span class='ocrx_word' id='word_1_200' title='bbox 552 2014 685 2058; x_wconf 75' lang='lat' dir='ltr'>timuit,</span> <span class='ocrx_word' id='word_1_201' title='bbox 716 2026 823 2064; x_wconf 80' lang='lat' dir='ltr'>neque</span> <span class='ocrx_word' id='word_1_202' title='bbox 852 2012 998 2064; x_wconf 59' lang='lat' dir='ltr'>injuria,</span> <span class='ocrx_word' id='word_1_203' title='bbox 1014 2013 1056 2062; x_wconf 78' lang='lat' dir='ltr'>si</span> <span class='ocrx_word' id='word_1_204' title='bbox 1071 2011 1159 2049; x_wconf 69' lang='lat' dir='ltr'>liber</span> <span class='ocrx_word' id='word_1_205' title='bbox 1179 2010 1308 2063; x_wconf 64' lang='lat' dir='ltr'>exjffi’t,</span> <span class='ocrx_word' id='word_1_206' title='bbox 1340 2011 1443 2065; x_wconf 73' lang='lat' dir='ltr'>[cum</span> <span class='ocrx_word' id='word_1_207' title='bbox 1473 2025 1540 2048; x_wconf 81' lang='lat' dir='ltr'>non</span> <span class='ocrx_word' id='word_1_208' title='bbox 1573 2020 1647 2048; x_wconf 75' lang='lat' dir='ltr'>tam</span> <span class='ocrx_word' id='word_1_209' title='bbox 1677 2010 1832 2061; x_wconf 57' lang='lat' dir='ltr'>interest,</span> <span class='ocrx_word' id='word_1_210' title='bbox 1865 2025 1929 2062; x_wconf 81' lang='lat' dir='ltr'>quo</span> 
     </span>
     <span class='ocr_line' id='line_1_25' title="bbox 552 2074 1928 2130; baseline -0.004 -13"><span class='ocrx_word' id='word_1_211' title='bbox 552 2079 665 2117; x_wconf 71' lang='lat' dir='ltr'>animo</span> <span class='ocrx_word' id='word_1_212' title='bbox 684 2077 891 2128; x_wconf 62' lang='lat' dir='ltr'>sbi-ibatur,</span> <span class='ocrx_word' id='word_1_213' title='bbox 922 2092 1025 2130; x_wconf 79' lang='lat' dir='ltr'>quam</span> <span class='ocrx_word' id='word_1_214' title='bbox 1052 2091 1115 2129; x_wconf 77' lang='lat' dir='ltr'>quo</span> <span class='ocrx_word' id='word_1_215' title='bbox 1149 2074 1374 2128; x_wconf 77' lang='lat' dir='ltr'>accipiatur)</span> <span class='ocrx_word' id='word_1_216' title='bbox 1408 2090 1450 2114; x_wconf 77' lang='lat' dir='ltr'>ne</span> <span class='ocrx_word' id='word_1_217' title='bbox 1481 2090 1521 2113; x_wconf 82' lang='lat' dir='ltr'>ea</span> <span class='ocrx_word' id='word_1_218' title='bbox 1549 2090 1606 2112; x_wconf 75' lang='lat' dir='ltr'>res</span> <span class='ocrx_word' id='word_1_219' title='bbox 1625 2075 1740 2126; x_wconf 75' lang='lat' dir='ltr'>inepte</span> <span class='ocrx_word' id='word_1_220' title='bbox 1760 2075 1849 2112; x_wconf 79' lang='lat' dir='ltr'>mihi</span> <span class='ocrx_word' id='word_1_221' title='bbox 1865 2089 1928 2112; x_wconf 82' lang='lat' dir='ltr'>no-</span> 
     </span>
     <span class='ocr_line' id='line_1_26' title="bbox 553 2139 1933 2194; baseline -0.004 -12"><span class='ocrx_word' id='word_1_222' title='bbox 553 2154 661 2189; x_wconf 76' lang='lat' dir='ltr'>ceret,</span> <span class='ocrx_word' id='word_1_223' title='bbox 691 2157 768 2181; x_wconf 76' lang='lat' dir='ltr'>cum</span> <span class='ocrx_word' id='word_1_224' title='bbox 781 2143 984 2194; x_wconf 60' lang='lat' dir='ltr'>prcesbrtim</span> <span class='ocrx_word' id='word_1_225' title='bbox 1005 2141 1215 2193; x_wconf 73' lang='lat' dir='ltr'>adhucstyli</span> <span class='ocrx_word' id='word_1_226' title='bbox 1225 2151 1350 2193; x_wconf 69' lang='lat' dir='ltr'>paenas</span> <span class='ocrx_word' id='word_1_227' title='bbox 1369 2141 1452 2178; x_wconf 78' lang='lat' dir='ltr'>dem.</span> <span class='ocrx_word' id='word_1_228' title='bbox 1488 2143 1570 2192; x_wconf 50' lang='grc' dir='ltr'>ἑξέτη</span> <span class='ocrx_word' id='word_1_229' title='bbox 1591 2140 1725 2192; x_wconf 71' lang='lat' dir='ltr'>quidem</span> <span class='ocrx_word' id='word_1_230' title='bbox 1748 2139 1785 2177; x_wconf 77' lang='lat' dir='ltr'>in</span> <span class='ocrx_word' id='word_1_231' title='bbox 1804 2141 1933 2189; x_wconf 56' lang='lat' dir='ltr'>restna-</span> 
     </span>
     <span class='ocr_line' id='line_1_27' title="bbox 547 2205 1929 2262; baseline -0.004 -14"><span class='ocrx_word' id='word_1_232' title='bbox 547 2208 859 2262; x_wconf 69' lang='lat' dir='ltr'>gularistcmfizlo</span> <span class='ocrx_word' id='word_1_233' title='bbox 876 2222 888 2244; x_wconf 92' lang='grc'>.·</span> <span class='ocrx_word' id='word_1_234' title='bbox 919 2223 1014 2251; x_wconf 67' lang='lat' dir='ltr'>mem,</span> <span class='ocrx_word' id='word_1_235' title='bbox 1047 2222 1122 2245; x_wconf 71' lang='lat' dir='ltr'>cum</span> <span class='ocrx_word' id='word_1_236' title='bbox 1143 2206 1509 2260; x_wconf 49' lang='lat' dir='ltr'>menda-›nstmpturae</span> <span class='ocrx_word' id='word_1_237' title='bbox 1528 2206 1642 2243; x_wconf 75' lang='lat' dir='ltr'>litura</span> <span class='ocrx_word' id='word_1_238' title='bbox 1662 2205 1826 2249; x_wconf 74' lang='lat' dir='ltr'>tollatur,</span> <span class='ocrx_word' id='word_1_239' title='bbox 1830 2206 1929 2256; x_wconf 84' lang='lat' dir='ltr'>stul-</span> 
     </span>
     <span class='ocr_line' id='line_1_28' title="bbox 551 2271 1923 2327; baseline -0.005 -12"><span class='ocrx_word' id='word_1_240' title='bbox 551 2276 752 2327; x_wconf 70' lang='lat' dir='ltr'>tiliafiwm</span> <span class='ocrx_word' id='word_1_241' title='bbox 770 2274 954 2317; x_wconf 70' lang='lat' dir='ltr'>multetur,</span> <span class='ocrx_word' id='word_1_242' title='bbox 977 2288 1067 2311; x_wconf 68' lang='lat' dir='ltr'>meus</span> <span class='ocrx_word' id='word_1_243' title='bbox 1088 2287 1189 2310; x_wconf 68' lang='lat' dir='ltr'>error</span> <span class='ocrx_word' id='word_1_244' title='bbox 1209 2272 1306 2309; x_wconf 67' lang='lat' dir='ltr'>exils&#39;o</span> <span class='ocrx_word' id='word_1_245' title='bbox 1326 2272 1524 2324; x_wconf 70' lang='lat' dir='ltr'>corrigitur</span> <span class='ocrx_word' id='word_1_246' title='bbox 1540 2289 1550 2314; x_wconf 72' lang='grc' dir='ltr'><strong><em>ς</em></strong></span> <span class='ocrx_word' id='word_1_247' title='bbox 1582 2271 1830 2321; x_wconf 57' lang='grc' dir='ltr'>εῑζίιιςβινηηια</span> <span class='ocrx_word' id='word_1_248' title='bbox 1848 2272 1923 2308; x_wconf 81' lang='lat' dir='ltr'>cri-</span> 
     </span>
     <span class='ocr_line' id='line_1_29' title="bbox 552 2335 1933 2390; baseline -0.003 -12"><span class='ocrx_word' id='word_1_249' title='bbox 552 2340 652 2378; x_wconf 71' lang='lat' dir='ltr'>minis</span> <span class='ocrx_word' id='word_1_250' title='bbox 673 2339 729 2385; x_wconf 77' lang='lat' dir='ltr'>est,</span> <span class='ocrx_word' id='word_1_251' title='bbox 762 2337 853 2390; x_wconf 78' lang='lat' dir='ltr'>quod</span> <span class='ocrx_word' id='word_1_252' title='bbox 867 2349 1030 2376; x_wconf 63' lang='lat' dir='ltr'>arnulfus</span> <span class='ocrx_word' id='word_1_253' title='bbox 1050 2337 1254 2389; x_wconf 60' lang='lat' dir='ltr'>cui-vrtstzrio</span> <span class='ocrx_word' id='word_1_254' title='bbox 1275 2336 1450 2374; x_wconf 66' lang='lat' dir='ltr'>maledt&#39;.x·z&#39;.</span> <span class='ocrx_word' id='word_1_255' title='bbox 1497 2338 1609 2374; x_wconf 63' lang='lat' dir='ltr'>IVemo</span> <span class='ocrx_word' id='word_1_256' title='bbox 1629 2335 1782 2386; x_wconf 65' lang='lat' dir='ltr'>nqstrum</span> <span class='ocrx_word' id='word_1_257' title='bbox 1803 2336 1860 2387; x_wconf 66' lang='lat' dir='ltr'>est,</span> <span class='ocrx_word' id='word_1_258' title='bbox 1892 2345 1933 2374; x_wconf 79' lang='lat' dir='ltr'>ut</span> 
     </span>
     <span class='ocr_line' id='line_1_30' title="bbox 552 2401 1930 2459; baseline -0.004 -15"><span class='ocrx_word' id='word_1_259' title='bbox 552 2406 686 2459; x_wconf 75' lang='lat' dir='ltr'>opinor,</span> <span class='ocrx_word' id='word_1_260' title='bbox 706 2404 789 2456; x_wconf 74' lang='lat' dir='ltr'>quin</span> <span class='ocrx_word' id='word_1_261' title='bbox 810 2413 897 2442; x_wconf 71' lang='lat' dir='ltr'>vota</span> <span class='ocrx_word' id='word_1_262' title='bbox 912 2403 1322 2456; x_wconf 59' lang='lat' dir='ltr'>vibJoriaesnaejbcerz&#39;t3</span> <span class='ocrx_word' id='word_1_263' title='bbox 1347 2417 1455 2446; x_wconf 77' lang='lat' dir='ltr'>nemo,</span> <span class='ocrx_word' id='word_1_264' title='bbox 1475 2402 1570 2454; x_wconf 73' lang='lat' dir='ltr'>quin,</span> <span class='ocrx_word' id='word_1_265' title='bbox 1590 2402 1696 2439; x_wconf 79' lang='lat' dir='ltr'>etiam</span> <span class='ocrx_word' id='word_1_266' title='bbox 1714 2415 1790 2438; x_wconf 79' lang='lat' dir='ltr'>cum</span> <span class='ocrx_word' id='word_1_267' title='bbox 1806 2401 1844 2439; x_wconf 79' lang='lat' dir='ltr'>de</span> <span class='ocrx_word' id='word_1_268' title='bbox 1858 2401 1930 2439; x_wconf 74' lang='lat' dir='ltr'>alia</span> 
     </span>
     <span class='ocr_line' id='line_1_31' title="bbox 553 2466 1926 2521; baseline -0.004 -12"><span class='ocrx_word' id='word_1_269' title='bbox 553 2486 591 2509; x_wconf 67' lang='lat' dir='ltr'>re</span> <span class='ocrx_word' id='word_1_270' title='bbox 609 2470 815 2512; x_wconf 67' lang='lat' dir='ltr'>immolaret,</span> <span class='ocrx_word' id='word_1_271' title='bbox 848 2478 966 2507; x_wconf 77' lang='lat' dir='ltr'>lamen</span> <span class='ocrx_word' id='word_1_272' title='bbox 985 2484 1019 2507; x_wconf 83' lang='lat' dir='ltr'>eo</span> <span class='ocrx_word' id='word_1_273' title='bbox 1046 2470 1179 2521; x_wconf 73' lang='lat' dir='ltr'>quidem</span> <span class='ocrx_word' id='word_1_274' title='bbox 1197 2468 1265 2521; x_wconf 51' lang='lat' dir='ltr'>sps]</span> <span class='ocrx_word' id='word_1_275' title='bbox 1284 2477 1450 2520; x_wconf 68' lang='lat' dir='ltr'>tempore,</span> <span class='ocrx_word' id='word_1_276' title='bbox 1481 2476 1522 2505; x_wconf 73' lang='lat' dir='ltr'>ut</span> <span class='ocrx_word' id='word_1_277' title='bbox 1543 2481 1646 2518; x_wconf 74' lang='lat' dir='ltr'>quam</span> <span class='ocrx_word' id='word_1_278' title='bbox 1660 2466 1818 2518; x_wconf 74' lang='lat' dir='ltr'>primum</span> <span class='ocrx_word' id='word_1_279' title='bbox 1840 2468 1926 2503; x_wconf 79' lang='lat' dir='ltr'>Cae-</span> 
     </span>
     <span class='ocr_line' id='line_1_32' title="bbox 543 2529 1923 2590; baseline -0.006 -16"><span class='ocrx_word' id='word_1_280' title='bbox 543 2537 871 2590; x_wconf 53' lang='lat' dir='ltr'>Jsszrfitperarctum</span> <span class='ocrx_word' id='word_1_281' title='bbox 889 2535 1040 2587; x_wconf 69' lang='lat' dir='ltr'>optarit.</span> <span class='ocrx_word' id='word_1_282' title='bbox 1072 2534 1193 2583; x_wconf 66' lang='lat' dir='ltr'>Hocst</span> <span class='ocrx_word' id='word_1_283' title='bbox 1213 2548 1279 2571; x_wconf 74' lang='lat' dir='ltr'>uon</span> <span class='ocrx_word' id='word_1_284' title='bbox 1299 2533 1446 2585; x_wconf 76' lang='lat' dir='ltr'>cogitat,</span> <span class='ocrx_word' id='word_1_285' title='bbox 1465 2532 1620 2571; x_wconf 65' lang='lat' dir='ltr'>amnibus</span> <span class='ocrx_word' id='word_1_286' title='bbox 1638 2531 1742 2570; x_wconf 80' lang='lat' dir='ltr'>rebus</span> <span class='ocrx_word' id='word_1_287' title='bbox 1747 2531 1845 2583; x_wconf 74' lang='lat' dir='ltr'>filix</span> <span class='ocrx_word' id='word_1_288' title='bbox 1866 2529 1923 2581; x_wconf 76' lang='lat' dir='ltr'>cst</span> 
     </span>
    </p>
   </div>
  </div>
 </body>
</html>
