2351 2997
568 274 641 326 358
911 269 1594 310 EPISTOLARUM

560 372 647 422 jura
681 380 719 409 et
753 371 890 409 merita
920 372 1158 423 populorum
1188 370 1319 408 effent.
1368 372 1504 423 Itaque
1534 385 1627 408 cum
1656 384 1676 408 a
1705 384 1769 408 me
1798 380 1944 424 peteret

566 436 775 488 Philippus
808 436 1142 479 Lacedaemonius,
1175 444 1218 472 ut
1254 436 1327 472 tibi
1362 436 1562 473 civitatem
1597 437 1941 482 commendarem5

563 502 629 539 etfi
651 502 920 544 memineram,
952 513 1014 537 me
1034 501 1069 537 ei
1090 500 1241 537 civitati
1261 500 1392 537 omnia
1414 500 1565 544 debere,
1598 510 1725 539 tamen
1748 502 1942 554 respondi,

564 565 903 603 commendatione
925 564 1240 602 Lacedaemonios
1262 565 1363 616 apud
1393 574 1427 601 te
1455 578 1533 602 non
1560 578 1684 617 egere.
1731 568 1867 618 Itaque
1894 568 1943 605 fic

563 631 681 668 velim
702 629 911 673 existimes,
943 643 1005 667 me
1026 643 1160 667 omnes
1183 629 1342 667 Achaiae
1362 630 1537 667 civitates
1566 630 1739 668 arbitrari
1768 645 1839 684 pro
1867 631 1943 670 ho-

563 708 651 732 rum
685 704 909 746 temporum
942 695 1233 746 perturbatione
1271 694 1421 740 felices,
1468 695 1575 746 quod
1612 695 1674 733 his
1711 705 1751 733 tu
1787 697 1940 748 praesls;

562 761 807 812 eundemque
828 774 891 797 me
911 760 1169 812 itajudicare,
1201 769 1253 804 te,
1284 761 1390 812 quod
1418 774 1517 797 unus
1545 762 1696 813 optime
1722 761 1843 799 noffes
1865 775 1946 800 non

562 826 689 863 nostra
725 826 867 870 solum,
911 825 974 863 sed
1013 827 1130 864 etiam
1171 826 1346 870 Graeciae,
1392 836 1648 864 monumenta
1686 827 1832 872 omnia,
1878 836 1944 865 tua

562 891 698 944 sponte
718 892 890 929 amicum
912 892 1218 930 Lacedaemoniis
1239 901 1277 929 et
1297 891 1368 928 effe
1389 901 1427 929 et
1446 891 1543 930 fore.
1591 893 1720 943 Qare
1746 902 1899 931 tantum
1922 907 1943 931 a

560 967 599 995 te
620 966 724 1010 peto,
757 966 815 1001 ut,
846 970 938 994 cum
971 971 1012 994 ea
1040 957 1157 995 facies
1189 957 1578 995 Lacedaemoniorum
1605 958 1728 1001 causa,
1760 972 1846 1010 quae
1876 968 1942 996 tua

562 1023 672 1067 fides,
703 1022 938 1074 amplitudo,
963 1022 1128 1074 justitia,
1160 1022 1355 1075 postulat,
1387 1031 1432 1060 ut
1462 1022 1539 1067 his,
1571 1023 1597 1060 s1
1627 1023 1702 1060 tibi
1728 1023 1940 1068 videbitur,

561 1087 767 1139 fignifices,
801 1097 838 1125 te
858 1101 936 1125 non
958 1088 1117 1126 moleste
1137 1087 1250 1132 ferre,
1274 1088 1380 1140 quod
1401 1088 1613 1139 intelligas,
1641 1101 1684 1125 ea
1703 1101 1788 1139 quae
1808 1087 1941 1133 facias,

560 1152 661 1190 mihi
682 1165 837 1203 quoque
857 1161 963 1203 grata
982 1151 1068 1190 effe.
1110 1153 1284 1191 Pertinet
1303 1154 1411 1191 enim
1431 1153 1476 1190 ad
1498 1153 1676 1190 officium
1696 1166 1846 1196 meum,
1876 1165 1941 1190 eos

559 1217 790 1261 existimare,
821 1230 922 1254 curae
942 1216 1043 1254 mihi
1065 1217 1146 1256 suas
1168 1232 1225 1256 res
1247 1218 1332 1257 effe.
1379 1219 1472 1256 Hoc
1497 1227 1534 1255 te
1554 1216 1804 1256 vehementer
1823 1217 1942 1255 etiam

558 1292 673 1334 atque
694 1283 812 1320 etiam
832 1295 940 1334 rogo.
979 1283 1090 1321 Vale.

763 1484 825 1521 M.
859 1486 912 1522 T.
945 1485 1186 1521 C1C13Ro
1228 1484 1276 1521 L.
1311 1483 1564 1522 PLANCO
1607 1484 1643 1521 S.
1677 1483 1731 1520 D.

558 1611 712 1650 XXIX.
737 1609 928 1682 NON
950 1611 1104 1654 dubito,
1123 1610 1220 1662 quin
1243 1610 1350 1654 scias,
1369 1611 1407 1648 in
1430 1610 1477 1647 iis
1495 1610 1723 1653 necessariis,
1741 1610 1809 1660 qui
1831 1612 1940 1649 tibia

845 1685 951 1728 patre
968 1676 1092 1713 relicti
1110 1676 1212 1719 sunt,
1231 1689 1293 1713 me
1310 1675 1383 1712 tibi
1400 1674 1471 1712 effe
1487 1675 1547 1712 vel
1564 1675 1936 1727 conjunctissimum,

555 1753 634 1778 non
655 1740 717 1778 his
739 1740 858 1778 modo
878 1740 1011 1785 caufis,
1034 1753 1120 1791 quae
1142 1740 1309 1791 speciem
1330 1739 1497 1777 habeant
1517 1753 1666 1791 magnae
1687 1740 1936 1791 conjunctio-

556 1807 631 1851 nis,
663 1805 725 1842 sed
747 1806 793 1843 iis
814 1806 946 1849 etiam,
979 1819 1064 1856 quae
1085 1803 1348 1842 familiaritate
1367 1813 1406 1842 et
1420 1804 1705 1854 „consuetudine
1727 1814 1933 1849 tenentum

555 1884 673 1922 quam
707 1870 778 1907 scis
814 1869 915 1906 mihi
943 1869 1267 1921 jucundiffimam
1301 1882 1395 1906 cum
1428 1875 1536 1921 putre
1569 1878 1639 1906 tuo
1672 1878 1710 1906 et
1745 1869 1938 1906 summam

556 1935 680 1972 fuiffe.
727 1935 790 1971 Ab
812 1933 873 1971 his
895 1934 1018 1970 initiis
1041 1933 1166 1970 noster
1186 1934 1227 1970 in
1249 1943 1285 1971 te
1306 1947 1414 1970 amor
1434 1933 1645 1986 profectus,
1676 1934 1785 1970 auxit
1805 1943 1936 1985 pater-

556 2014 646 2038 nam
668 1999 1000 2043 necessitudinem,
1032 2007 1070 2035 et
1095 2012 1141 2035 eo
1169 2000 1306 2050 magis,
1339 1999 1445 2051 quod
1472 1998 1665 2043 intellexi,
1697 2007 1741 2036 ut
1762 1999 1937 2050 primum

555 2078 623 2116 per
643 2073 794 2101 aetatem
810 2063 1009 2114 judicium
1030 2061 1153 2100 facere
1179 2064 1350 2115 potueris
1379 2064 1514 2115 quanti
1543 2063 1705 2115 quisque
1733 2063 1806 2100 tibi
1837 2062 1936 2100 faci—

554 2130 677 2168 endus
707 2129 811 2172 esset,
843 2141 905 2165 me
935 2141 955 2164 a
982 2137 1018 2165 te
1050 2129 1089 2165 in
1124 2129 1260 2179 primis
1293 2138 1470 2180 coeptum
1503 2128 1574 2166 effe
1603 2127 1809 2171 observari,
1841 2127 1933 2172 coli,

554 2195 683 2246 diligi.
734 2192 957 2230 Accedebat
992 2206 1070 2230 non
1104 2193 1300 2230 mediocre
1334 2193 1540 2230 vinculum
1576 2206 1668 2230 cum
1702 2192 1933 2236 studiorum,

554 2260 662 2313 quod
682 2258 810 2310 ipsum
831 2258 883 2295 est
904 2271 971 2310 per
999 2258 1033 2295 se
1060 2271 1200 2309 grave,
1234 2267 1320 2296 tum
1352 2272 1487 2296 eorum
1517 2258 1748 2301 studiorum,
1779 2270 1933 2294 earum-

553 2339 631 2378 que
659 2324 816 2368 artium‚
849 2337 934 2375 quae
963 2337 1030 2375 per
1057 2323 1092 2361 se
1119 2323 1207 2375 ipsae
1234 2337 1313 2368 eos,
1345 2324 1414 2374 qui
1440 2323 1642 2361 voluntate
1668 2323 1802 2360 eadem
1829 2322 1932 2366 sunt,

554 2391 673 2428 etiam
693 2388 956 2426 familiaritate
977 2388 1219 2426 devinciunt.
1253 2390 1466 2440 Expectare
1487 2398 1524 2425 te
1545 2389 1723 2432 arbitror,
1750 2386 1832 2424 haec
1856 2396 1935 2423 tam

553 2456 671 2507 longe
691 2454 853 2506 repetita
872 2453 1066 2505 principia
1086 2466 1164 2504 quo
1186 2453 1369 2505 speetent.
1403 2453 1448 2490 Id
1469 2454 1643 2505 primum
1664 2466 1755 2504 ergo
1776 2451 1932 2495 habeto,

554 2534 632 2558 non
654 2520 731 2558 fine
750 2531 891 2570 magna
905 2517 1084 2570 justaque
1111 2518 1221 2555 causa
1250 2517 1349 2556 hanc
1380 2532 1400 2555 a
1426 2530 1489 2555 me
1515 2517 1934 2556 commemorationem
