2351 2997
517 287 593 339 258
860 259 1548 327 EPISVTOLA'RUM

518 386 646 440 poffit,
669 385 774 438 quod
796 386 871 424 tibi
891 400 969 424 non
989 395 1166 439 paratum
1187 387 1249 426 fit.
1279 387 1429 425 Literas
1450 396 1534 427 tuas
1554 386 1804 427 vehementer
1823 400 1896 426 ex-

518 453 646 504 pefto,
676 460 715 489 et
734 451 894 504 quidem
914 451 1024 496 tales,
1052 451 1184 503 quales
1204 452 1376 489 maxime
1395 461 1506 504 opto.
1536 452 1651 492 Vale.

865 651 1158 689 PLANcus
1201 650 1541 690 CICERONI.

522 775 872 852 XX111.NUN
873 777 996 828 QUA
1001 780 1052 817 M
1069 778 1289 823 mehercules,
1305 778 1356 815 mi
1371 777 1507 824 Cicero,
1524 792 1577 816 me
1585 778 1763 832 poenitebit
1776 777 1890 817 maxi-

773 857 832 880 ma
839 842 1001 895 pericula
1012 852 1079 894 pro
1084 843 1212 896 patria
1213 843 1348 895 ficbire,
1363 841 1501 894 dum,st
1511 843 1599 896 quid
1610 843 1776 882 acciderit
1790 843 1895 891 mihi,

523 922 547 946 a
562 909 808 961 reprehensione
824 906 1030 945 temeritatis
1045 908 1160 960 abfim.
1187 908 1221 945 C
1221 907 1376 958 orfiterer
1389 907 1624 960 imprudentia
1640 923 1692 946 me
1707 908 1852 962 lapsum,
1855 908 1898 960 st

524 987 675 1026 unquam
694 972 828 1027 Lepido
850 986 890 1009 ex
908 972 1021 1010 animo
1041 971 1258 1022 credidgffi’m.
1304 972 1506 1010 Credulitas
1524 972 1612 1010 enim
1631 987 1730 1010 error
1749 975 1794 1025 est
1813 987 1890 1010 ma-

520 1037 593 1088 gis,
624 1052 728 1092 quam
761 1037 877 1090 culpa,
911 1045 944 1074 et
975 1036 1110 1089 quidem
1141 1036 1178 1074 in
1210 1035 1333 1089 optimi
1361 1036 1521 1090 cujusque
1551 1046 1694 1075 mentem
1713 1036 1893 1090 facillime

524 1102 662 1156 irrepit.
704 1102 778 1141 Sed
793 1115 854 1153 ego
876 1115 940 1138 non
966 1100 1029 1138 hoc
1056 1100 1147 1139 vitio
1171 1109 1259 1155 pene
1274 1100 1359 1153 sum
1390 1100 1573 1154 deceptus:
1601 1101 1777 1155 Lepidum
1804 1100 1894 1139 enim

512 1167 662 1220 pulchre
688 1180 822 1205 noram.
864 1164 966 1216 Qid
981 1179 1064 1216 ergo
1093 1165 1136 1217 est
1150 1166 1172 1203 .?
1202 1164 1329 1204 Pudor
1348 1178 1415 1211 me,
1445 1164 1508 1218 qui
1524 1165 1560 1203 in
1577 1165 1659 1204 bello
1680 1165 1829 1203 maxime
1849 1165 1894 1217 est

516 1231 743 1285 periculostts,
772 1231 863 1270 hune
882 1230 999 1282 casum
1018 1230 1128 1282 coegit
1136 1229 1271 1283 subire.
1315 1231 1432 1277 Nam,
1449 1231 1490 1283 si
1515 1245 1580 1269 uno
1601 1230 1670 1268 loco
1691 1231 1798 1282 ffm,
1828 1244 1894 1269 ve-

523 1297 630 1334 rebar
660 1311 702 1335 ne
731 1296 789 1335 cui
817 1295 1085 1334 obtrectatorum
1117 1294 1260 1334 viderer
1290 1303 1322 1334 et
1349 1294 1494 1333 nimium
1509 1295 1742 1348 pertinaciter
1760 1295 1896 1350 Lepido

523 1361 680 1415 ffnfizs,
710 1370 743 1400 et
765 1375 841 1398 mea
853 1359 1029 1414 patientia
1055 1360 1160 1398 etiam
1189 1360 1284 1399 alere
1313 1359 1449 1413 bellum.
1494 1361 1620 1414 Itaque
1648 1359 1761 1414 copias
1786 1367 1893 1413 prope

521 1427 558 1465 in
591 1427 804 1481 conspectum
834 1424 965 1479 Lepidi
993 1424 1206 1478 Antoniique
1237 1423 1381 1471 adduxi,
1411 1423 1717 1478 quadragintaque
1745 1423 1892 1462 millium

514 1500 567 1546 pa
593 1506 675 1530 uum
682 1491 803 1546 spatio
822 1490 943 1528 relicto
967 1489 1111 1542 consedi,
1144 1503 1179 1527 eo
1210 1489 1351 1542 confilio,
1381 1498 1419 1527 ut
1446 1490 1508 1527 vel
1533 1489 1690 1527 celeriter
1716 1489 1889 1535 accedere,

521 1559 582 1596 ‘vel
585 1557 801 1611 salutariter
821 1554 974 1607 recipere
992 1569 1057 1602 me,
1082 1554 1220 1606 poſjem.
1267 1553 1430 1606 Adjunxi
1457 1554 1532 1592 haec
1561 1553 1598 1591 in
1627 1554 1697 1592 loco
1722 1553 1888 1605 eligendo,

508 1622 644 1672 flumen
683 1621 860 1674 oppositum
901 1628 939 1657 ut
974 1619 1150 1664 haberem,
1187 1618 1224 1656 in
1258 1633 1324 1672 quo
1357 1631 1456 1656 mora
1487 1619 1647 1671 transitus
1680 1619 1754 1669 efflet
1769 1633 1781 1656 .·
1822 1620 1889 1656 Vo—

524 1686 631 1724 contii
662 1686 705 1724 nb
724 1699 828 1723 manu
848 1693 886 1722 ut
907 1698 922 1720 e
946 1692 1016 1729 ent,
1037 1691 1104 1736 per
1123 1696 1268 1736 quorum
1288 1683 1363 1720 loca
1385 1681 1472 1720 mihi
1477 1682 1635 1732 fideliter
1647 1691 1788 1736 pateret
1807 1683 1889 1721 iter.

525 1751 693 1805 Lepidus,
724 1750 899 1804 desperato
930 1748 1087 1786 adventu
1116 1762 1202 1795 meo,
1234 1762 1333 1802 quem
1365 1762 1430 1786 non
1460 1747 1678 1786 mediocriter
1709 1748 1891 1802 captabat,

511 1817 554 1870 se
574 1830 651 1854 cum
672 1814 824 1854 Antonio
845 1813 1016 1866 conjunxit
1036 1828 1071 1851 a.
1087 1813 1122 1851 d.
1143 1830 1188 1853 JV
1199 1813 1289 1851 Kal.
1309 1812 1442 1866 Junias
1460 1827 1470 1856 ;
1501 1811 1681 1866 eodemque
1700 1812 1754 1850 die
1774 1812 1826 1850 ad
1839 1827 1892 1851 me

524 1883 636 1933 castra
656 1888 852 1919 moverunt.
889 1878 1024 1930 Viginti
1042 1878 1155 1916 millia
1165 1878 1324 1932 paffuum
1345 1892 1422 1915 cum
1443 1877 1598 1927 abcffent,
1621 1891 1677 1916 res
1696 1877 1785 1916 mihi
1801 1892 1889 1915 nun—

527 1946 619 1984 tiata
639 1946 692 1997 cst.
736 1944 839 1983 Dedi
862 1952 999 1996 operam
1020 1942 1120 1981 deum
1141 1943 1365 1994 benignitate,
1397 1951 1437 1980 ut
1457 1951 1491 1979 et
1511 1942 1668 1979 celeriter
1686 1955 1740 1980 me
1759 1942 1889 1995 recipe-

527 2025 614 2055 rent,
647 2019 679 2048 et
698 2009 755 2047 hic
771 2008 923 2061 dgsszffzs
942 2007 1034 2045 nihil
1038 2007 1148 2060 sugae
1152 2007 1268 2060 simile
1288 2007 1429 2044 haberet
1447 2021 1458 2050 3
1492 2020 1557 2044 non
1578 2006 1675 2044 miles
1695 2006 1797 2053 ullus,
1827 2021 1893 2045 non

527 2091 640 2131 eques,
673 2089 737 2114 non
758 2073 946 2128 quidquam
966 2072 1296 2126 impedimentorum,
1331 2071 1562 2116 omitteretur,
1583 2080 1645 2109 aut
1665 2071 1709 2109 ab
1728 2071 1796 2111 illis
1804 2071 1889 2125 Jer-

525 2142 685 2181 ventibus
703 2139 891 2179 latronibus
910 2138 1188 2192 interciperetur.
1236 2139 1361 2190 Itaque
1385 2137 1504 2189 pridie
1535 2139 1641 2176 Non.⁴
1662 2136 1753 2190 Jun.
1784 2151 1896 2176 omnes

526 2208 640 2262 copias
660 2205 798 2259 Istzram
823 2203 961 2256 trajeci,
987 2203 1184 2256 pontesque,
1214 2217 1296 2256 quos
1314 2202 1492 2255 jeceram,
1524 2202 1710 2255 interrupi,
1741 2212 1780 2241 ut
1797 2203 1890 2255 spa-

528 2273 614 2311 tium
633 2271 684 2310 ad
700 2268 922 2321 colligendum
929 2268 973 2321 se
993 2268 1143 2306 homines
1162 2268 1341 2314 haberent,
1365 2276 1397 2305 et
1419 2282 1480 2319 ego
1503 2282 1554 2305 me
1573 2266 1704 2306 interea
1723 2282 1800 2305 cum
1821 2268 1890 2305 col—

526 2339 606 2390 lega
632 2336 883 2389 conjungerem,
916 2347 1016 2387 quenz
1046 2333 1175 2379 triduo,
1210 2347 1287 2370 cum
1316 2332 1381 2370 has
1409 2331 1535 2370 dabam
1565 2332 1700 2379 literas,
1734 2337 1893 2387 expecta-

526 2404 617 2442 bam.
662 2400 862 2452 Lateretfis
895 2398 1001 2450 nostri
1027 2406 1061 2436 et
1068 2398 1179 2447 fidem
1200 2406 1233 2435 et
1253 2397 1408 2435 animum
1411 2397 1631 2449 stngularem
1651 2396 1686 2434 in
1705 2397 1891 2450 rempubli-

527 2483 603 2508 cam
612 2467 752 2520 semper
758 2464 927 2519 fittebor:
946 2463 1019 2516 secl
1034 2472 1124 2501 certe
1143 2463 1251 2501 nimia
1270 2463 1341 2515 ejus
1361 2462 1576 2513 indulgentia
1596 2462 1631 2500 in
1651 2462 1827 2517 Lepidum
1845 2460 1897 2499 ad

526 2535 601 2573 tsaec
612 2532 774 2587 pericula
787 2529 1027 2585 perspicienda
1034 2527 1135 2581 facit
1151 2542 1226 2568 eum
1243 2528 1354 2567 minus
1361 2528 1544 2580 fhgacem.
1571 2528 1648 2579 Qci
1665 2526 1894 2580 quidemcum
