2351 2997
707 202 998 242 VARIAE
1085 204 1648 248 LECTIONES.

451 306 509 373 277
536 345 566 364 11
592 335 757 365 miraturum
775 337 795 365 P
809 341 967 367 minaturum

534 385 542 403 1
555 385 567 403 2
589 376 760 405 credidimus
774 378 799 412 ψ
814 379 934 406 credimus

535 424 570 452 ¹4
591 416 735 445 doleamus
762 431 775 446 v
797 420 924 447 doceamus
952 418 978 456 ψ
1001 431 1047 449 non
1073 419 1161 448 debea-

639 466 695 484 mus

536 504 567 531 ¹5
591 495 735 533 imperati&
750 511 763 524 v
778 500 923 534 impetrati}

535 545 569 568 ¹0
593 536 766 564 iracundiam
781 551 794 565 v
809 541 878 566 iram

533 584 570 603 20
593 585 647 603 non
663 575 683 602 P
697 587 737 604 nec

533 625 567 642 22
591 615 727 643 decedere
741 617 766 651 ψ
777 617 903 647 decernere

534 664 571 690 24
595 656 716 683 nostrum
732 669 745 684 υ
759 658 785 686 d.

530 709 570 715 --
589 695 625 722 est
640 708 653 722 v
665 697 698 732 est
711 695 747 723 ab

533 744 567 771 ²5
592 735 663 762 liber
677 748 690 762 υ
704 734 788 763 libera

532 775 568 801 28
593 783 642 800 uos
655 774 680 808 ψ
694 775 720 802 d.

556 822 565 840 1
593 813 756 841 aestimemus
779 827 792 842 v
803 821 925 852 putamus

549 862 569 889 4
592 861 621 880 ut
637 853 711 881 salva
726 854 881 889 uſs1lutaria

553 903 567 930 5
592 893 686 920 Pridie
701 893 721 920 P
736 894 760 927 ψ
776 896 803 921 d.

553 933 571 960 6
592 933 711 960 Sextiles
727 947 739 961 υ
754 935 871 963 Sextiles.
899 935 963 964 Vale

536 981 571 1000 10
592 973 750 1010 Progressus
767 975 786 1001 P
801 975 933 1013 Profellus

531 1027 572 1034 -
593 1013 737 1049 Inalpinos
754 1015 787 1042 Po
802 1013 987 1053 ‘Transalpinos

536 1061 546 1080 1
556 1062 569 1080 z
593 1052 700 1080 efficere
715 1067 727 1080 υ
737 1056 835 1092 reficere

536 1101 568 1129 13
594 1102 657 1120 nam
673 1106 686 1120 v
701 1094 727 1120 d.

534 1142 569 1167 ¹4
591 1132 800 1160 bellicosissimis
813 1133 839 1166 ψ
853 1132 968 1171 bellicosis

534 1173 568 1200 16
592 1171 677 1199 facies
690 1173 814 1206 stacias

533 1221 566 1244 17
590 1212 662 1239 Vale
677 1213 697 1240 P
711 1215 738 1240 d.

534 1261 570 1288 ¹9
592 1262 607 1279 a
622 1253 647 1286 xla
664 1254 703 1279 ad

531 1302 568 1320 20
590 1300 812 1320 commoraretur
827 1305 840 1320 υ
853 1299 997 1322 moraretur

532 1340 564 1359 21
591 1339 652 1360 tuto
666 1334 686 1360 Ρ
700 1340 782 1360 tutum

530 1381 566 1400 2²
591 1373 695 1400 rediret
715 1385 728 1399 v
743 1375 841 1400 veniret

531 1421 547 1440 2
552 1422 565 1448 3
590 1421 616 1439 a.
633 1413 660 1440 di
679 1412 700 1439 P
713 1414 752 1440 ad

530 1461 565 1488 25
590 1461 621 1479 ea
637 1452 672 1480 de
687 1459 714 1480 te
727 1465 741 1479 υ
754 1452 836 1480 eadem
850 1455 961 1481 maxime

527 1506 568 1513 —
588 1491 721 1528 optabam
738 1492 758 1520 P
773 1492 889 1520 volebam
903 1506 916 1520 v
930 1492 1060 1522 hortabar

530 1531 568 1559 26
590 1533 685 1569 Qare
701 1545 713 1559 v
729 1543 780 1569 qua

530 1580 566 1607 27
591 1572 761 1599 hortatorem
775 1586 789 1600 υ
803 1573 970 1601 hortationem

449 1620 507 1649 ²79
550 1620 566 1648 7
590 1611 664 1648 spem
694 1611 831 1648 reliquam
860 1613 966 1640 nullam
991 1613 1011 1640 P
1034 1613 1160 1652 reliquum

632 1651 702 1678 nihil

453 813 509 848 278

532 1700 567 1718 10
589 1691 764 1718 domminatu
780 1692 805 1725 ψ
820 1700 885 1721 metu

528 1739 538 1759 1
548 1741 562 1768 3
585 1740 648 1759 cum
665 1745 677 1759 v
692 1734 756 1759 enim
769 1731 795 1766 ψ
808 1733 834 1762 d.

525 1785 567 1792 —
587 1771 747 1799 hortatione
760 1772 786 1805 ψ
800 1773 968 1800 cohortatione

531 1820 567 1846 14
587 1811 676 1848 scripsi
692 1812 716 1844 ψ
730 1812 787 1839 dixi

530 1851 565 1878 16
588 1859 614 1879 et
629 1851 748 1888 gloriam
764 1865 777 1879 υ
793 1855 818 1879 d.

530 1899 564 1926 17
587 1901 631 1918 me
647 1901 710 1919 cum
727 1905 740 1919 v
755 1901 791 1920 me
805 1893 847 1929 effe
861 1899 916 1919 tum

530 1932 563 1958 18
587 1931 645 1968 ipse
659 1945 672 1958 υ
686 1932 737 1969 ipsi

530 1979 565 2008 19
586 1972 670 1999 velim
686 1985 699 1999 v
710 1972 736 2005 «ᾧ
750 1971 825 1999 velim
839 1981 877 2000 me

528 2020 566 2039 20
589 2012 661 2038 Vale
676 2011 696 2037 P
711 2024 725 2038 v
739 2013 766 2038 d.

527 2059 566 2087 24
588 2050 675 2090 Qod
689 2050 716 2085 ψ
728 2050 808 2086 Qid

528 2099 562 2127 25
588 2099 614 2119 te
629 2090 699 2118 mihi
714 2103 727 2118 v
738 2101 774 2118 me
787 2090 837 2118 tibi

529 2139 566 2167 ²9
587 2130 696 2159 senatus
711 2131 731 2158 P
745 2131 883 2166 etstnatus

526 2184 566 2192 ·-
588 2181 613 2200 a.
628 2171 659 2200 d.
675 2170 695 2198 P
709 2183 722 2198 υ
737 2172 776 2198 ad

529 2218 566 2246 30
590 2221 653 2239 xm
671 2224 684 2239 v
699 2221 729 2246 4.

525 2264 565 2271 -—
585 2251 689 2279 referre
703 2251 728 2285 ψ
742 2251 840 2290 deferre

449 2291 505 2319 280
547 2299 565 2327 9
587 2291 746 2329 augendam
761 2305 775 2320 v
789 2293 816 2320 d.

529 2330 564 2358 16
586 2331 715 2369 cognosse
742 2344 755 2359 v
778 2334 806 2361 d.
827 2332 853 2368 'l‘
876 2334 1016 2372 cogney‘cere

531 2372 564 2398 18
587 2378 679 2398 tamen
695 2373 780 2400 vinde

532 2419 568 2449 ¹9
589 2411 676 2440 velim
691 2412 711 2440 P
726 2412 786 2441 volo

1305 297 1326 324 1.

1216 318 1273 366 2230
1296 347 1331 365 22
1353 337 1471 375 publico
1495 337 1517 366 P
1532 341 1645 376 privato
1666 341 1712 374 (in
1728 350 1811 380 marg.
1831 342 1927 381 “pub-

1401 378 1487 412 ἦσθ’]

1299 428 1333 456 23
1358 417 1443 446 etiam
1460 419 1496 446 est
1512 418 1577 455 Pfit
1592 432 1616 453 v,
1631 419 1656 453 ψ
1670 423 1746 448 etiam
1758 428 1783 449 et

1293 473 1333 479 —
1355 466 1382 486 et
1397 458 1498 486 clarior
1511 472 1524 486 υ
1538 460 1566 487 d.

1295 513 1336 520 -—
1355 506 1383 527 et
1407 498 1610 527 adolescentem
1640 499 1660 528 P
1675 507 1698 528 et
1713 509 1749 527 me
1761 502 1842 529 etiam
1860 503 1927 531 adu-

1400 538 1524 573 lefientem

1299 588 1334 614 27
1358 585 1420 606 tuos
1435 592 1448 606 v
1462 580 1490 606 d.

1298 627 1335 655 29
1358 617 1472 646 salutem
1487 619 1635 654 vstcmmam

1297 667 1328 694 31
1355 658 1503 686 auctoritas
1519 671 1531 685 v
1544 659 1669 688 voluntas

1219 697 1270 726 281
1320 707 1335 725 2
1357 698 1484 735 proxime
1499 702 1638 734 vproximo

1319 746 1333 774 3
1358 745 1443 774 atque
1463 738 1602 766 animatus
1619 738 1705 768 debes
1732 741 1753 768 P
1767 742 1807 779 fit
1829 744 1930 772 animus

1401 785 1460 805 suus
1481 781 1521 806 uti
1541 778 1612 807 debet
1638 780 1663 814 ψ
1676 781 1724 816 seu
1737 791 1871 811 ammata}
1884 787 1932 812 de-

1404 816 1445 844 bes

1319 866 1335 894 7
1359 864 1407 885 tua
1422 856 1448 891 ψ
1462 867 1520 886 tuus

1295 911 1335 918 --
1358 904 1387 924 ut
1403 897 1437 924 ad
1451 905 1477 924 te
1492 911 1504 925 υ
1519 898 1605 926 adme
1619 907 1647 926 ut

1319 938 1335 964 8
1357 936 1502 965 scriberem
1519 937 1664 973 slaestribere

1302 986 1337 1004 10
1359 977 1407 1013 qui
1423 977 1489 1014 quid
1507 991 1520 1005 v
1535 980 1578 1014 qui
1592 978 1617 1012 ψ
1632 981 1758 1018 quicquid

1296 1031 1335 1037 —
1358 1016 1428 1043 nihil
1445 1017 1511 1044 dum
1527 1031 1540 1044 u
1554 1019 1659 1047 nondum
1674 1020 1698 1055 ψ
1712 1021 1786 1050 nihil

1302 1065 1333 1093 ¹3
1358 1063 1439 1084 antea
1453 1056 1480 1091 ψ
1493 1068 1554 1085 ame
1567 1069 1586 1086 a

1302 1098 1336 1124 18
1358 1096 1440 1124 ardor
1457 1096 1483 1131 ψ
1497 1108 1566 1125 amor

1296 1151 1336 1157 —
1356 1136 1482 1174 odioque
1497 1151 1510 1164 v
1521 1139 1650 1176 odiumque

1298 1185 1335 1204 20
1357 1176 1503 1211 debemus,
1518 1177 1587 1214 quid
1603 1179 1738 1214 vsolemus.
1765 1180 1844 1219 Qid

1303 1226 1341 1252 24
1362 1217 1416 1244 Fac
1433 1217 1523 1244 valeas
1539 1230 1562 1249 v,
1578 1217 1604 1252 ψ
1620 1220 1686 1249 Vale

1298 1265 1333 1293 27
1357 1257 1521 1285 auctoritate
1536 1271 1548 1284 v
1561 1265 1644 1287 autem

1218 1296 1274 1325 282
1318 1306 1334 1324 2
1356 1306 1419 1324 eum
1436 1310 1459 1330 v,
1476 1296 1502 1331 ψ
1517 1301 1580 1325 enim

1318 1346 1332 1373 3
1356 1336 1484 1364 elabatur
1499 1338 1523 1371 ψ
1537 1339 1675 1367 delabatur

1317 1387 1335 1413 4
1357 1384 1382 1405 te
1398 1390 1411 1404 v
1426 1378 1452 1403 d,

1319 1426 1333 1454 ς
1357 1417 1435 1453 poffit
1451 1430 1464 1444 υ
1479 1418 1546 1446 velit

1315 1456 1333 1484 6
1356 1456 1510 1494 perspicere
1525 1472 1537 1486 υ
1548 1458 1686 1496 prospicere

1316 1505 1332 1533 7
1355 1496 1457 1534 Neque
1472 1498 1530 1525 haec
1545 1512 1557 1525 υ
1571 1501 1624 1526 Nec
1638 1500 1683 1528 hoc

1316 1538 1331 1563 8
1355 1536 1499 1564 advertere
1515 1540 1532 1564 P
1548 1552 1571 1569 υ,
1589 1539 1615 1572 ψ
1630 1541 1840 1570 animadvertere

1293 1591 1336 1597 ——
1358 1576 1582 1613 persuasissimum
1599 1579 1634 1606 est
1649 1581 1787 1618 vperstcafi

1291 1631 1331 1637 ———
1352 1616 1492 1653 Lepidum
1507 1631 1521 1644 v
1536 1619 1650 1654 Afinium
1663 1629 1688 1647 et
1702 1621 1822 1658 Lepidum

1296 1666 1328 1692 ¹3
1353 1656 1447 1693 Regii.
1461 1671 1474 1684 ι·
1490 1657 1588 1695 Regiis.
1612 1659 1674 1687 Vale

1297 1705 1329 1732 17
1354 1697 1372 1723 si
1482 1698 1566 1725 malle
1582 1708 1626 1726 me
1651 1700 1670 1726 P
1684 1713 1707 1731 v,
1723 1699 1751 1734 ψ
1773 1701 1823 1729 Sed
1841 1709 1924 1730 tamen

1392 1740 1420 1764 in
1438 1737 1482 1764 hoc
1496 1746 1602 1775 tempore
1627 1738 1693 1775 (uon
1711 1745 1855 1769 viaeaneur
1868 1742 1924 1769 haec

1392 1779 1445 1804 dici
1458 1779 1534 1812 taustz
1543 1778 1738 1815 simulationis)
1760 1781 1859 1809 mallem
1873 1793 1923 1809 me-

1391 1817 1491 1847 hercule

1294 1865 1329 1883 zz
1350 1866 1433 1893 quarn
1450 1865 1552 1893 potero
1566 1872 1579 1886 v
1590 1866 1675 1896 potero
1689 1860 1714 1894 ᾧ
1727 1862 1754 1888 d.

1294 1905 1328 1933 25
1354 1897 1461 1933 injiciat
1475 1911 1488 1924 u
1503 1902 1626 1926 nunciata

1290 1950 1330 1957 —
1351 1937 1485 1964 vacivitas
1501 1938 1521 1965 P
1535 1942 1641 1966 novitas
1656 1939 1729 1977 (sisp.
1745 1939 1846 1975 Ιίη.]ψ
1860 1952 1916 1970 va-

1395 1980 1482 2004 cuitus

1293 2015 1330 2043 26
1351 2017 1541 2045 commendari
1561 2018 1585 2052 ψ
1600 2023 1722 2047 committi

1292 2065 1327 2092 27
1350 2057 1495 2094 parvulam
1512 2068 1626 2086 manum
1638 2060 1766 2097 peditum
1782 2069 1923 2099 vparvam

1396 2107 1498 2124 manum
1519 2099 1628 2126 miluum

1293 2146 1330 2174 30
1351 2136 1521 2165 difficillimo
1536 2138 1562 2174 ψ
1577 2142 1601 2166 d.

1214 2177 1267 2213 283
1313 2186 1328 2204 2
1351 2178 1403 2204 lint
1418 2179 1503 2211 astant

1290 2230 1329 2237 ·—-
1351 2217 1370 2245 fi
1385 2217 1522 2253 recipitur
1534 2231 1547 2245 v
1562 2219 1590 2246 d.

1311 2266 1325 2293 3
1350 2257 1561 2286 decursionibus
1575 2271 1589 2286 υ
1602 2259 1774 2294 decursoribus

1310 2306 1330 2332 4
1350 2307 1412 2334 quae
1427 2297 1580 2326 incurreret
1595 2312 1608 2326 v
1622 2299 1713 2334 quibus
1727 2302 1840 2328 incurrit

1311 2338 1327 2364 8
1349 2337 1479 2374 imperari
1495 2351 1507 2366 υ
1518 2341 1655 2376 impetrari

1294 2385 1303 2404 1
1315 2386 1323 2404 1
1351 2387 1384 2404 ne
1398 2377 1423 2411 ψ
1437 2387 1482 2405 non

1297 2425 1330 2454 ¹3
1353 2417 1456 2451 acceffi,
1472 2418 1537 2447 H-S
1554 2417 1579 2456 ψ
1593 2418 1729 2456 acctffiffim
