2351 2997
591 241 640 290 98
935 241 1612 279 EPISTOLARUM

591 355 633 379 ea
660 342 946 393 praescriptione
974 341 1040 385 est,
1073 350 1129 384 ut,
1162 340 1257 376 dum
1289 339 1328 375 id
1355 340 1518 384 extabit,
1549 340 1726 377 officium
1758 353 1891 377 meum
1922 340 1962 377 in

593 416 629 444 te
659 407 868 443 obscurum
900 405 970 442 effe
1001 418 1078 441 non
1108 404 1234 455 poffit.
1282 403 1413 440 Postea
1440 418 1528 441 vero
1556 418 1672 456 quam
1693 405 1887 456 profectus
1908 418 1962 448 es,

592 471 710 507 velim
732 470 943 513 recordere,
975 483 1060 520 quae
1081 481 1152 519 ego
1173 468 1219 504 de
1241 476 1277 504 te
1299 468 1337 504 in
1360 467 1490 505 senatu
1511 470 1672 518 egerim,
1701 483 1786 521 quae
1806 471 1845 507 in
1867 483 1963 507 con*

592 535 772 571 cionibus
795 534 976 577 dixerim,
999 545 1091 584 quas
1113 531 1160 569 ad
1181 541 1217 568 te
1238 531 1365 569 literas
1386 532 1571 569 miserim.
1648 546 1703 570 uae
1723 547 1815 571 cum
1835 534 1967 571 omnia

592 599 810 650 collegeris,
843 608 884 635 tu
906 598 984 649 ipse
1006 597 1123 635 velim
1139 596 1307 648 judices,
1340 595 1475 633 satisne
1495 596 1669 634 videatur
1697 596 1758 634 his
1782 599 1965 634 omnibus

594 665 706 701 rebus
730 674 817 700 tuus
839 663 1039 707 adventus,
1070 676 1161 699 cum
1182 662 1359 713 proxime
1381 662 1549 699 Romam
1570 662 1720 706 venisti,
1747 672 1883 700 mutue
1904 675 1963 699 re-

594 729 794 781 spondiffe.
829 729 947 778 Qod
969 728 1102 765 scribis
1124 728 1170 763 de
1190 726 1414 764 reconciliata
1433 727 1547 773 nostra
1562 727 1712 778 gratim
1748 741 1825 764 non
1847 727 1965 764 intel-

594 795 689 845 ligo,
708 808 776 830 cur
798 793 1086 830 reconciliatam
1108 792 1178 829 effe
1198 792 1317 835 dicaS,
1340 805 1424 843 quae
1445 805 1645 843 nunquam
1667 793 1877 829 imminuta
1897 792 1962 829 est.

595 859 714 908 Qod
745 858 878 895 scribis
901 872 977 894 non
999 856 1207 909 oportuifl‘e
1229 856 1442 893 Metellum
1463 855 1621 894 fratrem
1644 865 1757 893 tuum
1778 855 1818 893 ob
1837 855 1967 894 difflant

594 937 615 960 a
635 937 697 960 me
718 922 933 974 oppugnari
951 941 962 965 ς
995 922 1169 973 primum
1189 920 1265 957 hoc
1286 920 1404 958 velim
1425 920 1633 964 existimes,
1665 922 1841 957 animum
1867 921 1967 959 mihi

594 987 711 1024 istum
734 995 846 1024 tuum
866 985 1115 1023 vehementer
1136 985 1304 1036 probari,
1322 993 1360 1020 et
1380 983 1588 1021 fraternam
1604 984 1760 1036 plenam
1781 983 1965 1021 humani-

595 1053 684 1089 tatis
705 1065 748 1088 ac
770 1051 922 1102 pietatis
943 1051 1205 1088 voluntatem:
1230 1048 1382 1092 deinde,
1402 1049 1426 1085 fi
1444 1062 1519 1099 qua
1538 1062 1610 1099 ego
1632 1050 1671 1086 in
1694 1063 1731 1086 re
1752 1048 1862 1086 fratri
1883 1058 1968 1093 tuo,

595 1117 820 1168 reipublicae
838 1115 963 1159 causa,
986 1114 1203 1157 restiterim,
1227 1123 1270 1151 ut
1290 1111 1391 1150 mihi
1412 1113 1600 1164 ignoscas.
1633 1115 1736 1151 Tam
1757 1114 1862 1151 enim
1884 1114 1968 1151 sum

594 1183 741 1219 amicus
764 1180 1001 1232 reipublicae,
1033 1192 1150 1230 quam
1171 1178 1240 1230 qui
1262 1179 1445 1215 maxime.
1489 1178 1528 1214 Si
1549 1192 1637 1215 vero
1658 1192 1784 1216 meam
1806 1178 1968 1216 salutem

596 1256 730 1284 contra
750 1246 856 1282 illius
878 1246 1071 1296 impetum
1103 1244 1143 1280 in
1169 1257 1231 1280 me
1251 1242 1557 1280 crudeliffimum
1579 1242 1847 1287 defenderim3
1881 1243 1968 1280 satis

594 1310 750 1355 habeas,
782 1309 883 1347 nihil
913 1323 975 1346 me
1005 1309 1121 1346 etiam
1152 1317 1282 1345 tecum
1308 1307 1353 1344 de
1375 1307 1432 1345 tui
1452 1306 1581 1344 fratris
1603 1308 1744 1359 injuria
1764 1308 1966 1358 conqueri.

596 1377 728 1427 Qem
749 1389 820 1426 ego
850 1389 941 1412 cum
972 1373 1254 1425 comperissem,
1284 1385 1442 1410 omnem
1466 1372 1521 1410 sui
1543 1373 1762 1411 tribunatus
1783 1383 1969 1411 conatum

596 1442 637 1479 in
657 1455 785 1479 meam
805 1441 1018 1493 perniciem
1039 1453 1168 1491 parare
1194 1448 1308 1490 atque
1336 1439 1542 1482 meditari5
1575 1439 1636 1490 egi
1666 1452 1758 1476 cum
1789 1439 1967 1484 Claudia,

596 1515 816 1549 uxorema,
847 1515 885 1543 et
916 1519 1007 1542 cum
1040 1504 1157 1542 vestra
1189 1504 1313 1541 sorore
1347 1503 1497 1547 Mucia,
1529 1504 1641 1554 cujus
1673 1517 1762 1555 erga
1792 1518 1854 1541 me
1886 1503 1966 1541 stu-

597 1571 707 1609 dium
728 1585 797 1623 pro
819 1573 895 1608 Cn.
916 1571 1093 1622 Pompeii
1115 1568 1390 1606 neceffitudiloe
1411 1568 1547 1605 multis
1569 1569 1608 1605 in
1630 1568 1742 1606 rebus
1763 1569 1968 1620 perspexe-

597 1650 693 1680 ram,
725 1646 768 1673 ut
788 1650 878 1673 eum
905 1636 952 1672 ab
982 1635 1049 1672 illa
1076 1634 1216 1685 injuria
1245 1633 1491 1669 deterrerent.
1540 1634 1672 1684 Atque
1693 1634 1775 1677 ille,
1807 1634 1911 1684 quod
1934 1642 1970 1671 te

597 1701 738 1739 audiffe
757 1711 863 1738 certo
884 1701 975 1745 scio,
1008 1700 1131 1752 pridie
1154 1699 1231 1736 kal.
1255 1699 1468 1748 Januarias,
1500 1712 1575 1749 qua
1596 1699 1736 1749 injuria
1758 1712 1871 1736 nemo
1893 1712 1968 1736 un·-

596 1780 713 1818 quam
742 1767 780 1803 in
808 1766 940 1817 aliquo
965 1764 1186 1815 magistratu
1208 1763 1513 1814 improbiffimus
1535 1763 1630 1800 civis
1652 1763 1808 1801 affectus
1831 1763 1897 1808 est,
1928 1777 1970 1800 ea

597 1846 659 1869 me
680 1832 880 1869 consulem
907 1830 1050 1873 affecit,
1081 1842 1174 1866 cum
1206 1828 1490 1879 rempublicam
1521 1827 1822 1872 conservaffem5
1855 1837 1969 1879 atque

597 1897 804 1933 abeuntem
826 1894 1048 1945 magistratu
1068 1893 1268 1929 concionis
1290 1891 1474 1929 habendae
1490 1891 1673 1943 potestate
1689 1892 1872 1943 privavit:
1896 1906 1967 1929 cu-

592 1963 656 2013 jus
675 1961 814 2012 injuria
830 1959 929 1997 mihi
952 1964 1080 1995 tamen
1096 1957 1236 1995 honori
1258 1957 1410 1994 summo
1426 1955 1517 1994 fuit.
1550 1956 1656 1994 Nam
1673 1969 1763 1994 cum
1785 1957 1851 1993 ille
1867 1956 1969 1994 mihi

598 2025 713 2069 nihil,
746 2025 813 2061 nisi
836 2025 1078 2074 utjurarem,
1111 2022 1367 2073 permitteret,
1399 2034 1537 2072 magna
1559 2021 1792 2072 vocejuravi
1822 2021 1967 2058 veriffi-

596 2104 708 2128 mum
742 2088 1130 2141 pulcherrimumque
1162 2087 1437 2137 jusjurandum
1462 2101 1470 2123 z
1512 2085 1618 2136 quod
1656 2085 1824 2136 populus
1863 2085 1968 2126 idem

597 2168 736 2206 magna
756 2167 848 2191 voce
869 2167 931 2190 me
951 2166 1036 2189 vere
1051 2151 1190 2203 juraffe
1214 2151 1373 2202 juravit.
1418 2152 1505 2188 Hac
1535 2159 1690 2201 accepta
1720 2159 1798 2186 tam
1828 2150 1968 2201 infigni

596 2221 750 2271 injuria,
784 2228 911 2256 tamen
933 2218 1003 2255 illo
1025 2217 1106 2268 ipso
1125 2216 1188 2253 die
1207 2216 1291 2253 mifi
1313 2216 1358 2252 ad
1380 2215 1592 2252 Metellum
1613 2228 1841 2253 communes
1867 2215 1967 2252 ami-

596 2298 676 2328 cos,
695 2283 763 2335 qui
784 2292 938 2334 agerent
955 2296 1045 2319 cum
1062 2295 1120 2325 eo,
1141 2290 1182 2317 ut
1199 2280 1245 2318 de
1265 2281 1332 2318 illa
1348 2289 1479 2317 mente
1499 2279 1711 2317 desisteret:
1736 2279 1879 2331 quibus
1900 2279 1967 2315 ille

596 2349 806 2401 respondit,
838 2348 908 2385 fibi
938 2360 1016 2384 non
1041 2346 1111 2383 effe
1140 2346 1338 2396 integrum
1358 2360 1367 2382 :
1399 2344 1545 2382 etenim
1566 2345 1681 2396 paulo
1701 2354 1788 2382 ante
1809 2344 1850 2381 in
1870 2357 1966 2381 con-

595 2414 706 2452 cione
738 2414 899 2456 dixerat,
931 2413 981 2456 ei,
1012 2411 1081 2463 qui
1114 2411 1153 2447 in
1186 2411 1280 2448 alios
1313 2409 1636 2447 animadvertiffet
1667 2409 1811 2447 indic‘ta
1841 2408 1963 2452 causa,

595 2478 749 2518 dicendi
775 2478 843 2530 ipsi
866 2476 1091 2529 potestatem
1114 2475 1195 2514 fieri
1217 2489 1294 2514 non
1316 2485 1507 2528 oportere.
1554 2475 1773 2514 Hominem
1793 2486 1961 2527 gravem,
