2351 2997
590 259 664 297 208
932 260 1612 299 EPISTOLARUM

588 359 771 396 diuturna
791 359 934 396 callum
951 360 1034 410 jam
1055 359 1221 397 obduxit
1242 359 1439 397 stomacho
1461 373 1560 398 meo.
1609 358 1742 397 Habes
1770 359 1959 399 rationem

589 425 665 461 mei
688 424 851 461 consilii.
899 424 996 460 Tibi
1025 425 1147 474 igitur
1167 424 1242 461 hoc
1263 424 1396 461 censeo
1415 439 1423 462 ε
1456 424 1656 462 latendum
1678 424 1860 476 tantisper
1880 426 1958 464 ibi-

589 489 692 532 dem,
725 489 819 525 dum
841 487 1064 525 defervescit
1084 487 1166 525 haec
1186 489 1409 538 gratulatio,
1435 498 1474 525 et
1495 489 1606 526 simul
1628 489 1722 526 dum
1742 490 1958 535 audiamus,

588 553 920 605 quemadmodum
943 554 1147 604 negotium
1167 553 1392 591 confectum
1414 553 1458 590 fit
1476 569 1484 591 :
1517 553 1740 592 confectum
1764 556 1870 593 enim
1890 556 1961 594 effe

587 618 780 655 existimo.
828 618 969 670 Magni
995 627 1125 656 autem
1152 619 1341 662 intererit,
1373 619 1443 670 qui
1471 617 1589 656 fuerit
1615 619 1769 657 victoris
1790 621 1959 666 animus,

588 684 658 734 qui
677 684 804 721 exitus
822 697 971 721 rerum:
994 697 1232 735 quanquam,
1251 698 1330 735 quo
1346 697 1408 720 me
1427 685 1648 735 conjectura
1666 683 1795 728 ducat,
1814 683 1957 730 habeo;

590 748 651 784 sed
677 750 839 799 expecto
865 757 1009 785 tamen.
1055 750 1116 786 Te
1136 761 1224 785 vero
1245 749 1352 792 nolo,
1385 749 1452 786 nisi
1475 748 1552 800 ipse
1573 762 1706 786 rumor
1720 750 1803 800 jam
1823 763 1960 788 raucus

587 813 660 850 erit
681 812 818 857 factu&
850 813 895 850 ad
917 814 1024 850 Baias
1046 813 1188 850 venire.
1231 814 1317 850 Erit
1339 814 1445 850 enim
1465 813 1578 851 nobis
1599 812 1810 858 honestiuS,
1842 815 1959 853 etiam

588 891 682 915 cum
713 878 806 915 hinc
839 877 1131 922 discesserimus,
1163 878 1282 915 videri
1313 879 1452 916 veniffe
1482 880 1521 916 in
1552 879 1618 915 illa
1648 879 1733 916 loca
1762 879 1961 930 ploratum

588 943 734 994 potius,
766 956 883 994 quam
906 952 1093 980 natatum.
1141 943 1212 980 Sed
1242 942 1322 981 haec
1346 953 1386 981 tu
1409 944 1563 981 melius.
1609 943 1736 980 Modo
1757 944 1868 982 nobis
1889 945 1960 983 stet

589 1007 702 1051 illud,
736 1021 810 1044 una
831 1008 956 1044 vivere
977 1008 1017 1044 in
1038 1007 1171 1044 studiis
1194 1007 1330 1044 nostris
1349 1027 1358 1051 ;
1392 1022 1411 1044 a
1432 1009 1576 1059 quibus
1597 1017 1706 1044 antea
1735 1008 1958 1048 delectatio-

588 1086 677 1109 nem
700 1072 817 1109 modo
837 1072 1079 1122 petebamus,
1112 1085 1215 1109 nunc
1237 1086 1325 1109 vero
1346 1073 1463 1110 etiam
1493 1073 1654 1110 salutem
1674 1087 1681 1109 :
1716 1086 1793 1109 non
1824 1073 1957 1119 deesse,

587 1137 612 1174 fi
635 1137 722 1187 quis
744 1136 926 1173 adhibere
947 1137 1065 1180 volet,
1099 1150 1175 1174 non
1197 1137 1315 1174 modo
1337 1146 1380 1174 ut
1406 1136 1650 1180 architectos,
1681 1150 1817 1174 verum
1843 1140 1961 1177 etiam

587 1211 630 1238 ut
666 1201 808 1245 fabros,
845 1201 890 1238 ad
926 1201 1190 1239 aedificandam
1226 1202 1526 1253 rempublicam,
1557 1207 1599 1241 et'
1629 1207 1759 1257 potius
1795 1205 1962 1243 libenter

586 1280 809 1304 accurrere:
844 1266 868 1303 fi
900 1280 1015 1304 nemo
1046 1276 1175 1304 utetur
1205 1280 1331 1318 opera,
1366 1277 1494 1304 tamen
1523 1278 1561 1305 et
1591 1269 1754 1308 scribere
1774 1280 1812 1308 et
1833 1271 1959 1322 legere

584 1326 755 1375 mamm,
787 1340 825 1368 et
858 1331 883 1368 fi
916 1332 1046 1370 minus
1079 1332 1119 1369 in
1151 1332 1258 1369 curia
1286 1341 1401 1384 atque
1430 1333 1471 1369 in
1501 1332 1601 1378 foro,
1633 1344 1670 1372 at
1699 1336 1739 1372 in
1770 1335 1892 1372 literis
1922 1344 1960 1373 et

585 1397 712 1441 libris,
745 1406 787 1434 ut
815 1396 1021 1435 doetiffimi
1048 1406 1191 1435 veteres
1213 1396 1404 1441 fecerunt,
1437 1411 1570 1436 navare
1591 1400 1891 1452 rempublicam,
1923 1410 1960 1438 et

586 1462 633 1499 de
653 1462 829 1499 moribus
850 1476 893 1500 ac
914 1462 1067 1514 legibus
1089 1476 1271 1514 quaerere.
1316 1462 1424 1500 Mihi
1445 1462 1527 1501 haec
1547 1464 1742 1503 videntur.
1778 1466 1845 1503 Tu
1865 1465 1961 1517 quid

586 1527 631 1563 fis
666 1528 833 1570 acturus,
876 1536 915 1564 et
948 1526 1044 1578 quid
1081 1527 1154 1564 tibi
1188 1527 1350 1579 placeat,
1393 1537 1618 1580 pergratum
1651 1530 1725 1568 erit
1757 1530 1784 1568 fi
1818 1530 1865 1567 ad
1898 1543 1961 1568 me

584 1590 791 1643 scripseris.
824 1591 933 1630 Vale.

977 1788 1220 1826 CICERO
1256 1789 1568 1828 VARRONI.

583 1915 659 1952 III.
685 1914 749 1984 E
763 1916 800 1951 T
814 1915 869 1952 SI
900 1913 996 1966 quid
1016 1913 1223 1952 scriberem
1244 1929 1322 1952 non
1344 1914 1549 1960 habebam,
1573 1924 1701 1955 tamen
1724 1917 1892 1956 Caninio
1912 1917 1959 1955 ad

780 1989 817 2017 te
838 1981 946 2018 eunti
969 1994 1046 2017 non
1068 1981 1180 2032 potui
1201 1981 1302 2019 nihil
1325 1982 1425 2019 dare.
1473 1983 1581 2033 Qid
1606 1997 1697 2035 ergo
1717 1984 1960 2036 potiffimum

581 2044 774 2082 scribam?
797 2045 903 2097 quod
921 2045 1018 2083 velle
1039 2054 1076 2083 te
1096 2055 1207 2098 puto,
1226 2047 1306 2084 cito
1327 2061 1389 2084 me
1410 2047 1455 2084 ad
1477 2057 1514 2085 te
1530 2048 1600 2085 effe
1620 2059 1843 2087 venturum.
1877 2049 1959 2087 Etfi

582 2108 683 2153 vide,
707 2109 847 2161 quaeso,
871 2109 1006 2147 satisne
1025 2112 1173 2147 rectum
1195 2111 1254 2155 fit,
1273 2125 1341 2148 nos
1358 2110 1434 2149 hoc
1456 2121 1565 2149 tanto
1587 2113 1768 2151 incendio
1789 2114 1958 2151 civitatis

580 2174 620 2211 in
642 2174 720 2211 istis
742 2175 839 2213 locis
860 2176 944 2214 effe.
993 2176 1186 2214 Dabimus
1208 2176 1425 2214 sermonem
1445 2178 1508 2222 iis,
1541 2179 1610 2230 qui
1630 2179 1808 2217 nesciunt
1828 2180 1957 2224 nobis,

578 2253 815 2292 quocunque
844 2242 884 2278 in
916 2241 1003 2278 loco
1034 2242 1164 2288 fimus,
1197 2242 1364 2280 eundem
1396 2243 1564 2289 cultum,
1597 2245 1765 2282 eundem
1792 2245 1956 2290 vicium,

578 2305 663 2343 esse.
711 2305 819 2356 Qid
846 2305 994 2343 refert?
1027 2315 1154 2344 tamen
1183 2307 1221 2343 in
1245 2307 1461 2346 sermonem
1481 2309 1715 2347 incidemus.
1759 2309 1881 2348 Valde
1902 2310 1957 2355 id,

576 2370 706 2414 credo,
736 2370 993 2408 laborandum
1012 2371 1078 2416 est,
1111 2385 1172 2416 ne,
1195 2385 1286 2410 cum
1308 2386 1442 2410 omnes
1464 2374 1505 2410 in
1527 2374 1636 2412 omni
1657 2388 1797 2426 genere
1817 2384 1856 2413 et
1876 2375 1957 2413 sce-

576 2435 702 2473 lerum
720 2444 758 2472 et
774 2435 1014 2486 flagitiorum
1029 2437 1268 2482 volutentur,
1288 2437 1413 2474 nostra
1429 2439 1649 2484 nobiscum,
1667 2449 1733 2477 aut
1753 2440 1856 2477 inter
1871 2453 1955 2484 nOS‚

576 2501 728 2539 cessatio
749 2500 1005 2553 vituperetur.
1038 2503 1125 2554 Ego
1146 2515 1235 2540 vero
1257 2503 1431 2554 neglecta
1452 2503 1703 2543 barbarorum
1724 2504 1892 2550 inscitia,
1919 2512 1957 2542 te
