2351 2997
574 265 650 319 380
916 260 1598 302 EPISTOLARUM

571 364 691 417 fugit,
723 364 791 417 qui
825 364 1006 416 plurimis
1038 363 1080 400 in
1114 362 1183 400 ista
1215 361 1416 415 provincia
1448 361 1618 413 benigne
1649 358 1790 405 fecisti,
1827 372 1947 411 quam

573 430 691 468 multi
711 430 810 481 grati
831 428 1083 480 reperiantur.
1130 427 1228 464 Haec
1259 435 1462 478 propterea
1487 426 1631 478 scripfi,
1662 434 1706 463 ut
1725 435 1764 463 et
1783 438 1846 463 me
1866 438 1946 462 non

573 495 651 532 fine
671 494 779 531 causa
798 493 968 530 laborare
988 491 1242 542 intelligeres,
1259 499 1297 528 et
1317 500 1360 528 tu
1381 489 1460 542 ipse
1479 503 1570 528 eum
1590 490 1754 541 dignum
1775 489 1948 542 hospitio

572 570 642 598 tuo
656 559 864 611 judicares.
897 557 1050 595 Feceris
1071 556 1193 608 igitur
1212 555 1313 594 mihi
1333 555 1605 608 grafifflmum,
1627 556 1653 593 fi
1672 556 1707 593 ei
1728 556 1945 600 declararis,

573 625 710 676 quanti
730 637 792 661 me
813 623 945 667 facias,
976 621 1016 659 id
1045 621 1112 666 est,
1144 621 1170 658 fi
1201 621 1387 673 receperis
1417 634 1508 659 eum
1537 621 1577 658 in
1609 620 1726 658 fidem
1756 630 1880 666 tuam,
1908 628 1947 658 et

572 689 872 741 quibuscunque
899 689 1012 726 rebus
1040 686 1197 726 honeste
1223 701 1265 725 ac
1293 687 1370 724 fine
1397 686 1570 725 molestia
1596 695 1662 724 tua
1688 686 1846 738 poteris,
1877 685 1945 723 ad-

568 755 730 807 juveris.
762 754 853 791 Hoc
874 752 975 790 mihi
995 752 1068 790 erit
1088 751 1336 790 vehementer
1355 760 1531 803 gratum;
1554 751 1672 803 idque
1693 760 1736 789 ut
1755 750 1888 796 facias,
1910 758 1948 788 te

573 820 691 858 etiarn
711 829 826 873 atque
847 820 963 858 etiam
983 831 1091 871 rogo.
1125 818 1235 857 Vale.

576 1022 639 1059 M.
662 1023 715 1059 T.
740 1021 788 1058 C.
813 1020 857 1057 P.
882 1020 1097 1057 SERV1L10
1130 1019 1366 1062 ISAUcho,
1400 1018 1534 1055 PRoc.
1564 1017 1795 1054 COLLEGAE
1830 1016 1867 1054 S.
1890 1017 1945 1054 D.

575 1149 768 1188 LXVIII.
796 1146 871 1220 G
890 1148 1082 1185 RATAE
1114 1145 1215 1184 mihi
1246 1144 1494 1183 vehementer
1522 1153 1595 1182 tuae
1623 1144 1743 1182 literae
1772 1143 1947 1187 fuerunt,

901 1227 947 1250 ex
986 1212 1130 1264 quibus
1165 1211 1332 1264 cognovi
1366 1211 1497 1248 cursus
1533 1210 1826 1262 navigationum
1861 1217 1947 1246 tua-

576 1294 663 1318 rum
682 1295 691 1318 z
724 1278 965 1331 fignificabas
985 1279 1091 1315 enim
1112 1277 1343 1315 memoriam
1364 1285 1470 1313 tuam
1492 1275 1625 1313 nostrae
1646 1274 1948 1318 neceffitudinis,

576 1360 652 1398 qua
683 1344 784 1382 mihi
815 1343 916 1382 nihil
949 1352 1098 1395 poterat
1129 1342 1200 1380 effe
1224 1341 1454 1393 jucundius.
1501 1340 1620 1391 Qod
1651 1340 1848 1393 reliquum
1879 1339 1947 1383 est,

576 1411 704 1449 multo
724 1410 841 1447 etiam
862 1409 934 1446 erit
954 1409 1115 1460 gratius,
1138 1407 1165 1445 fi
1185 1407 1231 1444 ad
1252 1420 1314 1444 me
1335 1406 1381 1443 de
1401 1401 1614 1457 republicass
1636 1404 1676 1441 id
1696 1404 1762 1448 est,
1785 1403 1832 1441 de
1852 1403 1950 1441 statu

575 1475 799 1529 provinciae,
831 1474 878 1512 de
897 1474 1084 1511 institutis
1106 1472 1199 1517 tuis,
1229 1471 1473 1509 familiariter
1493 1469 1661 1508 scribes:
1695 1483 1794 1521 quae,
1823 1483 1948 1520 quan-

574 1555 694 1594 quam
721 1554 767 1578 ex
794 1539 930 1577 multis
960 1551 1030 1590 pro
1058 1548 1123 1576 tua
1150 1537 1323 1575 claritate
1351 1536 1519 1579 audiam,
1551 1544 1679 1572 tamen
1699 1534 1950 1572 libentiffime

574 1621 621 1645 ex
644 1606 720 1644 tuis
750 1604 873 1642 literis
901 1603 1146 1656 cognoscam.
1193 1603 1280 1654 Ego
1306 1601 1352 1639 ad
1385 1610 1435 1645 te,
1468 1600 1514 1637 de
1545 1599 1769 1651 reipublicae
1801 1599 1952 1636 summa

574 1672 670 1724 quid
691 1670 867 1714 sentiam,
899 1683 977 1706 non
1010 1669 1104 1720 saepe
1131 1668 1311 1711 scribam,
1343 1675 1500 1719 propter
1520 1665 1741 1718 periculum
1761 1664 1950 1716 ejusmodi

574 1739 774 1775 literarum
793 1751 802 1774 ε
835 1734 930 1786 quid
951 1743 1084 1786 agatur
1105 1742 1249 1778 autem,
1276 1732 1440 1770 scribam
1462 1731 1611 1783 saepius,
1645 1732 1799 1783 Sperare
1821 1740 1949 1768 tamen

577 1803 722 1846 videor,
747 1800 900 1844 Caesari,
923 1799 1081 1850 collegae
1104 1798 1246 1843 nostro,
1268 1797 1350 1835 fore
1371 1811 1485 1841 cura),
1508 1807 1545 1834 et
1567 1796 1652 1841 effe,
1675 1806 1717 1833 ut
1737 1795 1947 1833 habeamus

575 1870 746 1919 aliquam
767 1865 1067 1918 rempublicam,
1086 1866 1197 1916 cujus
1219 1864 1387 1901 confiliis
1409 1863 1540 1913 magni
1563 1861 1749 1899 referebat
1771 1871 1805 1898 te
1826 1862 1948 1898 inter-

575 1934 661 1972 ess‘e.
694 1932 780 1976 Sed,
813 1932 838 1969 fi
861 1931 933 1968 tibi
955 1930 1091 1968 utilius
1112 1930 1179 1973 est,
1210 1929 1250 1965 id
1270 1929 1337 1972 est,
1368 1928 1586 1979 gloriofius,
1608 1927 1704 1966 Afiae
1725 1926 1889 1977 praeesse,
1911 1936 1950 1963 et

577 1999 686 2036 istam
721 2006 868 2049 partem
903 1995 1127 2046 reipublicae
1161 1994 1261 2031 male
1295 1993 1469 2030 affeci-am
1505 1992 1618 2036 tueri,
1658 1990 1759 2028 mihi
1793 2004 1950 2042 quoque

576 2064 695 2108 idem,
727 2062 833 2114 quod
864 2061 937 2097 tibi
968 2069 1007 2097 et
1037 2059 1141 2096 laudi
1168 2069 1242 2096 tuae
1272 2057 1525 2110 profuturum
1545 2057 1611 2102 est,
1643 2056 1812 2107 optatius
1834 2056 1949 2094 debet

575 2129 659 2167 effe.
693 2129 793 2178 EgO,
825 2139 909 2177 quae
930 2124 975 2161 ad
998 2133 1103 2161 tuam
1125 2123 1355 2175 dignitatem
1377 2123 1568 2174 pertinere
1588 2120 1817 2165 arbitrabor,
1840 2120 1947 2157 sum-

575 2208 640 2233 mo
675 2193 799 2230 studio
834 2191 1114 2241 diligentiaque
1146 2189 1317 2233 curabo3
1350 2189 1389 2225 in
1422 2187 1634 2240 primisque
1667 2186 1805 2224 tuebor
1838 2186 1950 2223 omn}

575 2258 813 2296 observantia
847 2255 1096 2293 clariffimum
1126 2254 1273 2298 -virum,
1311 2263 1459 2306 patrem
1495 2262 1635 2290 tuum:
1668 2251 1773 2303 quod
1806 2260 1844 2288 et
1879 2264 1949 2302 pro

575 2324 758 2362 vetustate
779 2320 1081 2364 neceffitudinis,
1112 2329 1149 2357 et
1177 2333 1246 2371 pro
1268 2319 1467 2357 beneficiis
1489 2318 1634 2362 vestris,
1666 2326 1702 2354 et
1724 2330 1793 2368 pro
1815 2315 1949 2368 digni-

578 2398 652 2427 tate
673 2388 803 2440 ipsius,
836 2385 958 2424 facere
979 2384 1115 2422 debeo.
1147 2384 1256 2421 Vale.
