2351 2997
683 241 774 278 AD
833 238 1304 276 FAMILIARES
1364 239 1495 279 LIB.
1540 243 1573 279 Ι.
1772 257 1820 298 ²5

438 342 578 395 scripta
597 341 771 384 mittam,
790 353 875 392 quae
897 338 981 392 post
1001 338 1204 376 discessum
1227 348 1341 377 tuum
1364 340 1601 392 scripserim3
1626 339 1713 379 sunt
1734 356 1820 381 ora-

435 409 560 445 tiones
592 406 784 458 quaedam,
815 419 909 457 quas
938 405 1165 443 Menocrito
1191 404 1319 451 dabo;
1352 419 1479 459 neque
1510 407 1564 444 ita
1595 408 1747 453 multae,
1778 419 1822 447 ut

433 472 697 525 pertimescas.
743 472 882 524 Scripfi
914 472 1047 516 etiam,
1081 472 1192 524 (nam
1218 471 1266 508 ab
1287 472 1529 510 orationibus
1551 472 1736 525 disjungo
1756 487 1820 511 me

432 537 528 582 fere,
559 537 763 589 referoque
783 537 830 574 ad
851 536 1129 574 mansuetiores
1151 536 1302 582 Musas,
1324 550 1409 589 quae
1429 549 1494 576 me
1514 539 1700 583 maxime,
1722 539 1820 577 ficut

426 603 510 654 jam
543 616 564 639 a
596 603 724 655 prima
757 602 1016 640 adolescentia
1049 602 1308 651 delectarunt)
1347 603 1476 655 scripsi
1511 603 1633 655 igitur
1665 604 1817 642 Aristo—

432 669 533 706 teleo
555 682 677 712 more,
709 667 1045 720 quemadmodum
1072 668 1233 719 quidem
1260 668 1383 713 volu-i,
1417 677 1492 706 tres
1520 669 1641 707 libros
1670 671 1710 708 in
1738 670 1817 708 dis-

431 734 634 786 putatione
665 747 708 771 ac
741 733 896 785 dialogo
924 734 972 770 de
1005 734 1184 777 Orator-e,
1216 747 1315 786 quos
1348 734 1514 772 arbitror
1546 735 1720 773 Lentulo
1750 745 1819 774 tuo

430 798 513 837 sore
535 813 613 837 non
634 800 813 837 inutiles.
857 799 1086 837 Abhorrent
1106 799 1212 836 enim
1239 813 1259 837 a
1279 800 1565 838 commu-nibus·
1582 801 1814 853 praeceptis;

429 878 472 902 ac
493 859 653 902 omnem
673 865 944 917 antiquorum,
975 873 1013 901 et
1034 864 1324 910 Aristotele-am,
1355 875 1394 903 et
1416 865 1662 911 Isocrateam,
1694 867 1815 904 ratio-

431 942 521 966 nem
550 929 758 966 oratoriam
788 929 1120 981 complectuntur.
1166 929 1307 981 Scripsi
1335 930 1455 967 etiams
1473 930 1643 968 versibus
1666 939 1742 969 tres
1763 931 1816 968 li·-

434 995 522 1032 bros
545 995 592 1032 de
613 995 861 1047 temporibus
879 995 1004 1032 meis:
1038 1007 1136 1046 quos
1156 996 1243 1047 jam
1263 995 1413 1048 pridem
1434 995 1483 1034 ad·
1503 1005 1540 1034 te
1563 996 1762 1042 mififi'em‘,
1790 997 1815 1035 fi

429 1060 507 1098 effla-⁷
521 1060 689 1098 edendos
711 1061 914 1113 p-utafiem.
962 1062 1060 1098 Sunt
1080 1062 1192 1098 enim-
1217 1062 1346 1106 testeS,
1374 1071 1419 1099 et>
1437 1071 1552 1100 erunt
1573 1062 1818 1115 sempiterni,

430 1127 663 1164 meritorum
683 1140 773 1178 erga
793 1140 859 1164 me-
877 1135 1051 1171 tuorum,
1083 1139 1256 1179 meaeque
1277 1128 1319 1164 in
1340 1136 1377 1164 te
1396 1128 1567 1180 pietatis.
1605 1128 1697 1174 Sed,
1724 1129 1818 1181 quia

429 1192 599 1235 verebar,
631 1205 710 1228 non
742 1205 822 1236 cos,
854 1192 923 1244 qui
957 1192 997 1229 se
1023 1192 1128 1230 laesos
1161 1193 1455 1238 arbitrarentur,
1491 1195 1655 1246 (etenim
1677 1194 1717 1231 id
1738 1194 1816 1232 feci

429 1269 541 1308 parce
567 1265 605 1293 et
636 1256 828 1306 molliter)
865 1256 926 1293 sed
958 1270 1038 1301 eos,
1070 1271 1167 1309 quos
1200 1267 1279 1295 erat
1310 1258 1515 1296 infinitum
1547 1259 1644 1297 bene
1676 1259 1723 1296 de
1752 1272 1818 1298 me

428 1323 587 1360 meritos
604 1336 739 1359 omnes
758 1322 973 1361 nominare.
1035 1336 1110 1360 *uos
1133 1331 1260 1361 tamen
1283 1324 1384 1376 ipsos
1405 1324 1543 1370 libros,
1561 1325 1587 1363 fi
1609 1338 1730 1378 quem
1750 1327 1817 1364 cusi

428 1391 528 1427 redte
549 1390 797 1427 committam
820 1389 1019 1434 invenero,
1051 1389 1196 1427 curabo
1225 1389 1272 1427 ad
1302 1399 1340 1427 te
1369 1390 1634 1442 perferendos.
1680 1393 1823 1445 Atque

427 1455 536 1493 istam
557 1454 719 1507 quidem
740 1464 889 1507 partem
911 1455 998 1492 vitae
1018 1455 1388 1507 consuetudinisque
1410 1456 1544 1494 nostrae
1566 1466 1689 1495 totam
1709 1458 1759 1495 ad'
1778 1466 1817 1496 te

427 1520 574 1559 defero.
598 1522 805 1572 Qantum
827 1521 965 1565 literis,
983 1530 1176 1573 quantum
1199 1521 1348 1566 studiis,
1367 1522 1563 1560 veteribus
1585 1523 1723 1561 nostris
1745 1523 1813 1561 de-

425 1586 716 1631 lectationibus,
734 1586 919 1638 consequi
940 1587 1172 1639 poterimUS,
1192 1587 1230 1624 id
1251 1600 1370 1625 omne
1388 1587 1434 1625 ad
1455 1588 1663 1626 arbitrium
1685 1598 1814 1634 tuum,

426 1653 496 1703 qui
525 1651 608 1689 haec
634 1652 783 1704 semper
803 1652 949 1697 amasti,
981 1652 1233 1691 libentiffime
1253 1652 1517 1692 conferemus.
1565 1654 1664 1706 Qae
1684 1655 1731 1692 ad
1750 1668 1815 1693 me

426 1717 473 1755 de
495 1718 572 1755 tuis
594 1718 708 1755 rebus
730 1718 951 1756 domesticis
972 1718 1123 1763 scribis,
1155 1732 1319 1771 quaeque
1346 1718 1448 1756 mihi
1475 1720 1741 1766 commendas,
1772 1735 1816 1759 ea

426 1792 542 1821 tantae
561 1782 664 1821 mihi
684 1797 784 1822 curae
806 1784 915 1829 sunt‚,
932 1793 976 1821 ut
996 1798 1059 1821 me
1080 1784 1206 1822 nolim
1226 1784 1454 1830 admoneri;
1477 1786 1604 1837 rogari
1625 1800 1715 1824 vero
1736 1787 1817 1825 fine

425 1862 570 1901 magno
591 1848 724 1887 dolore
745 1849 811 1887 vix
832 1850 984 1902 poffim.
1010 1850 1129 1901 Qod
1151 1849 1198 1887 de
1219 1850 1364 1902 Qinti
1385 1849 1515 1888 fratris
1535 1852 1696 1903 negotio
1716 1852 1813 1890 scri-

426 1913 502 1960 bis,
534 1923 571 1952 te
591 1915 720 1967 priore
741 1915 878 1960 aestate,
911 1915 1023 1967 quod*
1049 1915 1189 1953 morbo
1219 1915 1433 1968 impeditus
1463 1916 1502 1954 in
1527 1916 1712 1954 Ciliciam
1734 1930 1813 1955 non

425 1980 631 2026 transieris,
660 1980 852 2019 conficere
873 1995 951 2019 non
974 1982 1153 2034 potuisse,
1186 1996 1292 2020 nunc
1313 1991 1443 2020 autem
1465 1983 1597 2020 omnia
1617 1982 1815 2022 facturum

427 2055 470 2084 ut
491 2046 675 2084 conficias
693 2065 704 2091 ;
737 2047 776 2084 id
798 2047 895 2085 scito
914 2047 987 2084 effe
1007 2047 1213 2100 ejusmodi,
1237 2058 1282 2086 ut
1302 2047 1419 2086 frater
1440 2061 1549 2086 meus
1572 2062 1664 2086 vere
1678 2049 1813 2087 existi-

425 2121 520 2157 met,
552 2112 735 2164 adjunffito
756 2112 827 2150 isto
847 2112 987 2158 fundo,
1020 2114 1305 2166 patrimonium
1329 2113 1412 2152 fore
1434 2114 1547 2151 suum
1568 2128 1636 2166 per
1657 2124 1694 2153 te
1714 2129 1812 2153 con-

426 2177 622 2216 stitutum.
645 2179 712 2215 Tu
734 2192 796 2215 me
813 2178 859 2216 de
881 2179 958 2216 tuis
980 2179 1094 2217 rebus
1116 2180 1318 2224 omnibus,
1336 2189 1374 2218 et
1395 2179 1441 2217 de
1458 2180 1621 2218 Lentuli
1643 2181 1701 2219 tui
1723 2182 1813 2219 nos-

426 2245 562 2297 trique·
584 2244 718 2282 studiis
751 2254 790 2282 et
820 2245 1185 2291 exercitationibus,
1215 2247 1335 2284 velim
1367 2259 1487 2298 quam
1518 2245 1814 2285 familiariffime

425 2310 633 2348 certiorem
664 2320 702 2348 et
734 2324 853 2363 quam
888 2311 1087 2364 saepiffime
1122 2311 1239 2350 facias
1256 2331 1268 2358 3
1305 2312 1578 2365 existimesque
1612 2312 1813 2350 neminem

424 2376 612 2428 cuiquam
633 2389 763 2429 neque
779 2378 982 2423 cariorem,
1014 2391 1141 2431 neque
1156 2378 1451 2431 jucundiorem,
1483 2391 1659 2431 unquam
1683 2377 1811 2423 fuiffe,

427 2450 606 2495 quamrte
625 2441 752 2487 mihi>3
785 2443 909 2496 idque-
924 2456 1003 2490 me,
1026 2456 1104 2482 non
1126 2445 1252 2483 modo
1267 2454 1313 2483 ut
1332 2454 1383 2483 tu—
1397 2444 1551 2489 sentias,
1574 2444 1637 2482 sed
1658 2453 1703 2482 ut
1721 2457 1811 2482 om-

425 2521 493 2546 nes
513 2517 665 2560 gente8‚
686 2509 869 2548 etiamiut
890 2510 1097 2563 posteritas
1111 2512 1256 2557 omnis,
1279 2511 1490 2563 intelligat,
1508 2508 1580 2548 effe
1600 2509 1810 2549 faCturum.

505 2575 643 2613 ΤοΜ.
677 2574 771 2613 VII.
1471 2576 1510 2612 D
