2351 2997
534 219 584 268 84
876 220 1556 258 EPISTOLARUM

532 319 603 357 effe
636 319 888 363 communia;
925 329 964 356 et
996 333 1088 356 cum
1120 318 1338 369 frangerem
1363 320 1447 370 jam
1482 318 1561 370 ipse
1595 332 1672 363 me,
1703 331 1904 370 cogerem-

532 398 607 436 que
637 385 704 421 illa
724 383 821 421 ferre
843 384 1075 426 toleranter;
1108 382 1298 419 habebam
1320 396 1399 433 quo
1419 382 1688 434 confugerem,
1720 383 1789 420 ubi
1810 397 1905 421 con-

533 449 784 499 quiescerem,
816 449 928 499 cujus
959 448 998 484 in
1029 447 1201 483 sermone
1230 456 1268 483 et
1297 446 1480 484 suavitate
1507 460 1641 485 omnes
1663 461 1771 486 curas
1794 448 1906 485 dolo·

534 514 666 564 resque
696 513 943 564 deponerem.
987 512 1107 548 Nunc
1138 520 1268 548 autem
1288 510 1364 548 hoc
1386 519 1464 548 tam
1485 512 1591 561 gravi
1612 512 1769 549 vulnere
1790 513 1907 549 etiam

534 577 614 621 illa,
650 590 734 628 quae
769 576 1003 614 consanuisse
1037 575 1281 619 videbantur,
1317 575 1605 613 recrudescunt.
1656 577 1751 613 Non
1786 577 1908 620 enim,

536 651 578 678 ut
599 651 685 679 tum
706 655 767 679 me
789 655 809 678 a
828 641 1028 692 republica
1048 640 1230 678 moestum
1255 641 1395 677 domus
1424 640 1658 692 excipiebat,
1691 655 1776 692 quae
1806 641 1909 678 leva-

534 715 611 751 ret5
635 707 684 744 fic
702 720 806 744 nunc
822 706 940 743 domo
957 719 1123 743 moerens
1140 705 1186 742 ad
1207 705 1491 756 rempublicam
1512 705 1722 757 confugere
1743 705 1907 757 poffum,

535 780 579 808 ut
599 771 638 808 in
662 772 744 822 ejus
773 771 884 808 bonis
912 770 1180 822 acquiescam:
1214 770 1344 820 itaque
1370 779 1408 806 et
1435 769 1553 806 domo
1580 770 1715 806 absum
1742 779 1779 807 et
1807 769 1907 814 som,

534 835 641 886 quod
663 849 732 872 nec
759 849 851 873 eum
878 835 1066 878 dolorem,
1099 847 1217 886 quem
1243 847 1263 870 a
1289 833 1489 884 republica
1515 834 1640 885 capio,
1673 834 1811 871 domus
1827 835 1909 885 jam

535 900 724 938 consolari
745 900 882 952 potest,
901 913 972 937 nec
993 899 1250 936 domesticum
1271 898 1501 949 respublica.
1525 900 1617 949 Qo
1638 900 1760 950 magis
1783 909 1819 936 te
1840 912 1909 936 ex-

535 967 662 1018 pecto,
694 975 809 1016 teque
829 965 956 1002 videre
977 978 1095 1016 quam
1116 964 1290 1015 primum
1311 963 1442 1014 cupio.
1489 963 1621 1014 Major
1644 963 1745 1001 mihi
1772 964 1912 1000 levatio

535 1029 663 1067 afferri
684 1029 792 1067 nulla
813 1029 950 1080 potest,
968 1042 1086 1080 quam
1107 1028 1333 1078 conjunctio
1353 1026 1645 1064 consuetudinis
1667 1028 1912 1065 sermonum-

536 1107 611 1145 que
628 1093 865 1130 nostrorum:
889 1104 1114 1143 quanquam
1134 1091 1331 1142 sperabam
1351 1100 1464 1128 tuum
1485 1090 1694 1128 adventum
1718 1091 1786 1143 (fic
1806 1092 1912 1129 enim

536 1156 759 1206 audiebam)
783 1157 1107 1209 appropinquare.
1141 1157 1228 1207 Ego
1248 1164 1378 1192 autem
1399 1169 1491 1192 cum
1512 1156 1649 1193 multis
1671 1156 1716 1194 de
1737 1157 1854 1194 causis
1877 1166 1914 1194 te

538 1231 682 1274 exopto
703 1235 821 1273 quam
842 1222 1016 1273 primum
1036 1221 1179 1265 videre,
1210 1231 1298 1257 tum
1319 1220 1451 1264 etiam,
1484 1229 1526 1257 ut
1553 1230 1640 1258 ante
1668 1231 1912 1258 commente-

537 1301 627 1326 mur
647 1288 747 1324 inter
768 1300 852 1331 nos,
871 1300 947 1338 qua
967 1287 1112 1323 ratione
1134 1286 1246 1322 nobis
1270 1284 1551 1322 traducendum
1572 1285 1617 1322 fit
1637 1284 1714 1322 hoc
1735 1295 1909 1338 tempus,-

537 1352 643 1405 quod
677 1352 729 1390 est
764 1361 894 1390 totum
928 1351 974 1388 ad
1009 1351 1123 1388 unius
1158 1351 1401 1388 voluntatem
1440 1350 1832 1396 accommodandum,
1875 1361 1913 1389 et

538 1418 739 1470 prudentis
773 1426 813 1454 et
846 1417 1032 1460 liberalis,
1073 1425 1110 1452 et
1147 1416 1209 1466 (ut
1242 1414 1470 1467 perspexisse
1504 1414 1653 1464 videor)
1691 1429 1761 1454 nec
1796 1429 1816 1453 a
1850 1430 1914 1454 me

538 1483 670 1527 alieni,
700 1491 738 1519 et
760 1482 833 1519 tibi
854 1480 1087 1519 amiciffimi.
1126 1480 1243 1531 Qod
1265 1493 1357 1516 cum
1378 1479 1432 1516 ita
1452 1479 1511 1523 fit,
1542 1493 1690 1532 magnae
1711 1481 1763 1518 est
1785 1491 1913 1518 tamen

540 1547 844 1591 deliberationis,
862 1560 946 1597 quae
969 1546 1064 1583 ratio
1086 1545 1130 1582 s1t
1151 1544 1320 1582 ineunda
1340 1544 1468 1588 nobis,
1492 1557 1569 1581 non
1590 1546 1728 1597 agendi
1749 1546 1911 1598 aliquid,

540 1612 601 1650 sed
623 1612 729 1650 illius
751 1611 927 1650 conceffu
949 1620 987 1649 et
1008 1610 1198 1648 beneficio
1218 1609 1456 1662 quiescendi.
1489 1609 1599 1650 Vale,

786 1813 849 1850 M.
883 1814 933 1850 T.
969 1813 1016 1849 C.
1051 1812 1112 1848 M.
1152 1811 1494 1849 MARCELLO
1536 1812 1572 1850 S.
1607 1812 1661 1849 D.

544 1940 635 1976 VII.
651 1937 762 2008 ET
777 1938 827 1974 SI
856 1951 901 1975 eo
924 1946 959 1974 te
980 1936 1106 1974 adhuc
1128 1937 1288 1974 confilio
1310 1937 1420 1976 usum
1442 1937 1637 1989 intelligo,
1660 1946 1703 1974 ut
1723 1936 1761 1974 id
1783 1951 1911 1990 repre—

746 2001 913 2039 hendere
936 2016 1013 2039 non
1034 2002 1206 2046 audeam,
1230 2015 1307 2038 non
1330 2004 1426 2053 quin
1447 2004 1494 2040 ab
1515 2017 1560 2040 eo
1581 2002 1659 2054 ipse
1680 2002 1911 2047 difl‘entiam,

542 2068 603 2105 sed
625 2067 730 2119 quod
751 2080 792 2104 ea
813 2076 848 2104 te
870 2066 1052 2118 sapientia
1081 2067 1151 2103 effe
1166 2066 1358 2117 judicem,
1391 2077 1434 2106 ut
1454 2082 1587 2106 meum
1609 2067 1814 2104 confilium
1835 2081 1914 2104 non

541 2141 773 2183 anteponam
790 2140 881 2175 tuo,
906 2140 1032 2168 tamen
1055 2140 1090 2168 et
1112 2131 1293 2168 amicitiae
1314 2132 1447 2171 nostrae
1467 2132 1645 2176 vetustas,
1663 2140 1701 2169 et
1722 2141 1788 2169 tua
1806 2131 1913 2168 sum-

542 2209 604 2233 ma
624 2209 712 2247 erga
731 2209 793 2232 me
815 2196 1096 2240 benevolentia,
1123 2209 1207 2247 quae
1229 2195 1328 2233 mihi
1345 2198 1428 2248 jam
1448 2211 1468 2234 a
1487 2197 1653 2249 pueritia
1674 2205 1739 2233 tua
1759 2197 1917 2248 cognita

541 2261 608 2305 est,
640 2274 701 2297 me
728 2259 880 2297 hortata
906 2260 971 2304 est,
1004 2270 1047 2297 ut
1073 2274 1115 2297 ea
1141 2260 1347 2298 scriberem
1375 2262 1421 2298 ad
1447 2271 1499 2306 te,
1531 2276 1615 2313 quae
1642 2270 1680 2298 et
1707 2260 1819 2298 saluti
1842 2270 1915 2298 tuae

541 2325 757 2363 conducere
778 2325 993 2368 arbitrarer,
1024 2335 1062 2362 et
1095 2339 1171 2362 non
1200 2325 1323 2362 aliena
1353 2326 1423 2363 effe
1451 2326 1632 2364 ducerem
1660 2339 1680 2362 a
1708 2325 1912 2377 dignitate.

541 2391 628 2441 Ego
648 2403 739 2426 eum
762 2399 797 2427 te
817 2389 902 2433 effe,
920 2390 988 2441 qui
1012 2388 1154 2426 horum
1172 2390 1365 2427 malorum
1385 2391 1497 2428 initia
1511 2391 1639 2429 multo
1655 2399 1742 2427 ante
1758 2390 1913 2433 videris,

539 2454 787 2492 consulatum
815 2454 1192 2506 magnificentiffime
1219 2464 1334 2506 atque
1361 2456 1510 2508 optime
1539 2455 1706 2508 gesseris,
1737 2455 1916 2507 praeclare
