2351 2997
661 317 753 355 AD
812 314 1278 354 FAMILIARES
1338 315 1469 355 LIB.
1516 318 1591 356 IX.
1738 331 1815 372 2¹5

622 551 687 589 M.
720 550 951 589 CICERO
993 551 1455 590 P.D0LA1313LLAE
1498 554 1536 591 S.
1569 554 1623 591 D.

432 680 485 719 X,
510 678 707 751 NON
743 677 828 716 sum
856 678 967 716 ausus
1004 678 1132 717 Salvio
1166 679 1295 718 nostro
1327 679 1430 718 nihil
1463 679 1510 717 ad
1545 688 1582 718 te
1616 681 1818 720 literarum

627 743 742 781 dare:
776 757 846 781 nec
875 742 1099 781 mehercule
1128 743 1336 790 habebam,
1367 745 1465 797 quid
1492 745 1714 791 scriberem,
1747 748 1816 784 nisi

432 819 470 847 te
490 824 510 847 a
530 822 593 848 me
614 808 846 845 mirabiliter
866 808 984 845 amari
1002 827 1013 853 ς
1046 808 1092 846 de
1114 822 1208 860 quo,
1239 810 1357 847 etiam
1385 809 1487 847 nihil
1515 810 1707 849 scribente
1736 825 1816 856 me,

431 884 469 912 te
489 888 568 913 non
596 873 774 910 dubitare
800 882 906 911 certo
933 873 1026 912 scio.
1074 874 1255 912 Omnino
1286 874 1388 912 mihi
1420 875 1543 926 magis
1576 876 1697 913 literae
1729 876 1818 913 sunt

430 938 675 993 expectandae
696 952 716 976 a
737 947 788 984 te,
820 952 939 991 quam
959 953 979 976 a
998 953 1061 977 me
1082 940 1171 978 tibi.
1218 939 1336 978 Nihil
1364 941 1471 978 enirn
1493 942 1630 979 Romae
1651 941 1814 993 geritur,

431 1006 537 1057 quod
560 1015 596 1043 te
616 1012 753 1056 putem
775 1003 869 1042 scire
889 1018 1049 1042 curare:
1082 1005 1152 1042 nifi
1174 1003 1275 1042 forte
1296 1004 1391 1042 scire
1412 1006 1484 1050 vis,
1516 1020 1579 1043 me
1604 1007 1707 1043 inter
1734 1007 1814 1044 Ni-

431 1071 532 1108 ciam
548 1069 723 1107 nostrum
743 1077 781 1106 et
798 1069 962 1107 Vidium
978 1069 1157 1121 judicem
1173 1069 1258 1107 effe.
1292 1069 1446 1108 Profert
1461 1070 1557 1108 alter
1576 1073 1638 1123 (ut
1654 1071 1812 1123 opinor)

432 1135 585 1174 duobus
606 1134 802 1173 verficulis
823 1135 1036 1188 expensum
1059 1135 1187 1174 Niciae
1205 1150 1215 1173 :
1247 1135 1343 1173 alter
1363 1135 1609 1174 Aristarchus
1640 1136 1711 1174 hos
1741 1133 1814 1171 o’Ge-

429 1197 524 1252 λῖζετ.
555 1201 657 1252 Ego,
680 1209 866 1252 tanquam
887 1201 1047 1238 criticus
1068 1201 1268 1252 antiquus,
1285 1200 1533 1253 judicaturus
1556 1202 1656 1246 sum,
1680 1212 1814 1240 utrum

430 1265 504 1302 fint
524 1253 694 1305 ἔπιητοῧ,
713 1278 760 1302 an
779 1260 1085 1316 παρεμξεὲλημῖύοι.
1119 1266 1221 1303 Puto
1243 1279 1348 1303 nunc
1370 1266 1520 1304 dicere:
1545 1267 1758 1305 Oblitusne
1774 1280 1813 1304 es

429 1331 552 1382 igitur
579 1329 792 1382 fungorum
823 1329 1000 1375 illorum,
1032 1344 1130 1382 quos
1163 1331 1265 1384 apud
1297 1332 1490 1370 Niciam?
1522 1340 1561 1370 et
1589 1333 1814 1385 ingentium

429 1396 651 1434 culinarum
672 1409 765 1433 cum
787 1394 930 1447 Sophia
958 1396 1186 1448 Septimiae?
1219 1397 1329 1448 Qid
1358 1399 1481 1450 ergo?
1514 1407 1557 1436 tu
1588 1399 1681 1437 adeo
1711 1397 1815 1436 mihi

428 1461 621 1500 excuffam
642 1461 882 1499 severitatem
898 1470 1066 1499 veterem
1087 1471 1217 1514 putas,
1234 1471 1278 1500 ut
1299 1476 1347 1500 ne
1367 1464 1409 1500 in
1429 1462 1516 1501 foro
1536 1464 1698 1515 quidem
1720 1464 1812 1502 reli-

427 1527 527 1579 quiae
548 1527 716 1580 pristinae
736 1525 879 1564 frontis
899 1530 1138 1579 appareant?
1171 1528 1244 1566 Sed
1273 1537 1404 1566 tamen
1435 1529 1697 1567 suaviffimum
1728 1544 1811 1577 συμ-

427 1587 547 1627 Gravia»
576 1592 751 1630 nostrum
780 1592 965 1644 praestabo
994 1594 1258 1647 integellum3
1292 1608 1364 1633 nec
1395 1595 1662 1640 committam,
1695 1603 1754 1639 ut,
1786 1595 1811 1632 fi

428 1669 501 1706 ego
521 1669 611 1694 eum
640 1656 917 1701 condemnaro,
949 1666 992 1694 tu
1024 1659 1214 1704 restituas,
1246 1673 1294 1697 ne
1325 1659 1464 1697 habeat
1497 1661 1615 1698 Bursa
1642 1659 1811 1698 Plancus

428 1719 531 1772 apud
547 1734 665 1772 quem
682 1721 810 1758 literas
828 1720 962 1759 discat.
996 1723 1067 1760 Sed
1084 1723 1181 1775 quid
1197 1725 1292 1775 ago?
1315 1738 1409 1762 cum
1425 1723 1526 1762 mihi
1548 1725 1593 1762 fit
1614 1725 1812 1762 incertum

430 1787 694 1838 tranquillone
724 1786 769 1823 fis
799 1787 945 1831 animo,
977 1801 1039 1833 an,
1072 1798 1115 1827 ut
1144 1790 1186 1827 in
1214 1789 1333 1834 bello,
1366 1790 1406 1827 in
1436 1791 1566 1842 aliqua
1597 1790 1813 1842 majuscula

428 1864 519 1888 cura
548 1852 754 1903 negotiove
785 1851 943 1897 versere,
975 1853 1084 1891 labor
1113 1854 1285 1906 longius.
1333 1856 1439 1893 Cum
1465 1856 1587 1907 igitur
1608 1854 1710 1892 mihi
1737 1856 1812 1893 erit

426 1914 687 1966 exploratum,
719 1923 756 1952 te
777 1914 945 1953 libenter
965 1917 1036 1955 effe
1058 1918 1240 1963 risurum,
1274 1919 1439 1957 scribam
1469 1919 1515 1956 ad
1544 1928 1580 1956 te
1609 1919 1808 1970 pluribus.

425 1980 486 2017 Te
503 1988 631 2018 tamen
648 1979 724 2018 hoc
741 1979 834 2017 scire
855 1981 959 2027 volo,
977 1982 1228 2022 vehementer
1247 1985 1442 2036 populum
1462 1984 1677 2022 sollicitum
1699 1984 1812 2023 fuisse

426 2044 473 2082 de
498 2044 544 2083 P.
569 2046 681 2097 Syllae
708 2054 848 2091 morte,
880 2057 1088 2100 antequam
1114 2059 1267 2088 certum
1297 2051 1439 2088 scierit.
1486 2051 1608 2089 Nunc
1641 2064 1810 2102 quaerere

426 2110 632 2156 desierunt,
651 2111 851 2164 quomodo
872 2115 1054 2165 perierit:
1078 2116 1165 2154 satis
1187 2125 1327 2168 putant
1348 2116 1383 2154 se
1404 2117 1513 2162 scire,
1536 2116 1642 2168 quod
1664 2117 1806 2154 sciunt,

425 2176 513 2226 Ego
533 2177 742 2229 caeteroqui
763 2177 895 2216 animo
916 2194 1026 2233 aequo
1046 2180 1130 2220 fero
1148 2197 1157 2221 :
1191 2195 1315 2220 unum
1335 2196 1481 2228 vereor,
1513 2195 1560 2221 ne
1586 2181 1691 2220 hasta
1718 2182 1811 2220 ΕΞ»

425 2240 513 2279 saris
535 2240 743 2281 refrixerit.
776 2243 887 2282 Vale.
