2351 2997
591 258 642 296 80
939 255 1618 295 EPISTOLARUM

592 354 633 391 in
666 362 899 406 perpetuum
933 362 1069 389 tacere.
1116 352 1250 402 Fregit
1283 350 1359 388 hoc
1392 364 1526 388 meum
1560 349 1766 388 confilium
1799 358 1837 388 et
1872 350 1960 388 Cae-

592 420 680 457 saris
710 418 940 470 magnitudo
969 417 1105 460 animi,
1136 425 1174 453 et
1204 416 1355 453 senatus
1384 416 1575 453 officium.
1617 418 1752 468 Itaque
1781 416 1960 469 pluribus

591 485 718 522 verbis
740 484 801 535 egi
824 483 961 520 Caesari
988 482 1155 534 gratias:
1189 494 1329 532 meque
1358 489 1491 517 metuo
1521 494 1568 517 ne
1597 482 1714 518 etiam
1744 482 1785 519 in
1815 482 1960 520 caeteris

593 551 706 587 rebus
727 547 887 586 honesto
907 548 989 585 otio
1009 547 1208 599 privatim,
1240 546 1345 598 quod
1365 555 1443 583 erat
1465 558 1589 583 unum
1610 545 1790 584 solatium
1816 548 1857 584 in
1877 560 1962 584 ma-

592 615 655 652 lis.
701 614 772 651 Sed
800 623 942 657 tamen,
974 613 1158 664 quoniam
1179 611 1302 662 effugi
1322 612 1403 662 ejus
1425 610 1691 654 offenfionem‚
1723 612 1792 662 qui
1812 610 1963 648 fortaffe

592 681 854 723 arbitraretur,
886 693 948 716 me
979 677 1079 715 hanc
1112 677 1395 728 rempublicam
1428 690 1505 714 non
1536 686 1683 730 putare,
1716 676 1742 713 fi
1776 684 1964 728 perpetuo

594 755 774 789 tacerem,
807 745 959 782 modice
980 743 1054 781 hoc
1076 743 1231 787 faciam,
1263 751 1328 779 aut
1358 742 1475 780 etiam
1507 743 1608 779 intra
1638 741 1830 785 modum3
1863 750 1907 778 ut
1927 750 1966 778 et

594 811 701 848 illius
722 811 914 848 voluntati
935 818 972 846 et
995 809 1090 845 meis
1111 807 1244 845 studiis
1266 807 1438 844 serviam.
1463 808 1569 844 Nam
1589 807 1655 844 etfi
1676 819 1696 843 a
1716 807 1840 858 prima
1856 814 1965 844 aetate

594 891 656 914 me
676 876 804 913 omnis
826 888 882 911 ars
898 866 941 912 *et
962 874 1136 912 doch-ina
1153 872 1339 915 liberalis,
1357 881 1395 909 et
1415 872 1585 909 maxime
1607 870 1872 923 Philosophia,
1895 871 1963 908 de·

594 941 747 978 lectavit
765 959 774 984 3
812 949 940 977 tamen
976 939 1050 976 hoc
1085 938 1255 975 studium
1291 937 1466 988 quotidie
1501 936 1744 987 ingravescit,
1779 936 1894 973 credo
1927 944 1965 972 et

593 1008 714 1044 aetatis
743 1006 964 1042 maturitate
994 1005 1040 1041 ad
1072 1003 1333 1055 prudentiam,
1364 1011 1402 1039 et
1432 1000 1493 1038 his
1521 1011 1743 1052 temporum
1770 1001 1891 1044 vitiis,
1923 1010 1967 1037 ut

595 1071 703 1108 nulla
722 1083 778 1107 res
799 1070 871 1106 alia
891 1069 1013 1106 levare
1033 1069 1210 1105 animum
1231 1066 1415 1104 molestiis
1436 1066 1562 1118 poffit.
1607 1067 1643 1103 A
1673 1079 1752 1117 quo
1780 1065 1905 1102 studio
1931 1073 1969 1102 te

593 1135 735 1172 abduci
757 1134 922 1185 negotiis
945 1133 1125 1183 intelligo
1145 1145 1190 1169 ex
1214 1132 1290 1168 tuis
1310 1130 1434 1168 literis
1453 1146 1461 1168 ε
1486 1130 1549 1168 sed
1571 1139 1698 1168 tamen
1719 1130 1868 1182 aliquid
1883 1131 1968 1181 jam

594 1203 724 1239 noc‘tes
747 1210 783 1237 te
804 1199 1056 1251 adjuvabunt.
1101 1199 1251 1235 Servius
1281 1206 1385 1240 tuus,
1416 1196 1475 1234 vel
1497 1198 1627 1248 potius
1649 1196 1787 1240 noster,
1818 1195 1970 1233 summa

593 1280 656 1304 me
677 1265 915 1303 observantia
934 1264 1057 1307 colit;
1090 1265 1150 1314 cuj
1160 1276 1201 1300 us
1228 1275 1300 1314 ego
1329 1275 1421 1298 cum
1451 1262 1561 1298 omni
1582 1261 1774 1313 probitate
1795 1261 1968 1298 summa-

593 1346 671 1384 que
692 1332 849 1375 virtute,
872 1340 958 1367 tum
978 1329 1112 1367 studiis
1134 1329 1399 1379 doctrinaque,
1421 1327 1602 1365 delector.
1635 1328 1672 1364 Is
1694 1340 1851 1364 mecum
1873 1327 1968 1378 saepe

595 1399 641 1436 de
663 1408 726 1436 tua
747 1397 955 1441 manfione,
987 1404 1052 1433 aut
1072 1394 1296 1438 deceffione,
1328 1394 1609 1430 communicat.
1653 1391 1797 1430 Adhuc
1827 1393 1867 1430 in
1895 1392 1968 1430 hac

595 1464 681 1500 sum
701 1462 901 1505 sententia,
920 1460 1021 1498 nihil
1042 1470 1086 1498 ut
1105 1459 1308 1503 faciamus,
1326 1459 1394 1495 nifi
1412 1458 1517 1510 quod
1538 1458 1708 1495 maxime
1729 1457 1852 1495 Caesar
1871 1457 1970 1496 velle

595 1528 783 1565 videatur.
817 1528 894 1564 Res
916 1526 1003 1563 sunt
1023 1525 1227 1577 ejusmodi,
1260 1533 1302 1561 ut
1323 1523 1348 1560 s1
1371 1524 1507 1560 Romae
1529 1524 1589 1567 fis,
1621 1522 1721 1560 nihil
1751 1531 1802 1567 te,
1833 1532 1969 1574 praeter

597 1603 699 1637 tuos,
722 1592 907 1630 delectare
929 1591 1054 1643 poffit.
1079 1592 1139 1628 De
1161 1589 1341 1641 reliquis;
1361 1587 1461 1625 nihil
1483 1588 1623 1626 melius
1645 1588 1727 1639 ipso
1747 1587 1818 1625 est:
1842 1588 1969 1625 caeteri

594 1668 634 1696 et
654 1667 787 1696 caetera
806 1655 1010 1708 ejusmodi,
1029 1664 1085 1699 ut,
1104 1656 1129 1692 fi
1145 1655 1376 1691 alterutrum
1397 1652 1541 1690 neceffe
1561 1653 1620 1697 fit,
1638 1652 1768 1689 audire
1783 1665 1825 1689 ea
1840 1652 1968 1696 malis,

596 1736 712 1775 quam
734 1721 874 1758 videre.
908 1721 999 1758 Hoc
1021 1719 1194 1757 nostrum
1214 1717 1419 1756 confilium
1440 1717 1553 1755 nobis
1569 1717 1970 1768 minimejucundum

594 1788 663 1834 est,
694 1788 763 1840 qui
785 1797 821 1824 te
841 1785 969 1825 videre
989 1785 1171 1838 cupimus
1191 1799 1200 1822 :
1233 1782 1295 1821 sed
1316 1781 1555 1820 consulimus
1577 1782 1666 1820 tibi.
1699 1781 1809 1820 Vale.

692 1989 816 2026 SER.
849 1988 1176 2024 SULPICIUS
1213 1985 1276 2022 M.
1309 1985 1362 2022 T.
1394 1984 1701 2021 CICERONI
1745 1983 1782 2021 S.
1816 1982 1871 2020 D.

599 2117 649 2154 V.
662 2116 735 2190 P
753 2116 786 2153 Ο
801 2117 826 2153 S
839 2111 967 2153 ‘TEA
992 2127 1097 2166 quam
1116 2112 1203 2150 mihi
1219 2111 1463 2150 renuntiatum
1482 2110 1526 2163 cst
1543 2110 1584 2149 de
1601 2109 1698 2149 obitu
1719 2107 1859 2154 Tulliae,
1876 2110 1970 2161 filiae

764 2189 851 2224 tuce,
867 2179 959 2231 stine
978 2193 1081 2231 quam
1093 2186 1163 2230 pro
1182 2192 1229 2220 eo,
1260 2191 1302 2215 ac
1329 2176 1442 2221 debui,
1468 2176 1643 2228 graviter
1662 2175 1852 2228 molesteque
1871 2175 1943 2212 tuli
1954 2193 1967 2219 5

597 2259 869 2297 communemque
901 2259 974 2282 eam
1009 2243 1244 2282 calamitatem
1279 2241 1475 2293 existimavi
1485 2257 1499 2278 :
1539 2241 1601 2293 qui
1616 2240 1658 2290 st
1687 2240 1759 2292 ssic
1789 2239 1968 2292 afficffm,

599 2326 705 2364 neque
724 2311 793 2349 tihi
808 2309 991 2362 degsastan,
1022 2323 1203 2360 coramque
1220 2321 1330 2345 meum
1360 2306 1504 2344 dolorem
1533 2305 1601 2343 tibi
1617 2303 1848 2357 declaraffi’m.
1892 2304 1975 2354 Εζβ

593 2392 705 2430 genus
734 2377 795 2414 hoc
824 2375 1058 2428 consalatiomk
1085 2374 1243 2426 misbrum
1272 2381 1379 2424 atque
1402 2371 1565 2410 acerbum
1585 2370 1642 2421 est,
1666 2378 1858 2423 propterea
1888 2369 1971 2421 quia

592 2452 663 2495 per
691 2456 772 2494 quos
800 2456 839 2479 ea
870 2440 1011 2491 confieri
1035 2438 1145 2483 debet,
1169 2439 1384 2490 propinquos
1411 2451 1454 2475 ac
1468 2436 1689 2488 familiares,
1720 2435 1784 2487 zpfi
1791 2434 1883 2486 pari
1896 2448 1970 2471 mo-

598 2508 692 2561 lssia
710 2508 929 2560 tffcitmtur,
959 2520 1066 2559 neque
1079 2506 1160 2556 sine
1186 2504 1346 2556 lacrymis
1373 2503 1493 2542 multis
1520 2502 1559 2540 id
1583 2501 1707 2542 conari
1731 2508 1888 2554 queunt3
1920 2499 1978 2537 uti
