<?xml version="1.0" encoding="UTF-8"?>
<!DOCTYPE html PUBLIC "-//W3C//DTD XHTML 1.0 Transitional//EN"
    "http://www.w3.org/TR/xhtml1/DTD/xhtml1-transitional.dtd">
<html xmlns="http://www.w3.org/1999/xhtml" xml:lang="en" lang="en">
 <head>
  <title>
</title>
<meta http-equiv="Content-Type" content="text/html;charset=utf-8" />
  <meta name='ocr-system' content='tesseract 3.04.00' />
  <meta name='ocr-capabilities' content='ocr_page ocr_carea ocr_par ocr_line ocrx_word'/>
</head>
<body>
  <div class='ocr_page' id='page_1' title='image "./operacumindicibu07ciceuoft_0027.png"; bbox 0 0 2351 2997; ppageno 0'>
   <div class='ocr_carea' id='block_1_1' title="bbox 648 289 1790 346">
    <p class='ocr_par' dir='ltr' id='par_1_1' title="bbox 648 289 1790 346">
     <span class='ocr_line' id='line_1_1' title="bbox 648 289 1790 346; baseline 0.001 -18"><span class='ocrx_word' id='word_1_1' title='bbox 648 290 762 328; x_wconf 48' lang='lat' dir='ltr'>AD*</span> <span class='ocrx_word' id='word_1_2' title='bbox 800 289 1269 328; x_wconf 89' lang='lat' dir='ltr'><strong>FAMILIARES</strong></span> <span class='ocrx_word' id='word_1_3' title='bbox 1330 289 1462 328; x_wconf 87' lang='lat' dir='ltr'><strong>LIB.</strong></span> <span class='ocrx_word' id='word_1_4' title='bbox 1508 291 1541 329; x_wconf 92' lang='grc' dir='ltr'>Ι.</span> <span class='ocrx_word' id='word_1_5' title='bbox 1764 304 1790 346; x_wconf 89' lang='lat'><strong><em>7</em></strong></span> 
     </span>
    </p>
   </div>
   <div class='ocr_carea' id='block_1_2' title="bbox 395 389 1800 2028">
    <p class='ocr_par' dir='ltr' id='par_1_2' title="bbox 395 389 1788 510">
     <span class='ocr_line' id='line_1_2' title="bbox 401 389 1788 444; baseline 0.001 -14"><span class='ocrx_word' id='word_1_6' title='bbox 401 404 526 442; x_wconf 84' lang='lat' dir='ltr'>neque</span> <span class='ocrx_word' id='word_1_7' title='bbox 547 390 653 434; x_wconf 85' lang='lat' dir='ltr'>enim</span> <span class='ocrx_word' id='word_1_8' title='bbox 675 389 971 443; x_wconf 85' lang='lat' dir='ltr'>prudentiorem</span> <span class='ocrx_word' id='word_1_9' title='bbox 992 403 1234 442; x_wconf 87' lang='lat' dir='ltr'>quemquam</span> <span class='ocrx_word' id='word_1_10' title='bbox 1254 403 1303 428; x_wconf 82' lang='lat' dir='ltr'>ex</span> <span class='ocrx_word' id='word_1_11' title='bbox 1325 391 1418 436; x_wconf 86' lang='lat' dir='ltr'>tuis,</span> <span class='ocrx_word' id='word_1_12' title='bbox 1450 404 1578 444; x_wconf 87' lang='lat' dir='ltr'>neque</span> <span class='ocrx_word' id='word_1_13' title='bbox 1607 391 1683 430; x_wconf 85' lang='lat' dir='ltr'>fide</span> <span class='ocrx_word' id='word_1_14' title='bbox 1704 406 1788 433; x_wconf 89' lang='lat' dir='ltr'>ma-</span> 
     </span>
     <span class='ocr_line' id='line_1_3' title="bbox 395 456 1301 510; baseline -0.001 -15"><span class='ocrx_word' id='word_1_15' title='bbox 395 460 496 510; x_wconf 84' lang='lat' dir='ltr'>jore,</span> <span class='ocrx_word' id='word_1_16' title='bbox 526 457 600 495; x_wconf 81' lang='lat' dir='ltr'>effe</span> <span class='ocrx_word' id='word_1_17' title='bbox 615 456 770 509; x_wconf 89' lang='lat' dir='ltr'>judico,</span> <span class='ocrx_word' id='word_1_18' title='bbox 803 469 928 509; x_wconf 85' lang='lat' dir='ltr'>neque</span> <span class='ocrx_word' id='word_1_19' title='bbox 948 456 1206 494; x_wconf 86' lang='lat' dir='ltr'>amantiorem</span> <span class='ocrx_word' id='word_1_20' title='bbox 1229 457 1301 495; x_wconf 91' lang='lat' dir='ltr'>tui.</span> 
     </span>
    </p>

    <p class='ocr_par' dir='ltr' id='par_1_3' title="bbox 400 522 1800 2028">
     <span class='ocr_line' id='line_1_4' title="bbox 458 522 1790 576; baseline 0.002 -15"><span class='ocrx_word' id='word_1_21' title='bbox 458 523 541 564; x_wconf 92' lang='lat' dir='ltr'>Hic</span> <span class='ocrx_word' id='word_1_22' title='bbox 563 538 649 576; x_wconf 85' lang='lat' dir='ltr'>quae</span> <span class='ocrx_word' id='word_1_23' title='bbox 675 532 853 575; x_wconf 83' lang='lat' dir='ltr'>agantur</span> <span class='ocrx_word' id='word_1_24' title='bbox 884 536 1049 574; x_wconf 84' lang='lat' dir='ltr'>quaeque</span> <span class='ocrx_word' id='word_1_25' title='bbox 1080 524 1162 560; x_wconf 62' lang='lat' dir='ltr'>aaa</span> <span class='ocrx_word' id='word_1_26' title='bbox 1192 522 1280 567; x_wconf 72' lang='lat' dir='ltr'>sint,</span> <span class='ocrx_word' id='word_1_27' title='bbox 1313 536 1355 560; x_wconf 89' lang='lat' dir='ltr'>ea</span> <span class='ocrx_word' id='word_1_28' title='bbox 1388 532 1424 560; x_wconf 92' lang='lat' dir='ltr'>te</span> <span class='ocrx_word' id='word_1_29' title='bbox 1455 532 1494 561; x_wconf 88' lang='lat' dir='ltr'>et</span> <span class='ocrx_word' id='word_1_30' title='bbox 1525 524 1649 562; x_wconf 86' lang='lat' dir='ltr'>literis</span> <span class='ocrx_word' id='word_1_31' title='bbox 1681 525 1790 564; x_wconf 87' lang='lat' dir='ltr'>mul-</span> 
     </span>
     <span class='ocr_line' id='line_1_5' title="bbox 402 588 1792 641; baseline 0.001 -14"><span class='ocrx_word' id='word_1_32' title='bbox 402 598 535 629; x_wconf 81' lang='lat' dir='ltr'>torum</span> <span class='ocrx_word' id='word_1_33' title='bbox 554 599 593 628; x_wconf 90' lang='lat' dir='ltr'>et</span> <span class='ocrx_word' id='word_1_34' title='bbox 615 590 764 628; x_wconf 87' lang='lat' dir='ltr'>nuntiis</span> <span class='ocrx_word' id='word_1_35' title='bbox 786 588 1018 640; x_wconf 83' lang='lat' dir='ltr'>cognoscere</span> <span class='ocrx_word' id='word_1_36' title='bbox 1039 588 1228 626; x_wconf 85' lang='lat' dir='ltr'>arbitror:</span> <span class='ocrx_word' id='word_1_37' title='bbox 1251 601 1336 640; x_wconf 86' lang='lat' dir='ltr'>quae</span> <span class='ocrx_word' id='word_1_38' title='bbox 1352 598 1483 627; x_wconf 89' lang='lat' dir='ltr'>autem</span> <span class='ocrx_word' id='word_1_39' title='bbox 1500 590 1621 641; x_wconf 88' lang='lat' dir='ltr'>pofita</span> <span class='ocrx_word' id='word_1_40' title='bbox 1641 590 1760 629; x_wconf 89' lang='lat' dir='ltr'>sunt</span> <span class='ocrx_word' id='word_1_41' title='bbox 1750 606 1792 629; x_wconf 83' lang='lat' dir='ltr'>in</span> 
     </span>
     <span class='ocr_line' id='line_1_6' title="bbox 401 653 1793 709; baseline 0.001 -14"><span class='ocrx_word' id='word_1_42' title='bbox 401 658 638 709; x_wconf 61' lang='lat' dir='ltr'>conjectura,</span> <span class='ocrx_word' id='word_1_43' title='bbox 657 669 821 708; x_wconf 85' lang='lat' dir='ltr'>quaeque</span> <span class='ocrx_word' id='word_1_44' title='bbox 837 654 938 693; x_wconf 83' lang='lat' dir='ltr'>mihi</span> <span class='ocrx_word' id='word_1_45' title='bbox 960 654 1142 692; x_wconf 89' lang='lat' dir='ltr'>videntur</span> <span class='ocrx_word' id='word_1_46' title='bbox 1162 653 1259 699; x_wconf 90' lang='lat' dir='ltr'>fore,</span> <span class='ocrx_word' id='word_1_47' title='bbox 1278 668 1320 692; x_wconf 86' lang='lat' dir='ltr'>ea</span> <span class='ocrx_word' id='word_1_48' title='bbox 1340 664 1437 708; x_wconf 89' lang='lat' dir='ltr'>puto</span> <span class='ocrx_word' id='word_1_49' title='bbox 1458 656 1533 693; x_wconf 91' lang='lat' dir='ltr'>tibi</span> <span class='ocrx_word' id='word_1_50' title='bbox 1553 670 1573 694; x_wconf 90' lang='lat' dir='ltr'>a</span> <span class='ocrx_word' id='word_1_51' title='bbox 1593 671 1656 695; x_wconf 89' lang='lat' dir='ltr'>me</span> <span class='ocrx_word' id='word_1_52' title='bbox 1676 658 1793 698; x_wconf 85' lang='lat' dir='ltr'>scribi</span> 
     </span>
     <span class='ocr_line' id='line_1_7' title="bbox 400 720 1793 775; baseline 0.001 -15"><span class='ocrx_word' id='word_1_53' title='bbox 400 732 594 775; x_wconf 85' lang='lat' dir='ltr'>oportere.</span> <span class='ocrx_word' id='word_1_54' title='bbox 646 722 901 774; x_wconf 86' lang='lat' dir='ltr'>Posteaquam</span> <span class='ocrx_word' id='word_1_55' title='bbox 936 721 1148 773; x_wconf 77' lang='lat' dir='ltr'>Pompeius</span> <span class='ocrx_word' id='word_1_56' title='bbox 1183 720 1286 772; x_wconf 87' lang='lat' dir='ltr'>apud</span> <span class='ocrx_word' id='word_1_57' title='bbox 1325 722 1521 774; x_wconf 88' lang='lat' dir='ltr'>populum</span> <span class='ocrx_word' id='word_1_58' title='bbox 1560 732 1648 761; x_wconf 88' lang='lat' dir='ltr'>ante</span> <span class='ocrx_word' id='word_1_59' title='bbox 1688 724 1793 762; x_wconf 90' lang='lat' dir='ltr'>diem</span> 
     </span>
     <span class='ocr_line' id='line_1_8' title="bbox 403 786 1791 839; baseline 0.001 -14"><span class='ocrx_word' id='word_1_60' title='bbox 403 802 507 827; x_wconf 88' lang='lat' dir='ltr'>v111.</span> <span class='ocrx_word' id='word_1_61' title='bbox 531 787 619 826; x_wconf 85' lang='lat' dir='ltr'>idus</span> <span class='ocrx_word' id='word_1_62' title='bbox 642 787 860 831; x_wconf 83' lang='lat' dir='ltr'>Februarii,</span> <span class='ocrx_word' id='word_1_63' title='bbox 893 800 984 824; x_wconf 87' lang='lat' dir='ltr'>cum</span> <span class='ocrx_word' id='word_1_64' title='bbox 1007 800 1078 839; x_wconf 90' lang='lat' dir='ltr'>pro</span> <span class='ocrx_word' id='word_1_65' title='bbox 1100 786 1257 824; x_wconf 85' lang='lat' dir='ltr'>Milone</span> <span class='ocrx_word' id='word_1_66' title='bbox 1279 786 1440 832; x_wconf 89' lang='lat' dir='ltr'>diceret,</span> <span class='ocrx_word' id='word_1_67' title='bbox 1462 788 1633 826; x_wconf 87' lang='lat' dir='ltr'>clamore</span> <span class='ocrx_word' id='word_1_68' title='bbox 1654 791 1791 827; x_wconf 89' lang='lat' dir='ltr'>convi-</span> 
     </span>
     <span class='ocr_line' id='line_1_9' title="bbox 402 853 1793 907; baseline 0 -14"><span class='ocrx_word' id='word_1_69' title='bbox 402 855 545 907; x_wconf 89' lang='lat' dir='ltr'>cioque</span> <span class='ocrx_word' id='word_1_70' title='bbox 560 855 727 906; x_wconf 61' lang='lat' dir='ltr'>jactatus</span> <span class='ocrx_word' id='word_1_71' title='bbox 748 853 815 899; x_wconf 88' lang='lat' dir='ltr'>est,</span> <span class='ocrx_word' id='word_1_72' title='bbox 848 854 888 891; x_wconf 91' lang='lat' dir='ltr'>in</span> <span class='ocrx_word' id='word_1_73' title='bbox 910 853 1122 906; x_wconf 81' lang='lat' dir='ltr'>senatuque</span> <span class='ocrx_word' id='word_1_74' title='bbox 1142 867 1163 891; x_wconf 87' lang='lat' dir='ltr'>a</span> <span class='ocrx_word' id='word_1_75' title='bbox 1184 855 1334 892; x_wconf 89' lang='lat' dir='ltr'>Catone</span> <span class='ocrx_word' id='word_1_76' title='bbox 1354 853 1482 906; x_wconf 83' lang='lat' dir='ltr'>aspere</span> <span class='ocrx_word' id='word_1_77' title='bbox 1502 863 1541 892; x_wconf 88' lang='lat' dir='ltr'>et</span> <span class='ocrx_word' id='word_1_78' title='bbox 1572 855 1708 896; x_wconf 77' lang='lat' dir='ltr'>acerbe</span> <span class='ocrx_word' id='word_1_79' title='bbox 1728 857 1793 893; x_wconf 84' lang='lat' dir='ltr'>ni-</span> 
     </span>
     <span class='ocr_line' id='line_1_10' title="bbox 402 918 1796 972; baseline 0.001 -13"><span class='ocrx_word' id='word_1_80' title='bbox 402 922 530 959; x_wconf 88' lang='lat' dir='ltr'>mium</span> <span class='ocrx_word' id='word_1_81' title='bbox 551 934 697 972; x_wconf 88' lang='lat' dir='ltr'>magno</span> <span class='ocrx_word' id='word_1_82' title='bbox 717 920 870 958; x_wconf 78' lang='lat' dir='ltr'>silentio</span> <span class='ocrx_word' id='word_1_83' title='bbox 890 918 944 957; x_wconf 90' lang='lat' dir='ltr'>est</span> <span class='ocrx_word' id='word_1_84' title='bbox 964 919 1179 964; x_wconf 86' lang='lat' dir='ltr'>accusatus,</span> <span class='ocrx_word' id='word_1_85' title='bbox 1211 919 1313 958; x_wconf 86' lang='lat' dir='ltr'>visus</span> <span class='ocrx_word' id='word_1_86' title='bbox 1335 919 1387 957; x_wconf 90' lang='lat' dir='ltr'>est</span> <span class='ocrx_word' id='word_1_87' title='bbox 1414 918 1517 958; x_wconf 90' lang='lat' dir='ltr'>mihi</span> <span class='ocrx_word' id='word_1_88' title='bbox 1543 920 1796 960; x_wconf 83' lang='lat' dir='ltr'>vehementer</span> 
     </span>
     <span class='ocr_line' id='line_1_11' title="bbox 402 985 1795 1040; baseline 0.001 -15"><span class='ocrx_word' id='word_1_89' title='bbox 402 987 475 1025; x_wconf 84' lang='lat' dir='ltr'>effe</span> <span class='ocrx_word' id='word_1_90' title='bbox 500 987 764 1040; x_wconf 78' lang='lat' dir='ltr'>perturbatuS.</span> <span class='ocrx_word' id='word_1_91' title='bbox 811 988 950 1038; x_wconf 89' lang='lat' dir='ltr'>Itaque</span> <span class='ocrx_word' id='word_1_92' title='bbox 979 985 1247 1024; x_wconf 82' lang='lat' dir='ltr'>Alexandrina</span> <span class='ocrx_word' id='word_1_93' title='bbox 1266 986 1392 1031; x_wconf 88' lang='lat' dir='ltr'>causa,</span> <span class='ocrx_word' id='word_1_94' title='bbox 1423 1000 1509 1039; x_wconf 85' lang='lat' dir='ltr'>quae</span> <span class='ocrx_word' id='word_1_95' title='bbox 1530 987 1644 1026; x_wconf 86' lang='lat' dir='ltr'>nobis</span> <span class='ocrx_word' id='word_1_96' title='bbox 1665 987 1795 1027; x_wconf 90' lang='lat' dir='ltr'>adhuc</span> 
     </span>
     <span class='ocr_line' id='line_1_12' title="bbox 402 1051 1796 1107; baseline 0.001 -17"><span class='ocrx_word' id='word_1_97' title='bbox 402 1052 555 1104; x_wconf 85' lang='lat' dir='ltr'>integra</span> <span class='ocrx_word' id='word_1_98' title='bbox 589 1052 656 1097; x_wconf 92' lang='lat' dir='ltr'>est,</span> <span class='ocrx_word' id='word_1_99' title='bbox 691 1051 812 1104; x_wconf 91' lang='lat' dir='ltr'>(nihil</span> <span class='ocrx_word' id='word_1_100' title='bbox 845 1051 953 1089; x_wconf 90' lang='lat' dir='ltr'>enim</span> <span class='ocrx_word' id='word_1_101' title='bbox 985 1051 1060 1089; x_wconf 88' lang='lat' dir='ltr'>tibi</span> <span class='ocrx_word' id='word_1_102' title='bbox 1092 1051 1261 1089; x_wconf 80' lang='lat' dir='ltr'>detraxit</span> <span class='ocrx_word' id='word_1_103' title='bbox 1295 1051 1462 1096; x_wconf 85' lang='lat' dir='ltr'>senatus,</span> <span class='ocrx_word' id='word_1_104' title='bbox 1495 1052 1564 1090; x_wconf 91' lang='lat' dir='ltr'>nis1</span> <span class='ocrx_word' id='word_1_105' title='bbox 1600 1052 1655 1098; x_wconf 88' lang='lat' dir='ltr'>id,</span> <span class='ocrx_word' id='word_1_106' title='bbox 1687 1053 1796 1107; x_wconf 90' lang='lat' dir='ltr'>quod</span> 
     </span>
     <span class='ocr_line' id='line_1_13' title="bbox 400 1116 1795 1170; baseline 0.002 -16"><span class='ocrx_word' id='word_1_107' title='bbox 400 1131 470 1170; x_wconf 86' lang='lat' dir='ltr'>per</span> <span class='ocrx_word' id='word_1_108' title='bbox 489 1117 652 1155; x_wconf 88' lang='lat' dir='ltr'>eandem</span> <span class='ocrx_word' id='word_1_109' title='bbox 674 1117 907 1169; x_wconf 85' lang='lat' dir='ltr'>religionem</span> <span class='ocrx_word' id='word_1_110' title='bbox 929 1116 1009 1154; x_wconf 91' lang='lat' dir='ltr'>dari</span> <span class='ocrx_word' id='word_1_111' title='bbox 1040 1117 1151 1154; x_wconf 88' lang='lat' dir='ltr'>alteri</span> <span class='ocrx_word' id='word_1_112' title='bbox 1182 1130 1260 1154; x_wconf 91' lang='lat' dir='ltr'>non</span> <span class='ocrx_word' id='word_1_113' title='bbox 1286 1116 1429 1169; x_wconf 90' lang='lat' dir='ltr'>potest)</span> <span class='ocrx_word' id='word_1_114' title='bbox 1462 1117 1617 1156; x_wconf 88' lang='lat' dir='ltr'>videtur</span> <span class='ocrx_word' id='word_1_115' title='bbox 1645 1119 1693 1156; x_wconf 84' lang='lat' dir='ltr'>ab</span> <span class='ocrx_word' id='word_1_116' title='bbox 1723 1119 1795 1158; x_wconf 92' lang='lat' dir='ltr'>illo</span> 
     </span>
     <span class='ocr_line' id='line_1_14' title="bbox 402 1182 1795 1236; baseline 0.003 -16"><span class='ocrx_word' id='word_1_117' title='bbox 402 1183 518 1236; x_wconf 87' lang='lat' dir='ltr'>plane</span> <span class='ocrx_word' id='word_1_118' title='bbox 549 1182 621 1225; x_wconf 84' lang='lat' dir='ltr'>effe</span> <span class='ocrx_word' id='word_1_119' title='bbox 651 1182 835 1235; x_wconf 78' lang='lat' dir='ltr'>deposita.</span> <span class='ocrx_word' id='word_1_120' title='bbox 882 1183 1006 1220; x_wconf 88' lang='lat' dir='ltr'>Nunc</span> <span class='ocrx_word' id='word_1_121' title='bbox 1036 1182 1076 1220; x_wconf 93' lang='lat' dir='ltr'>id</span> <span class='ocrx_word' id='word_1_122' title='bbox 1106 1183 1318 1235; x_wconf 88' lang='lat' dir='ltr'>speramus,</span> <span class='ocrx_word' id='word_1_123' title='bbox 1350 1183 1469 1235; x_wconf 90' lang='lat' dir='ltr'>idque</span> <span class='ocrx_word' id='word_1_124' title='bbox 1499 1184 1704 1231; x_wconf 88' lang='lat' dir='ltr'>molimur,</span> <span class='ocrx_word' id='word_1_125' title='bbox 1736 1195 1795 1232; x_wconf 86' lang='lat' dir='ltr'>ut,</span> 
     </span>
     <span class='ocr_line' id='line_1_15' title="bbox 403 1246 1796 1302; baseline 0.001 -15"><span class='ocrx_word' id='word_1_126' title='bbox 403 1262 497 1287; x_wconf 91' lang='lat' dir='ltr'>cum</span> <span class='ocrx_word' id='word_1_127' title='bbox 519 1262 585 1286; x_wconf 83' lang='lat' dir='ltr'>rex</span> <span class='ocrx_word' id='word_1_128' title='bbox 606 1247 819 1300; x_wconf 82' lang='lat' dir='ltr'>intelligat,</span> <span class='ocrx_word' id='word_1_129' title='bbox 852 1246 926 1284; x_wconf 90' lang='lat' dir='ltr'>sese</span> <span class='ocrx_word' id='word_1_130' title='bbox 947 1247 1002 1292; x_wconf 92' lang='lat' dir='ltr'>id,</span> <span class='ocrx_word' id='word_1_131' title='bbox 1034 1247 1141 1299; x_wconf 91' lang='lat' dir='ltr'>quod</span> <span class='ocrx_word' id='word_1_132' title='bbox 1162 1248 1375 1299; x_wconf 83' lang='lat' dir='ltr'>cogitabat,</span> <span class='ocrx_word' id='word_1_133' title='bbox 1407 1257 1451 1286; x_wconf 87' lang='lat' dir='ltr'>ut</span> <span class='ocrx_word' id='word_1_134' title='bbox 1471 1261 1492 1285; x_wconf 93' lang='lat' dir='ltr'>a</span> <span class='ocrx_word' id='word_1_135' title='bbox 1513 1249 1704 1302; x_wconf 87' lang='lat' dir='ltr'>Pompeio</span> <span class='ocrx_word' id='word_1_136' title='bbox 1733 1265 1796 1289; x_wconf 88' lang='lat' dir='ltr'>re-</span> 
     </span>
     <span class='ocr_line' id='line_1_16' title="bbox 402 1313 1795 1366; baseline 0.001 -13"><span class='ocrx_word' id='word_1_137' title='bbox 402 1314 582 1360; x_wconf 83' lang='lat' dir='ltr'>ducatur,</span> <span class='ocrx_word' id='word_1_138' title='bbox 612 1313 757 1366; x_wconf 84' lang='lat' dir='ltr'>affequi</span> <span class='ocrx_word' id='word_1_139' title='bbox 777 1327 856 1351; x_wconf 88' lang='lat' dir='ltr'>non</span> <span class='ocrx_word' id='word_1_140' title='bbox 878 1313 996 1366; x_wconf 83' lang='lat' dir='ltr'>poffe,</span> <span class='ocrx_word' id='word_1_141' title='bbox 1027 1322 1081 1358; x_wconf 88' lang='lat' dir='ltr'>et,</span> <span class='ocrx_word' id='word_1_142' title='bbox 1113 1313 1183 1350; x_wconf 89' lang='lat' dir='ltr'>nifi</span> <span class='ocrx_word' id='word_1_143' title='bbox 1204 1327 1272 1366; x_wconf 90' lang='lat' dir='ltr'>per</span> <span class='ocrx_word' id='word_1_144' title='bbox 1293 1322 1330 1351; x_wconf 81' lang='lat' dir='ltr'>te</span> <span class='ocrx_word' id='word_1_145' title='bbox 1352 1314 1396 1351; x_wconf 87' lang='lat' dir='ltr'>fit</span> <span class='ocrx_word' id='word_1_146' title='bbox 1417 1313 1632 1360; x_wconf 81' lang='lat' dir='ltr'>restitutus,</span> <span class='ocrx_word' id='word_1_147' title='bbox 1667 1315 1795 1355; x_wconf 83' lang='lat' dir='ltr'>deser-</span> 
     </span>
     <span class='ocr_line' id='line_1_17' title="bbox 402 1377 1798 1433; baseline 0.001 -14"><span class='ocrx_word' id='word_1_148' title='bbox 402 1390 491 1419; x_wconf 83' lang='lat' dir='ltr'>tum</span> <span class='ocrx_word' id='word_1_149' title='bbox 511 1380 548 1419; x_wconf 92' lang='lat' dir='ltr'>se</span> <span class='ocrx_word' id='word_1_150' title='bbox 567 1388 684 1433; x_wconf 90' lang='lat' dir='ltr'>atque</span> <span class='ocrx_word' id='word_1_151' title='bbox 703 1379 901 1431; x_wconf 58' lang='lat' dir='ltr'>abjectum</span> <span class='ocrx_word' id='word_1_152' title='bbox 921 1377 1020 1423; x_wconf 88' lang='lat' dir='ltr'>fore,</span> <span class='ocrx_word' id='word_1_153' title='bbox 1038 1378 1307 1431; x_wconf 89' lang='lat' dir='ltr'>proficiscatur</span> <span class='ocrx_word' id='word_1_154' title='bbox 1321 1379 1368 1416; x_wconf 89' lang='lat' dir='ltr'>ad</span> <span class='ocrx_word' id='word_1_155' title='bbox 1390 1388 1442 1418; x_wconf 90' lang='lat' dir='ltr'>te.</span> <span class='ocrx_word' id='word_1_156' title='bbox 1478 1380 1598 1431; x_wconf 86' lang='lat' dir='ltr'>Qod</span> <span class='ocrx_word' id='word_1_157' title='bbox 1619 1381 1696 1420; x_wconf 88' lang='lat' dir='ltr'>fine</span> <span class='ocrx_word' id='word_1_158' title='bbox 1717 1383 1798 1421; x_wconf 88' lang='lat' dir='ltr'>ulla</span> 
     </span>
     <span class='ocr_line' id='line_1_18' title="bbox 404 1444 1796 1500; baseline 0.001 -15"><span class='ocrx_word' id='word_1_159' title='bbox 404 1446 667 1492; x_wconf 84' lang='lat' dir='ltr'>dubitatione,</span> <span class='ocrx_word' id='word_1_160' title='bbox 698 1446 725 1484; x_wconf 86' lang='lat' dir='ltr'>fi</span> <span class='ocrx_word' id='word_1_161' title='bbox 747 1445 960 1498; x_wconf 86' lang='lat' dir='ltr'>Pompeius</span> <span class='ocrx_word' id='word_1_162' title='bbox 983 1445 1146 1498; x_wconf 87' lang='lat' dir='ltr'>paulum</span> <span class='ocrx_word' id='word_1_163' title='bbox 1167 1444 1286 1484; x_wconf 90' lang='lat' dir='ltr'>modo</span> <span class='ocrx_word' id='word_1_164' title='bbox 1307 1445 1516 1484; x_wconf 88' lang='lat' dir='ltr'>ostenderit</span> <span class='ocrx_word' id='word_1_165' title='bbox 1537 1446 1608 1484; x_wconf 90' lang='lat' dir='ltr'>fibi</span> <span class='ocrx_word' id='word_1_166' title='bbox 1628 1447 1796 1500; x_wconf 86' lang='lat' dir='ltr'>placere,</span> 
     </span>
     <span class='ocr_line' id='line_1_19' title="bbox 402 1511 1797 1553; baseline 0.001 -1"><span class='ocrx_word' id='word_1_167' title='bbox 402 1512 535 1552; x_wconf 83' lang='lat' dir='ltr'>faciet.</span> <span class='ocrx_word' id='word_1_168' title='bbox 569 1512 643 1551; x_wconf 90' lang='lat' dir='ltr'>Sed</span> <span class='ocrx_word' id='word_1_169' title='bbox 662 1512 763 1551; x_wconf 89' lang='lat' dir='ltr'>nosti</span> <span class='ocrx_word' id='word_1_170' title='bbox 783 1511 959 1551; x_wconf 83' lang='lat' dir='ltr'>hominis</span> <span class='ocrx_word' id='word_1_171' title='bbox 978 1511 1202 1550; x_wconf 83' lang='lat' dir='ltr'>tarditatem</span> <span class='ocrx_word' id='word_1_172' title='bbox 1217 1521 1256 1551; x_wconf 89' lang='lat' dir='ltr'>et</span> <span class='ocrx_word' id='word_1_173' title='bbox 1273 1512 1599 1552; x_wconf 83' lang='lat' dir='ltr'>taciturnitatem.</span> <span class='ocrx_word' id='word_1_174' title='bbox 1631 1514 1718 1552; x_wconf 85' lang='lat' dir='ltr'>Nos</span> <span class='ocrx_word' id='word_1_175' title='bbox 1737 1523 1797 1553; x_wconf 76' lang='lat' dir='ltr'>ta-</span> 
     </span>
     <span class='ocr_line' id='line_1_20' title="bbox 403 1578 1797 1632; baseline 0.001 -14"><span class='ocrx_word' id='word_1_176' title='bbox 403 1593 495 1619; x_wconf 88' lang='lat' dir='ltr'>men</span> <span class='ocrx_word' id='word_1_177' title='bbox 516 1578 635 1624; x_wconf 90' lang='lat' dir='ltr'>nihil,</span> <span class='ocrx_word' id='word_1_178' title='bbox 666 1578 775 1632; x_wconf 89' lang='lat' dir='ltr'>quod</span> <span class='ocrx_word' id='word_1_179' title='bbox 795 1578 842 1617; x_wconf 91' lang='lat' dir='ltr'>ad</span> <span class='ocrx_word' id='word_1_180' title='bbox 861 1592 946 1617; x_wconf 90' lang='lat' dir='ltr'>eam</span> <span class='ocrx_word' id='word_1_181' title='bbox 967 1592 1051 1616; x_wconf 89' lang='lat' dir='ltr'>rem</span> <span class='ocrx_word' id='word_1_182' title='bbox 1070 1578 1277 1631; x_wconf 87' lang='lat' dir='ltr'>pertineat,</span> <span class='ocrx_word' id='word_1_183' title='bbox 1309 1579 1664 1631; x_wconf 79' lang='lat' dir='ltr'>praetermittimus.</span> <span class='ocrx_word' id='word_1_184' title='bbox 1707 1581 1797 1620; x_wconf 87' lang='lat' dir='ltr'>Cae-</span> 
     </span>
     <span class='ocr_line' id='line_1_21' title="bbox 403 1644 1797 1699; baseline 0.001 -15"><span class='ocrx_word' id='word_1_185' title='bbox 403 1646 496 1684; x_wconf 85' lang='lat' dir='ltr'>teris</span> <span class='ocrx_word' id='word_1_186' title='bbox 526 1646 698 1698; x_wconf 86' lang='lat' dir='ltr'>injuriis,</span> <span class='ocrx_word' id='word_1_187' title='bbox 729 1659 815 1698; x_wconf 84' lang='lat' dir='ltr'>quae</span> <span class='ocrx_word' id='word_1_188' title='bbox 846 1645 1049 1698; x_wconf 87' lang='lat' dir='ltr'>propofitae</span> <span class='ocrx_word' id='word_1_189' title='bbox 1079 1645 1169 1683; x_wconf 91' lang='lat' dir='ltr'>sunt</span> <span class='ocrx_word' id='word_1_190' title='bbox 1197 1659 1218 1683; x_wconf 87' lang='lat' dir='ltr'>a</span> <span class='ocrx_word' id='word_1_191' title='bbox 1246 1646 1412 1691; x_wconf 91' lang='lat' dir='ltr'>Catone,</span> <span class='ocrx_word' id='word_1_192' title='bbox 1443 1644 1576 1690; x_wconf 87' lang='lat' dir='ltr'>facile,</span> <span class='ocrx_word' id='word_1_193' title='bbox 1607 1655 1651 1684; x_wconf 94' lang='lat' dir='ltr'>ut</span> <span class='ocrx_word' id='word_1_194' title='bbox 1672 1646 1797 1699; x_wconf 86' lang='lat' dir='ltr'>spero,</span> 
     </span>
     <span class='ocr_line' id='line_1_22' title="bbox 404 1710 1798 1758; baseline 0.001 -9"><span class='ocrx_word' id='word_1_195' title='bbox 404 1710 635 1749; x_wconf 86' lang='lat' dir='ltr'>refistemus.</span> <span class='ocrx_word' id='word_1_196' title='bbox 680 1711 875 1749; x_wconf 88' lang='lat' dir='ltr'>Amicum</span> <span class='ocrx_word' id='word_1_197' title='bbox 896 1724 944 1749; x_wconf 85' lang='lat' dir='ltr'>ex</span> <span class='ocrx_word' id='word_1_198' title='bbox 964 1710 1232 1750; x_wconf 88' lang='lat' dir='ltr'>consularibus</span> <span class='ocrx_word' id='word_1_199' title='bbox 1254 1712 1457 1749; x_wconf 89' lang='lat' dir='ltr'>neminem</span> <span class='ocrx_word' id='word_1_200' title='bbox 1478 1711 1553 1748; x_wconf 91' lang='lat' dir='ltr'>tibi</span> <span class='ocrx_word' id='word_1_201' title='bbox 1573 1711 1644 1750; x_wconf 80' lang='lat' dir='ltr'>effe</span> <span class='ocrx_word' id='word_1_202' title='bbox 1667 1713 1798 1758; x_wconf 87' lang='lat' dir='ltr'>video,</span> 
     </span>
     <span class='ocr_line' id='line_1_23' title="bbox 404 1777 1797 1829; baseline 0.001 -14"><span class='ocrx_word' id='word_1_203' title='bbox 404 1785 543 1829; x_wconf 89' lang='lat' dir='ltr'>praeter</span> <span class='ocrx_word' id='word_1_204' title='bbox 564 1777 822 1815; x_wconf 79' lang='lat' dir='ltr'>Hortensium</span> <span class='ocrx_word' id='word_1_205' title='bbox 843 1785 882 1814; x_wconf 93' lang='lat' dir='ltr'>et</span> <span class='ocrx_word' id='word_1_206' title='bbox 904 1777 1152 1815; x_wconf 89' lang='lat' dir='ltr'>Lucullum:</span> <span class='ocrx_word' id='word_1_207' title='bbox 1185 1777 1315 1815; x_wconf 86' lang='lat' dir='ltr'>caeteri</span> <span class='ocrx_word' id='word_1_208' title='bbox 1342 1777 1446 1821; x_wconf 88' lang='lat' dir='ltr'>sunt,</span> <span class='ocrx_word' id='word_1_209' title='bbox 1479 1777 1623 1829; x_wconf 84' lang='lat' dir='ltr'>partim</span> <span class='ocrx_word' id='word_1_210' title='bbox 1653 1777 1797 1816; x_wconf 88' lang='lat' dir='ltr'>obscu-</span> 
     </span>
     <span class='ocr_line' id='line_1_24' title="bbox 404 1842 1800 1896; baseline 0.001 -15"><span class='ocrx_word' id='word_1_211' title='bbox 404 1844 484 1881; x_wconf 88' lang='lat' dir='ltr'>rius</span> <span class='ocrx_word' id='word_1_212' title='bbox 506 1843 651 1896; x_wconf 86' lang='lat' dir='ltr'>iniqui,</span> <span class='ocrx_word' id='word_1_213' title='bbox 674 1843 817 1896; x_wconf 86' lang='lat' dir='ltr'>partim</span> <span class='ocrx_word' id='word_1_214' title='bbox 837 1856 917 1880; x_wconf 91' lang='lat' dir='ltr'>non</span> <span class='ocrx_word' id='word_1_215' title='bbox 939 1842 1224 1882; x_wconf 86' lang='lat' dir='ltr'>diflimulanter</span> <span class='ocrx_word' id='word_1_216' title='bbox 1244 1843 1346 1881; x_wconf 86' lang='lat' dir='ltr'>irati.</span> <span class='ocrx_word' id='word_1_217' title='bbox 1380 1844 1447 1881; x_wconf 92' lang='lat' dir='ltr'>Tu</span> <span class='ocrx_word' id='word_1_218' title='bbox 1468 1842 1529 1880; x_wconf 90' lang='lat' dir='ltr'>fac</span> <span class='ocrx_word' id='word_1_219' title='bbox 1550 1843 1684 1881; x_wconf 89' lang='lat' dir='ltr'>animo</span> <span class='ocrx_word' id='word_1_220' title='bbox 1704 1843 1800 1883; x_wconf 78' lang='lat' dir='ltr'>fo&#39;rti</span> 
     </span>
     <span class='ocr_line' id='line_1_25' title="bbox 406 1908 1797 1962; baseline 0.001 -14"><span class='ocrx_word' id='word_1_221' title='bbox 406 1923 629 1962; x_wconf 86' lang='lat' dir='ltr'>magnoque</span> <span class='ocrx_word' id='word_1_222' title='bbox 651 1909 712 1955; x_wconf 88' lang='lat' dir='ltr'>fis,</span> <span class='ocrx_word' id='word_1_223' title='bbox 745 1909 947 1961; x_wconf 89' lang='lat' dir='ltr'>speresque</span> <span class='ocrx_word' id='word_1_224' title='bbox 968 1908 1066 1954; x_wconf 84' lang='lat' dir='ltr'>fore,</span> <span class='ocrx_word' id='word_1_225' title='bbox 1099 1919 1157 1954; x_wconf 89' lang='lat' dir='ltr'>ut,</span> <span class='ocrx_word' id='word_1_226' title='bbox 1189 1908 1312 1947; x_wconf 56' lang='lat' dir='ltr'>fracto</span> <span class='ocrx_word' id='word_1_227' title='bbox 1339 1909 1492 1961; x_wconf 88' lang='lat' dir='ltr'>impetu</span> <span class='ocrx_word' id='word_1_228' title='bbox 1513 1908 1693 1948; x_wconf 88' lang='lat' dir='ltr'>leviffimi</span> <span class='ocrx_word' id='word_1_229' title='bbox 1722 1909 1797 1949; x_wconf 87' lang='lat' dir='ltr'>ho-</span> 
     </span>
     <span class='ocr_line' id='line_1_26' title="bbox 406 1974 1682 2028; baseline 0 -14"><span class='ocrx_word' id='word_1_230' title='bbox 406 1975 540 2022; x_wconf 89' lang='lat' dir='ltr'>minis,</span> <span class='ocrx_word' id='word_1_231' title='bbox 573 1986 683 2014; x_wconf 86' lang='lat' dir='ltr'>tuam</span> <span class='ocrx_word' id='word_1_232' title='bbox 702 1975 906 2028; x_wconf 89' lang='lat' dir='ltr'>pristinam</span> <span class='ocrx_word' id='word_1_233' title='bbox 928 1975 1163 2028; x_wconf 85' lang='lat' dir='ltr'>dignitatem</span> <span class='ocrx_word' id='word_1_234' title='bbox 1184 1984 1223 2014; x_wconf 92' lang='lat' dir='ltr'>et</span> <span class='ocrx_word' id='word_1_235' title='bbox 1244 1975 1412 2027; x_wconf 83' lang='lat' dir='ltr'>gloriam</span> <span class='ocrx_word' id='word_1_236' title='bbox 1432 1974 1682 2028; x_wconf 89' lang='lat' dir='ltr'>consequare.</span> 
     </span>
    </p>
   </div>
   <div class='ocr_carea' id='block_1_3' title="bbox 555 2175 1646 2216">
    <p class='ocr_par' dir='ltr' id='par_1_4' title="bbox 555 2175 1646 2216">
     <span class='ocr_line' id='line_1_27' title="bbox 555 2175 1646 2216; baseline 0.002 -2"><span class='ocrx_word' id='word_1_237' title='bbox 555 2175 620 2214; x_wconf 90' lang='lat' dir='ltr'>M.</span> <span class='ocrx_word' id='word_1_238' title='bbox 654 2175 707 2214; x_wconf 88' lang='lat' dir='ltr'>T.</span> <span class='ocrx_word' id='word_1_239' title='bbox 741 2176 790 2214; x_wconf 86' lang='lat' dir='ltr'>C.</span> <span class='ocrx_word' id='word_1_240' title='bbox 824 2175 869 2214; x_wconf 92' lang='lat' dir='ltr'>P.</span> <span class='ocrx_word' id='word_1_241' title='bbox 903 2175 1199 2215; x_wconf 82' lang='lat' dir='ltr'>LENTULO</span> <span class='ocrx_word' id='word_1_242' title='bbox 1232 2176 1483 2214; x_wconf 67' lang='lat' dir='ltr'>Pnoeos.</span> <span class='ocrx_word' id='word_1_243' title='bbox 1518 2176 1556 2214; x_wconf 91' lang='lat' dir='ltr'>S.</span> <span class='ocrx_word' id='word_1_244' title='bbox 1590 2178 1646 2216; x_wconf 86' lang='lat' dir='ltr'>D.</span> 
     </span>
    </p>
   </div>
   <div class='ocr_carea' id='block_1_4' title="bbox 408 2305 1801 2625">
    <p class='ocr_par' dir='ltr' id='par_1_5' title="bbox 408 2305 1799 2392">
     <span class='ocr_line' id='line_1_28' title="bbox 408 2305 1799 2392; baseline 0.003 -49"><span class='ocrx_word' id='word_1_245' title='bbox 408 2305 483 2343; x_wconf 88' lang='lat' dir='ltr'>VI.</span> <span class='ocrx_word' id='word_1_246' title='bbox 504 2305 578 2392; x_wconf 78' lang='lat' dir='ltr'>Q</span> <span class='ocrx_word' id='word_1_247' title='bbox 594 2305 633 2343; x_wconf 95' lang='lat' dir='ltr'>U</span> <span class='ocrx_word' id='word_1_248' title='bbox 648 2306 698 2343; x_wconf 92' lang='lat' dir='ltr'><strong>AE</strong></span> <span class='ocrx_word' id='word_1_249' title='bbox 718 2313 918 2357; x_wconf 88' lang='lat' dir='ltr'>gerantur,</span> <span class='ocrx_word' id='word_1_250' title='bbox 940 2305 1109 2359; x_wconf 87' lang='lat' dir='ltr'>accipies</span> <span class='ocrx_word' id='word_1_251' title='bbox 1130 2319 1177 2344; x_wconf 85' lang='lat' dir='ltr'>ex</span> <span class='ocrx_word' id='word_1_252' title='bbox 1199 2305 1406 2350; x_wconf 80' lang='lat' dir='ltr'>Pollione3</span> <span class='ocrx_word' id='word_1_253' title='bbox 1429 2307 1499 2360; x_wconf 89' lang='lat' dir='ltr'>qui</span> <span class='ocrx_word' id='word_1_254' title='bbox 1519 2305 1707 2346; x_wconf 85' lang='lat' dir='ltr'>omnibus</span> <span class='ocrx_word' id='word_1_255' title='bbox 1728 2321 1799 2347; x_wconf 81' lang='lat' dir='ltr'>ne-</span> 
     </span>
    </p>

    <p class='ocr_par' dir='ltr' id='par_1_6' title="bbox 408 2372 1801 2625">
     <span class='ocr_line' id='line_1_29' title="bbox 611 2372 1799 2428; baseline 0.003 -18"><span class='ocrx_word' id='word_1_256' title='bbox 611 2372 730 2423; x_wconf 89' lang='lat' dir='ltr'>gotiis</span> <span class='ocrx_word' id='word_1_257' title='bbox 752 2386 832 2411; x_wconf 90' lang='lat' dir='ltr'>non</span> <span class='ocrx_word' id='word_1_258' title='bbox 852 2373 1036 2412; x_wconf 90' lang='lat' dir='ltr'>interfuit</span> <span class='ocrx_word' id='word_1_259' title='bbox 1056 2374 1199 2419; x_wconf 90' lang='lat' dir='ltr'>solum,</span> <span class='ocrx_word' id='word_1_260' title='bbox 1230 2374 1294 2412; x_wconf 90' lang='lat' dir='ltr'>sed</span> <span class='ocrx_word' id='word_1_261' title='bbox 1314 2374 1488 2428; x_wconf 82' lang='lat' dir='ltr'>praefuit.</span> <span class='ocrx_word' id='word_1_262' title='bbox 1536 2376 1607 2413; x_wconf 90' lang='lat' dir='ltr'>Me</span> <span class='ocrx_word' id='word_1_263' title='bbox 1627 2376 1668 2413; x_wconf 93' lang='lat' dir='ltr'>in</span> <span class='ocrx_word' id='word_1_264' title='bbox 1690 2376 1799 2414; x_wconf 87' lang='lat' dir='ltr'>sum-</span> 
     </span>
     <span class='ocr_line' id='line_1_30' title="bbox 409 2435 1799 2493; baseline 0.004 -20"><span class='ocrx_word' id='word_1_265' title='bbox 409 2449 475 2474; x_wconf 85' lang='lat' dir='ltr'>mo</span> <span class='ocrx_word' id='word_1_266' title='bbox 495 2435 644 2482; x_wconf 86' lang='lat' dir='ltr'>dolore,</span> <span class='ocrx_word' id='word_1_267' title='bbox 669 2451 788 2489; x_wconf 89' lang='lat' dir='ltr'>quem</span> <span class='ocrx_word' id='word_1_268' title='bbox 809 2439 851 2477; x_wconf 91' lang='lat' dir='ltr'>in</span> <span class='ocrx_word' id='word_1_269' title='bbox 872 2440 950 2478; x_wconf 89' lang='lat' dir='ltr'>tuis</span> <span class='ocrx_word' id='word_1_270' title='bbox 973 2440 1087 2479; x_wconf 89' lang='lat' dir='ltr'>rebus</span> <span class='ocrx_word' id='word_1_271' title='bbox 1109 2442 1237 2493; x_wconf 90' lang='lat' dir='ltr'>capio,</span> <span class='ocrx_word' id='word_1_272' title='bbox 1259 2442 1432 2480; x_wconf 83' lang='lat' dir='ltr'>maxime</span> <span class='ocrx_word' id='word_1_273' title='bbox 1453 2442 1603 2480; x_wconf 91' lang='lat' dir='ltr'>scilicet</span> <span class='ocrx_word' id='word_1_274' title='bbox 1623 2442 1799 2480; x_wconf 86' lang='lat' dir='ltr'>consola-</span> 
     </span>
     <span class='ocr_line' id='line_1_31' title="bbox 409 2502 1801 2560; baseline 0.004 -21"><span class='ocrx_word' id='word_1_275' title='bbox 409 2513 474 2540; x_wconf 89' lang='lat' dir='ltr'>tur</span> <span class='ocrx_word' id='word_1_276' title='bbox 500 2502 599 2555; x_wconf 88' lang='lat' dir='ltr'>spes,</span> <span class='ocrx_word' id='word_1_277' title='bbox 631 2503 739 2555; x_wconf 90' lang='lat' dir='ltr'>quod</span> <span class='ocrx_word' id='word_1_278' title='bbox 765 2504 875 2543; x_wconf 90' lang='lat' dir='ltr'>valde</span> <span class='ocrx_word' id='word_1_279' title='bbox 907 2506 1081 2559; x_wconf 84' lang='lat' dir='ltr'>suspicor</span> <span class='ocrx_word' id='word_1_280' title='bbox 1112 2506 1210 2552; x_wconf 86' lang='lat' dir='ltr'>fore,</span> <span class='ocrx_word' id='word_1_281' title='bbox 1243 2516 1287 2545; x_wconf 93' lang='lat' dir='ltr'>ut</span> <span class='ocrx_word' id='word_1_282' title='bbox 1319 2507 1559 2560; x_wconf 81' lang='lat' dir='ltr'>infringatur</span> <span class='ocrx_word' id='word_1_283' title='bbox 1588 2506 1801 2545; x_wconf 90' lang='lat' dir='ltr'>hominum</span> 
     </span>
     <span class='ocr_line' id='line_1_32' title="bbox 408 2568 1800 2625; baseline 0.003 -19"><span class='ocrx_word' id='word_1_284' title='bbox 408 2568 641 2621; x_wconf 86' lang='lat' dir='ltr'>improbitas</span> <span class='ocrx_word' id='word_1_285' title='bbox 676 2577 715 2608; x_wconf 91' lang='lat' dir='ltr'>et</span> <span class='ocrx_word' id='word_1_286' title='bbox 750 2570 921 2610; x_wconf 80' lang='lat' dir='ltr'>confiliis</span> <span class='ocrx_word' id='word_1_287' title='bbox 957 2581 1118 2612; x_wconf 86' lang='lat' dir='ltr'>tuorum</span> <span class='ocrx_word' id='word_1_288' title='bbox 1152 2573 1388 2619; x_wconf 78' lang='lat' dir='ltr'>amicorum,</span> <span class='ocrx_word' id='word_1_289' title='bbox 1420 2582 1458 2612; x_wconf 89' lang='lat' dir='ltr'>et</span> <span class='ocrx_word' id='word_1_290' title='bbox 1491 2572 1572 2624; x_wconf 85' lang='lat' dir='ltr'>ipsa</span> <span class='ocrx_word' id='word_1_291' title='bbox 1605 2572 1682 2618; x_wconf 86' lang='lat' dir='ltr'>die,</span> <span class='ocrx_word' id='word_1_292' title='bbox 1714 2585 1800 2625; x_wconf 78' lang='lat' dir='ltr'>quae</span> 
     </span>
    </p>
   </div>
  </div>
 </body>
</html>
