2351 2997
559 223 651 261 AD
710 221 1177 261 FAMILIARES
1238 223 1369 261 LIB.
1420 224 1537 262 XIII.
1666 242 1741 280 337

356 320 458 374 npud
480 330 515 359 te
546 320 673 358 nihilo
700 320 831 358 minus
862 319 938 358 hoc
968 331 1142 374 tempore
1172 323 1294 360 valere
1324 336 1387 360 me
1417 323 1588 368 confido,
1620 338 1739 376 quam

357 387 546 425 valuerim
567 387 716 438 semper
735 386 836 439 apud
858 400 1017 432 omnes;
1041 401 1111 440 pro
1133 388 1259 426 nostra
1278 388 1429 426 summa
1449 389 1740 433 neceffitudine,

358 452 519 503 parique
540 451 641 488 inter
663 465 731 489 nos
754 461 791 488 et
812 460 950 489 mutua
972 452 1256 497 benevolentia,
1283 453 1349 491 abs
1372 462 1409 491 te
1428 463 1534 506 peto,
1559 464 1602 491 ut
1623 455 1676 491 ita
1697 454 1743 491 de

359 516 621 554 Volaterranis
643 531 825 562 mereare,
858 526 901 555 ut
922 518 1159 563 existiment,
1190 532 1281 556 eum
1301 520 1406 571 quafi
1427 519 1560 557 divino
1581 520 1743 557 consilio

358 580 419 618 isti
440 582 598 633 negotio
620 582 867 634 praepofitum
888 582 973 626 effe,
991 583 1094 635 apud
1110 596 1230 634 quem
1247 597 1371 621 unum
1392 597 1477 628 nos,
1496 598 1631 622 eorum
1654 599 1741 637 per-

357 647 467 697 petui
488 646 720 692 defensores,
751 648 972 699 plurimum
993 648 1116 685 valere
1136 648 1351 698 poffumus.
1385 649 1495 686 Vale.

492 849 554 886 M.
588 850 642 888 T.
675 850 724 888 C.
758 849 1079 900 QVALERm,
1120 850 1254 901 QF.
1289 851 1454 895 ORcAE,
1492 851 1606 888 Lm.

803 916 1054 952 PROPRAET.
1098 916 1135 953 S.
1170 917 1214 954 P.
1250 916 1303 954 D.

361 1042 412 1081 V.
438 1041 524 1114 N
541 1043 577 1080 O
593 1043 635 1080 N
666 1042 824 1081 moleste
854 1041 951 1087 fero,
983 1057 1066 1081 eam
1089 1043 1424 1089 necessitudinem,
1455 1058 1541 1096 quae
1561 1043 1664 1081 mihi
1686 1053 1742 1082 te«

556 1121 648 1145 cum
669 1107 735 1152 est,
768 1116 901 1145 notam
922 1107 994 1146 effe
1014 1123 1132 1160 quam
1155 1109 1337 1161 plurimis
1355 1125 1363 1147 :
1397 1124 1522 1161 neque
1545 1119 1673 1147 tamen
1695 1109 1746 1146 ob

355 1187 444 1212 eam
466 1173 617 1212 causam
637 1173 762 1224 (quod
784 1183 824 1211 tu
847 1174 996 1225 optime
1016 1174 1234 1212 existimare
1254 1175 1383 1227 potes)
1405 1185 1439 1212 te
1461 1175 1649 1226 impedio,
1667 1188 1747 1225 quo

361 1241 493 1277 minus
516 1238 737 1290 susceptum
758 1240 978 1290 negotium,
1010 1253 1080 1291 pro
1102 1249 1167 1278 tua
1189 1240 1263 1278 fide
1284 1250 1322 1278 et
1347 1241 1566 1292 diligentia,
1599 1255 1645 1278 ex
1675 1254 1745 1277 vo-

359 1306 510 1343 luntate
531 1304 705 1349 Caesaris,
741 1306 810 1356 qui
828 1305 902 1342 tibi
923 1319 1006 1342 rem
1027 1319 1207 1358 magnam
1230 1306 1514 1359 difficilemque
1535 1306 1746 1349 commisit,

359 1384 490 1422 gerere
510 1369 639 1422 poffis.
687 1370 808 1413 Nam,
840 1382 932 1406 cum
963 1370 1082 1408 multi
1111 1384 1131 1408 a
1157 1385 1220 1408 me
1247 1380 1381 1423 petant
1402 1373 1541 1417 multa,
1573 1372 1680 1424 quod
1702 1373 1748 1409 de

360 1447 427 1474 tua
446 1450 535 1488 erga
556 1449 618 1473 me
638 1435 839 1473 voluntate
861 1449 937 1473 non
961 1436 1173 1482 dubitent;
1206 1451 1283 1475 non
1306 1439 1531 1483 committo,
1554 1448 1598 1476 ut
1618 1438 1746 1476 ambi-

360 1503 467 1540 tione
499 1515 584 1539 mea
613 1501 847 1539 conturbem
878 1501 1055 1540 officium
1088 1511 1218 1541 tuum.
1266 1504 1314 1541 C.
1340 1504 1481 1541 Curtio
1508 1503 1555 1541 ab
1587 1503 1749 1541 ineunte

361 1576 470 1606 aetate
491 1565 785 1604 familiarissime
806 1566 891 1603 sum
914 1566 1017 1604 usus.
1065 1568 1162 1619 Ejus
1185 1576 1222 1606 et
1245 1568 1392 1619 Syllani
1414 1570 1601 1621 temporis
1623 1569 1747 1621 injus—

361 1632 502 1669 tiffima
522 1630 742 1668 calamitate
762 1630 899 1674 dolui;
932 1640 970 1668 et
991 1644 1083 1669 cum
1103 1632 1167 1676 iis,
1199 1634 1267 1684 qui
1289 1633 1455 1671 similem
1477 1634 1662 1686 injuriam
1683 1648 1748 1672 ac-

363 1704 559 1748 ceperant,
591 1695 731 1732 amiffis
759 1695 945 1733 omnibus
975 1695 1161 1741 fortunis,
1194 1697 1340 1735 reditus
1363 1707 1492 1735 tamen
1521 1699 1561 1735 in
1584 1699 1750 1750 patriam

361 1763 563 1800 voluntate
598 1762 779 1799 omnium
814 1762 977 1800 concedi
1012 1762 1221 1808 videretur,
1267 1764 1421 1816 adjutor
1460 1764 1748 1803 incolumitatis

363 1827 436 1866 fui.
485 1829 521 1864 Is
550 1826 667 1864 habet
698 1827 737 1863 in
767 1828 1022 1865 Volaterrano
1050 1827 1330 1880 possessionem,
1363 1844 1454 1867 cum
1482 1831 1523 1867 in
1553 1844 1639 1867 eam
1661 1839 1749 1867 tan-

359 1906 482 1945 quam
511 1906 532 1929 e
563 1891 765 1943 naufragio
793 1892 974 1944 reliquias
1004 1893 1241 1932 contulifl'et.
1289 1895 1382 1933 Hoc
1414 1905 1544 1932 autem
1575 1905 1750 1948 tempore

356 1972 453 1996 -eum
475 1957 599 1995 Caesar
620 1958 660 1994 in
683 1957 856 1995 senatum
878 1958 1002 2010 legit:
1036 1973 1154 2011 quem
1186 1959 1366 1998 ordinem
1400 1960 1481 2005 ille,
1513 1960 1581 1998 ista
1608 1961 1749 2013 poffes-

363 2024 466 2061 sione
485 2023 633 2067 omiss'a,
667 2024 766 2060 tueri
798 2024 863 2061 vix
896 2025 1034 2076 potest.
1082 2025 1362 2064 Gravissimum
1396 2035 1527 2064 autem
1559 2027 1626 2071 est,
1658 2041 1750 2065 cum

364 2089 536 2141 superior
557 2087 679 2125 factus
702 2089 746 2125 sit
767 2089 917 2133 ordine,
949 2089 1176 2128 inferiorem
1199 2091 1270 2129 effe
1290 2091 1473 2136 fortuna3
1507 2093 1752 2146 minimeque

363 2155 563 2198 convenit,
586 2168 632 2191 ex
654 2167 699 2191 eo
720 2168 825 2205 agro,
849 2156 917 2205 qui
941 2156 1097 2193 Caesaris
1114 2156 1219 2207 jussu
1242 2157 1450 2203 dividatur,
1474 2172 1564 2196 eum
1585 2160 1748 2203 moveri,

364 2221 434 2272 qui
456 2219 611 2257 Caesaris
636 2219 826 2257 beneficio
848 2221 996 2258 senator
1019 2221 1076 2258 fit.
1125 2221 1196 2259 Sed
1224 2221 1326 2259 mihi
1354 2224 1486 2261 minus
1508 2224 1606 2261 libet
1627 2226 1752 2262 multa

365 2286 411 2323 de
433 2285 613 2336 aequitate
635 2285 688 2322 rei
717 2285 896 2330 scribere,
928 2300 976 2324 ne
1006 2287 1116 2324 causa
1142 2288 1274 2340 potius
1305 2289 1406 2341 apud
1438 2298 1474 2326 te
1504 2290 1660 2327 valuiffe
1691 2291 1750 2326 vi-

365 2351 467 2395 dear,
500 2364 617 2401 quam
648 2352 783 2401 gratia.
831 2353 1102 2407 Qamobrem
1126 2362 1163 2391 te
1183 2354 1223 2391 in
1246 2355 1434 2406 majorem
1455 2355 1618 2393 modum
1642 2369 1748 2406 rogo,

365 2425 408 2453 ut
432 2416 480 2452 C.
507 2415 639 2452 Curtii
660 2428 742 2452 rem
764 2429 891 2453 meam
912 2426 1025 2469 putes
1046 2417 1118 2455 effe
1137 2433 1145 2456 :
1178 2418 1374 2471 quidquid
1402 2433 1487 2457 mea
1516 2420 1625 2457 causa
1644 2419 1749 2456 face-

365 2493 439 2525 res,
468 2488 511 2515 ut
533 2478 572 2515 id
596 2480 643 2516 C.
670 2480 801 2518 Curtii
823 2481 932 2519 causa
952 2495 1043 2519 cum
1065 2481 1217 2528 feceris,
1239 2483 1450 2528 existimes,
1473 2483 1578 2536 quod
1598 2483 1665 2521 ille
1686 2496 1753 2535 per

450 2545 588 2582 TOM.
622 2545 717 2583 VII.
1365 2548 1401 2584 V
1431 2562 1454 2585 v
