2351 2997
638 249 729 289 AD
788 247 1250 287 FAMILIARES
1310 249 1440 287 LIB.
1489 251 1562 288 111.
1744 267 1792 305 73

414 351 517 404 plus,
549 362 666 401 quam
698 361 911 401 acceperas,
944 347 1156 385 reddidisti.
1201 348 1302 398 Qis
1324 348 1429 387 enim
1450 348 1496 385 ad
1518 362 1581 386 me
1602 363 1679 386 non
1702 364 1789 401 pcr-

414 415 576 468 scripfit,
608 423 645 452 te
666 428 744 452 non
766 414 892 453 solum
913 415 1137 452 auctoritate
1157 413 1358 458 orationis,
1390 414 1579 452 sententia
1598 424 1677 460 tua,
1700 417 1790 467 qui-

413 481 486 519 bus
507 493 579 532 ego
600 494 620 518 a
640 481 708 518 tali
735 480 818 518 viro
842 488 1050 518 contentus
1071 493 1189 524 eram,
1221 479 1284 517 sed
1310 480 1428 518 etiam
1454 494 1582 533 opera,
1614 481 1790 526 consilio,

412 545 578 584 domum
609 545 814 591 veniendo,
846 546 1123 584 conveniendis
1155 546 1269 590 meis,
1305 546 1463 584 nullum
1494 560 1637 584 munus
1670 547 1792 585 officii

413 611 600 663 cuiquam
628 611 825 663 reliquum
854 610 1013 648 feciffe?
1046 611 1143 647 Haec
1176 608 1276 647 mihi
1307 611 1496 662 ampliora
1526 611 1655 649 multo
1686 611 1789 657 sunt,

412 690 533 729 quam
554 677 621 714 illa
641 676 733 729 ipsa,
756 685 914 729 propter
934 690 1019 728 quae
1040 674 1123 713 haec
1143 675 1381 713 laborantur.
1406 676 1574 727 Infignia
1588 677 1694 714 enim
1710 678 1790 714 vir-

414 743 509 780 tutis
538 742 656 779 multi
682 742 800 779 etiam
830 742 909 779 fine
940 742 1084 779 virtute
1110 740 1267 778 affecuti
1298 740 1414 786 sunt;
1447 741 1587 779 talium
1618 743 1792 780 virorum

412 815 520 845 tanta
549 807 672 845 studia
702 807 845 859 affequi
876 806 954 844 sola
984 806 1106 844 virtus
1140 805 1276 858 potest.
1321 807 1458 858 Itaque
1485 805 1586 844 mihi
1613 820 1791 859 propono

412 871 586 910 frustum
607 873 789 911 amicitiae
816 872 950 910 nostrae
972 872 1093 924 ipsam
1120 871 1350 916 amicitiam,
1382 885 1458 924 qua
1484 871 1585 909 nihil
1613 872 1666 909 est
1692 872 1789 910 ube-

413 937 508 982 rius,
539 937 750 990 praesertim
771 938 812 975 in
833 937 880 975 iis
902 936 1052 981 studiis,
1084 936 1228 988 quibus
1249 945 1412 989 uterque
1434 936 1607 974 nostrum
1629 936 1790 975 devinc-

414 1011 476 1040 tus
498 1002 563 1041 est.
602 1003 709 1040 Nam
730 1002 804 1040 tibi
825 1016 887 1040 me
908 1002 1093 1055 profiteor
1111 1010 1149 1039 et
1169 1002 1209 1039 in
1231 1002 1432 1053 republica
1453 1002 1617 1047 socium,
1649 1002 1695 1040 de
1716 1017 1793 1055 qua

413 1067 518 1106 idem
539 1067 742 1112 sentimus,
773 1076 811 1105 et
831 1069 871 1105 in
893 1067 1118 1118 quotidiana
1138 1067 1217 1104 vita
1237 1067 1494 1118 conjunc‘tum
1514 1081 1606 1106 cum
1627 1068 1674 1105 iis
1695 1069 1790 1106 arti-

415 1133 486 1170 bus
508 1132 732 1184 studiisque,
751 1147 836 1185 quae
857 1133 1040 1170 colimus.
1074 1132 1207 1170 Velim
1228 1132 1280 1169 ita
1299 1131 1457 1170 fortuna
1478 1132 1635 1177 tuliffet,
1653 1134 1793 1185 quanti

412 1210 486 1249 ego
506 1210 640 1234 omnes
663 1206 749 1235 tuos
771 1197 887 1242 facio,
919 1198 977 1234 uti
1009 1206 1051 1234 tu
1081 1210 1188 1234 meos
1209 1196 1333 1234 facere
1353 1197 1474 1249 poffes
1493 1212 1501 1235 :
1535 1198 1641 1250 quod
1661 1207 1792 1236 tamen

413 1261 557 1314 ipsum,
590 1261 718 1299 nescio
744 1275 821 1312 qua
846 1269 1046 1314 permotus
1073 1262 1196 1298 animi
1222 1261 1476 1306 divinatione,
1507 1275 1586 1300 non
1617 1262 1789 1315 despero.

415 1326 488 1364 Sed
507 1325 583 1364 hoc
605 1326 705 1364 nihil
727 1326 773 1363 ad
794 1335 831 1364 te
849 1342 858 1364 ι
892 1326 1066 1364 nostrum
1086 1326 1139 1363 est
1159 1340 1272 1364 onus.
1315 1327 1419 1364 Illud
1441 1328 1560 1365 velim
1581 1328 1630 1366 fic
1650 1327 1791 1367 habeas

415 1392 542 1444 (quod
575 1392 791 1443 intelliges)
828 1391 900 1429 hac
936 1405 974 1429 re
1009 1400 1147 1429 novata
1180 1391 1358 1430 additum
1392 1393 1523 1444 potius
1558 1393 1707 1446 aliquid
1745 1394 1793 1431 ad

414 1470 548 1495 meum
568 1471 658 1509 erga
678 1466 714 1495 te
735 1456 921 1502 studium,
952 1456 1017 1494 cui
1047 1456 1149 1494 nihil
1178 1456 1382 1495 videbatur
1410 1457 1499 1495 addi
1524 1458 1641 1510 poffe,
1672 1472 1792 1510 quam

414 1523 632 1575 quidquam
652 1522 723 1560 effe
744 1522 973 1561 detraGmm.
1022 1523 1127 1560 Cum
1147 1521 1229 1560 haec
1251 1523 1481 1568 scribebam,
1514 1523 1725 1562 Censorem
1755 1534 1793 1562 te

408 1590 493 1641 jam
513 1588 584 1627 effe
604 1588 802 1641 sperabam
820 1604 828 1627 :
861 1602 906 1626 eo
927 1588 1080 1625 brevior
1099 1588 1152 1626 est
1172 1587 1254 1626 haec
1273 1589 1447 1641 epistola,
1477 1598 1530 1635 et,
1552 1598 1596 1628 ut
1616 1589 1791 1629 adversus

412 1653 641 1705 magistrum
662 1667 834 1699 morum,
865 1652 1087 1692 modestior.
1120 1653 1229 1691 Vale.

498 2576 638 2614 Tom.
671 2573 765 2613 VIL
1462 2573 1498 2609 K
