2351 2997
552 294 630 345 416
899 295 1581 334 EPISTOLARUM

552 410 631 434 non
653 395 861 447 indignum
882 394 1043 439 honore,
1062 394 1199 432 ufitato
1220 394 1444 446 praesertim,
1462 394 1788 433 existimaturum.
1813 395 1930 447 Qod

552 464 578 501 fi
600 464 653 500 ita
671 463 758 505 erit,
781 470 934 498 tantum
954 473 1001 497 ex
1023 469 1059 496 te
1080 468 1170 510 peto
1191 459 1298 510 quod
1318 459 1546 496 amicisfime
1567 460 1716 506 scribis,
1747 470 1804 506 ut,
1837 475 1929 499 cum

551 536 620 564 tuo
635 526 802 577 judicio,
820 524 926 576 quod
946 522 1225 575 ampliffimum
1246 522 1317 559 effe
1337 523 1546 567 arbitraris,
1565 523 1664 561 mihi
1687 525 1882 569 tribueris,
1901 526 1927 562 fi

549 592 589 629 id
611 590 715 642 quod
736 589 909 627 maluero
929 587 1126 631 acciderit,
1144 587 1322 638 gaudeas.
1357 588 1417 625 Sic
1439 588 1544 625 enim
1565 587 1694 626 feciffe
1714 598 1765 633 te,
1783 599 1820 627 et
1842 590 1927 628 sen-

550 656 643 701 fisse,
674 665 712 693 et
731 655 858 693 verius
880 653 1073 706 scripfiffe,
1096 653 1237 697 vide03
1271 653 1402 704 resque
1424 653 1504 705 ipsa
1524 653 1690 697 declarat
1711 654 1783 691 tibi
1809 655 1926 692 illum

549 722 740 760 honorem
769 720 943 758 nostrum
971 718 1265 772 supplicationis
1290 718 1515 770 jucundum
1543 718 1666 763 fuiffe,
1699 720 1805 772 quod
1833 720 1926 757 scri-

549 787 678 826 bendo
698 786 853 824 affuisti.
887 786 985 823 Haec
1005 785 1111 823 enim
1133 784 1485 822 senatus-consulta
1501 797 1579 821 non
1601 786 1738 836 ignoro
1759 785 1805 822 ab
1827 786 1927 823 ami-

548 852 708 890 ciffimis
735 852 833 903 ejus,
864 851 976 901 cujus
1004 849 1050 886 de
1076 848 1224 886 honore
1250 849 1392 899 agitur,
1424 848 1539 885 scribi
1568 848 1700 887 solere.
1751 851 1852 901 Ego,
1885 859 1928 886 ut

549 918 673 970 spero,
705 925 742 954 te
769 915 995 967 propediem
1022 913 1176 958 videbo,
1208 922 1323 965 atque
1352 914 1502 951 utinam
1530 914 1731 966 republica
1751 915 1924 959 meliore,

546 995 670 1038 quam
691 981 824 1020 timeo.
862 980 972 1018 Vale.

628 1185 697 1223 M.
730 1185 783 1222 Τ.
817 1185 864 1222 C.
899 1183 1087 1221 PRocos.
1134 1183 1182 1220 C.
1216 1181 1483 1220 NIARCELLO
1520 1183 1622 1221 Cos.
1658 1193 1843 1219 DESIGN„

1136 1248 1173 1285 S.
1207 1247 1251 1285 P.
1286 1248 1338 1285 De

549 1378 645 1417 Vn,
669 1378 808 1450 MA
823 1377 859 1415 X
874 1379 891 1416 I
906 1378 955 1415 M
970 1378 1006 1414 A
1037 1376 1120 1414 sum
1141 1376 1276 1414 laetitia
1301 1374 1475 1420 affeetu&
1508 1389 1601 1413 cum
1621 1374 1752 1413 audivi
1772 1383 1810 1412 te
1830 1387 1926 1413 con-

791 1444 914 1481 sulem
934 1442 1081 1480 faetum
1102 1441 1201 1486 efl‘e5
1233 1454 1402 1492 eumque
1425 1439 1616 1478 honorem
1638 1440 1710 1477 tibi
1732 1439 1822 1477 deos
1843 1439 1926 1477 for-

547 1519 686 1548 tunare
705 1510 810 1554 volo,
837 1518 953 1561 atque
973 1522 993 1546 a
1013 1517 1050 1546 te
1070 1520 1140 1560 pro
1162 1516 1227 1545 tua
1245 1506 1490 1560 parentisque
1512 1506 1569 1544 tui
1590 1505 1780 1557 dignitate
1800 1505 1929 1544 admi-

548 1575 714 1613 nistrari.
747 1575 853 1613 Nam
873 1588 965 1612 cum
987 1583 1024 1612 te
1045 1573 1194 1625 semper
1212 1573 1336 1610 amavi
1357 1571 1570 1622 dilexique,
1589 1580 1675 1609 tum
1695 1571 1773 1608 mei
1793 1583 1928 1609 aman-

547 1641 738 1679 tiffimum
759 1641 925 1692 cognovi
946 1640 987 1677 in
1008 1640 1118 1677 omni
1138 1639 1318 1677 varietate
1334 1650 1463 1676 rerum
1484 1650 1682 1682 mearum;
1706 1646 1790 1674 tum
1807 1637 1926 1689 patris

548 1708 609 1745 tui
628 1707 808 1759 pluribus
837 1705 1051 1750 beneficiis,
1082 1705 1142 1742 vel
1168 1704 1347 1742 defensus
1377 1702 1550 1740 tristibus
1578 1701 1837 1754 temporibus,
1868 1702 1929 1740 vel

547 1780 705 1810 ornatus
726 1771 918 1816 secundis,
940 1780 978 1808 et
999 1770 1083 1808 sum
1106 1779 1210 1808 totus
1231 1770 1363 1813 vester,
1386 1777 1424 1806 et
1444 1768 1515 1806 effe
1535 1767 1681 1806 debeo:
1714 1781 1806 1805 cum
1826 1781 1927 1820 prae-

550 1838 681 1875 sertim
701 1838 835 1876 matris
861 1846 951 1882 tuae,
982 1836 1208 1888 graviffimae
1234 1845 1351 1887 atque
1377 1834 1536 1886 optimae
1563 1833 1751 1878 foeminae,
1783 1834 1929 1884 majora

548 1916 638 1954 erga
657 1903 819 1940 salutem
846 1902 1157 1953 dignitatemque
1184 1915 1312 1939 meam
1337 1899 1475 1944 studia,
1508 1912 1625 1951 quam
1652 1907 1760 1935 erant
1787 1912 1806 1935 a
1833 1912 1924 1936 mu-

546 1968 640 2005 liere
660 1966 900 2018 postulanda,
931 1959 1205 2018 perspexerim.
1252 1966 1501 2016 Qapropter
1527 1976 1548 2000 a
1568 1971 1605 2000 te
1625 1971 1716 2014 peto
1737 1962 1924 2013 majorem

545 2033 588 2071 in
610 2032 788 2077 modum,
820 2040 863 2070 ut
883 2044 945 2069 me
965 2030 1163 2069 absentem
1184 2030 1322 2082 diligas
1343 2038 1458 2080 atque
1479 2027 1676 2066 defendas.
1710 2027 1821 2067 Vale.

574 2235 641 2273 M.
674 2235 727 2273 T.
761 2234 809 2272 C.
842 2233 978 2272 PRoc.
1023 2234 1072 2272 C.
1105 2231 1370 2270 NIARCELLO
1418 2230 1650 2268 COLLEGAE
1696 2229 1733 2267 S.
1768 2229 1812 2266 P.
1846 2229 1899 2266 D.

548 2363 666 2402 VIII.
692 2360 1160 2435 MARCELLUM
1190 2368 1304 2397 tuum
1326 2358 1525 2396 consulem
1555 2356 1716 2402 factum,
1749 2367 1864 2409 teque
1884 2370 1926 2394 ea

572 2477 576 2481 .
813 2427 948 2464 laetitia
967 2425 1148 2463 affeci-um
1169 2424 1255 2468 effe,
1271 2437 1390 2476 quam
1411 2424 1581 2461 maxime
1603 2422 1754 2474 optasti,
1777 2422 1924 2458 miran-

547 2494 646 2533 dum
665 2494 706 2532 in
725 2491 891 2531 modum
909 2490 1086 2543 gaudeo;
1119 2490 1238 2542 idque
1258 2503 1349 2527 cum
1371 2490 1486 2541 ipsius
1509 2487 1631 2532 causa,
1655 2496 1740 2524 tum
1762 2486 1866 2538 quod
1888 2495 1924 2522 te

546 2559 735 2601 omnibus
763 2557 1042 2598 secundiffimis
1073 2555 1186 2595 rebus
1217 2554 1485 2608 digniffimum
1509 2553 1661 2606 judico,
1698 2553 1809 2604 cujus
1838 2564 1926 2602 erga
