2351 2997
684 317 775 355 AD
834 315 1297 354 FAMILIARES
1357 317 1489 356 LIB.
1543 319 1615 356 IX.
1763 332 1834 358 221

459 429 549 468 erga
568 428 631 453 me
651 424 781 453 tantus
803 414 973 460 accedat,
1004 415 1172 460 miraris,
1204 428 1267 452 me
1297 423 1403 453 tanta
1423 415 1714 467 perturbatione
1734 417 1838 454 vale-

460 481 608 519 tudinis
631 489 704 518 tuae
725 489 803 518 tam
820 482 987 532 graviter
1001 482 1267 518 exanimatum
1284 479 1418 518 fuisse?
1441 481 1561 532 Qod
1577 490 1707 519 autem
1723 482 1840 519 altera

459 545 618 598 epistola
633 559 773 598 purgas
791 555 842 591 te,
861 559 939 584 non
957 546 1201 584 dissuasorem
1219 545 1320 584 mihi
1340 547 1552 598 emptionis
1570 548 1840 599 Neapolitanae

459 609 586 656 fuiffe,
616 611 679 648 sed
700 613 895 649 aucstorem
916 612 1235 649 commorationis
1259 611 1440 655 urbanae;
1473 626 1598 664 neque
1627 626 1700 664 ego
1729 613 1840 650 aliter

459 676 606 728 accepi.
649 676 835 714 Intellexi
867 686 995 714 tamen
1029 676 1148 722 idern,
1180 676 1286 729 quod
1306 675 1368 714 his
1388 677 1570 729 intelligo
1590 677 1728 723 literis,
1760 691 1839 716 non

459 742 685 780 existimasse
706 751 743 779 te
763 741 864 779 mihi
884 742 1015 786 licere,
1045 742 1085 778 id
1106 742 1212 793 quod
1232 755 1305 793 ego
1325 742 1550 787 arbitrabar,
1582 756 1639 780 res
1666 742 1733 781 has
1759 757 1840 782 non

457 807 622 844 omnino
654 807 830 858 quidem,
861 807 923 845 sed
958 820 1139 858 magnam
1174 816 1338 859 partem,
1370 808 1601 858 relinquere.
1650 809 1839 847 Catulum

458 870 560 910 mihi
580 884 721 915 narras,
752 880 791 909 et
811 871 879 908 illa
898 881 1087 924 tempora.
1134 872 1244 923 Qid
1276 872 1398 909 simile
1418 873 1430 909 ?
1464 873 1527 910 Ne
1555 871 1655 909 mihi
1677 873 1838 924 quidem

458 937 528 989 ipfi
550 945 644 974 tunc
664 937 841 989 placebat
861 936 1008 975 diutius
1030 937 1152 975 abesse
1171 937 1219 975 ab
1240 937 1466 990 reipublicae
1486 937 1672 975 custodia.
1721 938 1837 975 Sede-

459 1003 595 1041 bamus
616 1003 723 1040 enim
743 1003 783 1040 in
804 1004 944 1056 puppi,
974 1012 1012 1041 et
1032 1004 1187 1041 clavum
1208 1004 1462 1041 tenebamus:
1496 1017 1601 1041 nunc
1622 1013 1751 1041 autem
1772 1005 1839 1042 vix

457 1067 510 1105 est
531 1068 571 1105 in
592 1067 740 1105 sentina
760 1067 884 1105 locus.
932 1069 997 1105 An
1025 1069 1156 1105 minus
1189 1068 1315 1106 multa
1334 1068 1686 1106 senatus-consulta
1707 1068 1839 1106 futura

457 1143 585 1186 putas,
617 1134 643 1171 fi
663 1148 735 1185 ego
756 1134 825 1172 fim
847 1135 1016 1187 Neapoli
1036 1137 1048 1173 ?
1081 1136 1218 1173 Romae
1246 1149 1338 1173 cum
1359 1135 1458 1180 sum,
1490 1145 1528 1173 et
1549 1149 1667 1187 urgeo
1688 1135 1835 1180 forum,

459 1199 812 1237 senatus-consulta
838 1199 1061 1238 scribuntur
1087 1201 1189 1253 apud
1209 1210 1421 1238 amatorem
1443 1210 1571 1245 tuum,
1603 1200 1837 1238 familiarem

458 1277 591 1302 meum
610 1279 619 1301 :
651 1273 689 1301 et
709 1263 885 1316 quidem,
917 1278 1009 1302 cum
1030 1266 1070 1302 in
1091 1274 1265 1303 mentem
1287 1266 1407 1310 venit,
1439 1279 1564 1317 ponor
1589 1266 1634 1303 ad
1662 1265 1836 1303 scriben-

457 1328 574 1374 dum3
597 1338 635 1366 et
654 1338 741 1366 ante
761 1329 875 1367 audio
891 1330 1294 1368 senatus-consultum
1315 1332 1355 1368 in
1377 1332 1607 1369 Armeniam
1629 1340 1666 1369 et
1688 1331 1838 1382 Syriam

457 1395 528 1432 effe
557 1395 765 1447 perlatum,
796 1396 902 1446 quod
929 1397 969 1433 in
998 1410 1124 1434 meam
1152 1397 1381 1434 sententiam
1408 1396 1556 1435 factum
1576 1398 1647 1435 effe
1668 1397 1834 1442 dicatur,

456 1473 575 1512 quam
596 1461 759 1498 omnino
780 1461 1023 1499 mentionem
1045 1462 1167 1499 ullam
1194 1461 1241 1499 de
1261 1475 1303 1499 ea
1330 1476 1368 1499 re
1400 1462 1471 1499 effe
1500 1462 1655 1501 faustam.
1702 1464 1837 1514 Atque

456 1525 532 1564 hoc
553 1526 678 1564 nolim
698 1540 761 1563 me
775 1527 899 1578 jocari
918 1536 1051 1579 putes:
1076 1541 1165 1565 nam
1182 1526 1284 1565 mihi
1305 1527 1401 1565 scito
1416 1529 1498 1579 jam
1520 1542 1539 1565 a
1560 1529 1715 1580 regibus
1738 1529 1835 1566 ulti-

457 1592 532 1629 mis
552 1591 683 1628 allatas
704 1591 775 1629 effe
796 1592 940 1637 literas,
969 1593 1114 1645 quibus
1134 1592 1235 1630 mihi
1256 1594 1395 1644 gratias
1417 1604 1546 1644 agant,
1569 1594 1674 1645 quod
1696 1594 1730 1631 se
1752 1607 1836 1631 mea

458 1656 645 1694 sententia
664 1670 770 1708 reges
791 1657 1092 1709 appellaverim;
1121 1672 1219 1709 quos
1240 1673 1313 1710 ego
1334 1673 1411 1696 non
1434 1659 1552 1697 modo
1572 1673 1677 1711 reges
1699 1660 1834 1711 appel-

458 1723 570 1766 latos,
600 1721 663 1759 sed
696 1723 860 1759 omnino
891 1732 1015 1767 natos,
1047 1723 1279 1762 nesciebam.
1327 1724 1436 1776 Qid
1468 1739 1560 1776 ergo
1589 1726 1672 1763 est?
1705 1735 1835 1763 tamen

457 1787 643 1839 quamdiu
665 1786 731 1824 hic
752 1788 824 1825 erit
846 1787 971 1825 noster
991 1787 1056 1826 hic
1073 1788 1274 1841 praefedtus
1292 1790 1483 1834 moribus,
1502 1791 1644 1841 parebo
1664 1791 1833 1827 audtori-

457 1853 526 1890 tati
548 1861 621 1890 tuae
639 1866 647 1889 :
681 1864 772 1888 cum
794 1866 883 1889 vero
903 1852 1040 1897 aberit,
1072 1854 1117 1890 ad
1138 1853 1281 1905 fungos
1304 1868 1366 1891 me
1388 1864 1476 1891 tuos
1498 1854 1711 1893 conferam.
1746 1856 1834 1892 Do·-

455 1931 566 1955 mum
587 1917 611 1953 s1
633 1915 800 1960 habebo,
832 1917 872 1953 in
900 1917 1018 1955 denos
1044 1918 1140 1963 dies,
1172 1919 1342 1970 singulos
1364 1919 1612 1971 sumptuariae
1634 1921 1730 1971 legis
1753 1920 1833 1957 dies

454 1981 680 2020 conferam:
714 1982 768 2019 fin
799 1991 931 2019 autem
957 1983 1089 2021 minus
1122 1985 1320 2030 invenero,
1352 1985 1458 2037 quod
1485 1986 1648 2037 placeat,
1681 1986 1833 2023 decrevi

454 2047 627 2085 habitare
647 2047 749 2099 apud
770 2056 806 2084 te
822 2066 833 2092 ;
848 2097 851 2099 μ
867 2047 945 2085 scio
965 2049 1071 2087 enirn
1094 2064 1156 2088 me
1177 2049 1278 2087 nihil
1300 2051 1373 2088 tibi
1394 2051 1540 2102 gratius
1569 2050 1693 2088 facere
1714 2051 1830 2103 posse,

456 2114 634 2150 Domum
652 2112 847 2162 Syllanam
864 2111 1218 2167 desperabamjam,
1237 2124 1281 2153 ut
1301 2115 1375 2153 tibi
1396 2116 1575 2168 proxime
1595 2116 1722 2168 scripsi
1738 2131 1746 2154 :
1770 2116 1833 2153 sed

456 2186 584 2214 tamen
606 2190 682 2213 non
705 2176 843 2228 abjeci.
885 2177 951 2214 Tu
971 2179 1105 2224 velim,
1138 2190 1181 2217 ut
1202 2180 1352 2225 scribis,
1383 2194 1477 2218 cum
1496 2181 1615 2219 fabris
1637 2194 1721 2218 eam
1741 2194 1830 2233 per=

456 2242 605 2294 spicias.
639 2241 677 2278 Si
697 2243 803 2279 enim
824 2239 925 2278 nihil
945 2242 997 2280 est
1018 2245 1057 2282 in
1079 2246 1292 2297 parietibus
1313 2255 1379 2284 aut
1399 2247 1440 2285 in
1462 2248 1562 2285 testo
1579 2247 1681 2290 vitii,
1698 2256 1833 2285 caetera

456 2307 555 2345 mihi
578 2306 861 2360 probabuntur.
893 2307 1003 2347 Vale,
