<?xml version="1.0" encoding="UTF-8"?>
<!DOCTYPE html PUBLIC "-//W3C//DTD XHTML 1.0 Transitional//EN"
    "http://www.w3.org/TR/xhtml1/DTD/xhtml1-transitional.dtd">
<html xmlns="http://www.w3.org/1999/xhtml" xml:lang="en" lang="en">
 <head>
  <title>
</title>
<meta http-equiv="Content-Type" content="text/html;charset=utf-8" />
  <meta name='ocr-system' content='tesseract 3.04.00' />
  <meta name='ocr-capabilities' content='ocr_page ocr_carea ocr_par ocr_line ocrx_word'/>
</head>
<body>
  <div class='ocr_page' id='page_1' title='image "./operacumindicibu07ciceuoft_0485.png"; bbox 0 0 2351 2997; ppageno 0'>
   <div class='ocr_carea' id='block_1_1' title="bbox 572 232 1080 280">
    <p class='ocr_par' dir='ltr' id='par_1_1' title="bbox 572 232 1080 280">
     <span class='ocr_line' id='line_1_1' title="bbox 572 232 1080 280; baseline -0.006 0"><span class='ocrx_word' id='word_1_1' title='bbox 572 232 1080 280; x_wconf 91' lang='lat' dir='ltr'>EPISTO</span> 
     </span>
    </p>
   </div>
   <div class='ocr_carea' id='block_1_2' title="bbox 1142 229 1614 278">
    <p class='ocr_par' dir='ltr' id='par_1_2' title="bbox 1142 229 1614 278">
     <span class='ocr_line' id='line_1_2' title="bbox 1142 229 1614 278; baseline -0.002 0"><span class='ocrx_word' id='word_1_2' title='bbox 1142 229 1614 278; x_wconf 92' lang='lat' dir='ltr'><strong>LARUM</strong></span> 
     </span>
    </p>
   </div>
   <div class='ocr_carea' id='block_1_3' title="bbox 511 376 1682 437">
    <p class='ocr_par' dir='ltr' id='par_1_3' title="bbox 511 376 1682 437">
     <span class='ocr_line' id='line_1_3' title="bbox 511 376 1682 437; baseline -0.005 0"><span class='ocrx_word' id='word_1_3' title='bbox 511 381 674 437; x_wconf 91' lang='lat' dir='ltr'>AD</span> <span class='ocrx_word' id='word_1_4' title='bbox 784 376 1682 437; x_wconf 87' lang='lat' dir='ltr'><strong>FAMILIARES</strong></span> 
     </span>
    </p>
   </div>
   <div class='ocr_carea' id='block_1_4' title="bbox 847 545 1352 587">
    <p class='ocr_par' dir='ltr' id='par_1_4' title="bbox 847 545 1352 587">
     <span class='ocr_line' id='line_1_4' title="bbox 847 545 1352 587; baseline -0.008 0"><span class='ocrx_word' id='word_1_5' title='bbox 847 546 1200 587; x_wconf 91' lang='lat' dir='ltr'>LIBER</span> <span class='ocrx_word' id='word_1_6' title='bbox 1299 545 1352 584; x_wconf 90' lang='lat' dir='ltr'>V.</span> 
     </span>
    </p>
   </div>
   <div class='ocr_carea' id='block_1_5' title="bbox 466 675 760 715">
    <p class='ocr_par' dir='ltr' id='par_1_5' title="bbox 466 675 760 715">
     <span class='ocr_line' id='line_1_5' title="bbox 466 675 760 715; baseline -0.007 0"><span class='ocrx_word' id='word_1_7' title='bbox 466 675 576 715; x_wconf 85' lang='lat' dir='ltr'><strong>Edit.</strong></span> <span class='ocrx_word' id='word_1_8' title='bbox 610 675 760 714; x_wconf 89' lang='lat' dir='ltr'><strong>Olivet.</strong></span> 
     </span>
    </p>
   </div>
   <div class='ocr_carea' id='block_1_6' title="bbox 354 774 830 852">
    <p class='ocr_par' dir='ltr' id='par_1_6' title="bbox 354 774 830 852">
     <span class='ocr_line' id='line_1_6' title="bbox 354 774 830 852; baseline -0.002 -9"><span class='ocrx_word' id='word_1_9' title='bbox 354 785 394 852; x_wconf 56' lang='lat'>¹325</span> <span class='ocrx_word' id='word_1_10' title='bbox 445 774 474 842; x_wconf 48' lang='lat' dir='ltr'>l&#39;2</span> <span class='ocrx_word' id='word_1_11' title='bbox 497 813 526 841; x_wconf 89' lang='lat' dir='ltr'>Si</span> <span class='ocrx_word' id='word_1_12' title='bbox 540 813 615 841; x_wconf 86' lang='lat' dir='ltr'>vales</span> <span class='ocrx_word' id='word_1_13' title='bbox 630 812 702 841; x_wconf 88' lang='lat' dir='ltr'>bene</span> <span class='ocrx_word' id='word_1_14' title='bbox 717 812 754 841; x_wconf 87' lang='lat' dir='ltr'>est</span> <span class='ocrx_word' id='word_1_15' title='bbox 768 812 790 842; x_wconf 87' lang='lat' dir='ltr'>F</span> <span class='ocrx_word' id='word_1_16' title='bbox 801 814 830 842; x_wconf 86' lang='lat' dir='ltr'>d.</span> 
     </span>
    </p>
   </div>
   <div class='ocr_carea' id='block_1_7' title="bbox 360 862 1084 2483">
    <p class='ocr_par' dir='ltr' id='par_1_7' title="bbox 360 862 1084 2483">
     <span class='ocr_line' id='line_1_7' title="bbox 458 862 670 890; baseline 0.005 -10"><span class='ocrx_word' id='word_1_17' title='bbox 458 863 472 890; x_wconf 84' lang='lat'>3</span> <span class='ocrx_word' id='word_1_18' title='bbox 496 862 587 890; x_wconf 84' lang='lat' dir='ltr'>neque</span> <span class='ocrx_word' id='word_1_19' title='bbox 601 866 614 880; x_wconf 83' lang='lat' dir='ltr'><em>v</em></span> <span class='ocrx_word' id='word_1_20' title='bbox 628 864 670 881; x_wconf 80' lang='lat' dir='ltr'>nec</span> 
     </span>
     <span class='ocr_line' id='line_1_8' title="bbox 436 893 657 926; baseline 0 -6"><span class='ocrx_word' id='word_1_21' title='bbox 436 908 476 915; x_wconf 89' lang='lat'>—-</span> <span class='ocrx_word' id='word_1_22' title='bbox 497 903 542 921; x_wconf 85' lang='lat' dir='ltr'>me</span> <span class='ocrx_word' id='word_1_23' title='bbox 555 906 580 926; x_wconf 81' lang='lat' dir='ltr'>u,</span> <span class='ocrx_word' id='word_1_24' title='bbox 594 895 618 926; x_wconf 75' lang='grc' dir='ltr'>ψ</span> <span class='ocrx_word' id='word_1_25' title='bbox 631 893 657 921; x_wconf 84' lang='lat' dir='ltr'>d.</span> 
     </span>
     <span class='ocr_line' id='line_1_9' title="bbox 459 932 1067 971; baseline 0.002 -10"><span class='ocrx_word' id='word_1_26' title='bbox 459 935 474 961; x_wconf 92' lang='lat'>8</span> <span class='ocrx_word' id='word_1_27' title='bbox 497 941 525 961; x_wconf 82' lang='lat' dir='ltr'>et</span> <span class='ocrx_word' id='word_1_28' title='bbox 542 933 670 971; x_wconf 83' lang='lat' dir='ltr'>squalore</span> <span class='ocrx_word' id='word_1_29' title='bbox 695 932 753 961; x_wconf 87' lang='lat' dir='ltr'>sum</span> <span class='ocrx_word' id='word_1_30' title='bbox 782 932 804 960; x_wconf 92' lang='lat' dir='ltr'>F</span> <span class='ocrx_word' id='word_1_31' title='bbox 828 934 856 960; x_wconf 90' lang='lat' dir='ltr'>in</span> <span class='ocrx_word' id='word_1_32' title='bbox 869 932 991 970; x_wconf 81' lang='lat' dir='ltr'><em>squalore</em></span> <span class='ocrx_word' id='word_1_33' title='bbox 1008 933 1067 970; x_wconf 68' lang='lat' dir='ltr'>sitm</span> 
     </span>
     <span class='ocr_line' id='line_1_10' title="bbox 535 984 578 1001; baseline -0.023 0"><span class='ocrx_word' id='word_1_34' title='bbox 535 984 548 1001; x_wconf 79' lang='lat' dir='ltr'><em>e</em></span> <span class='ocrx_word' id='word_1_35' title='bbox 566 985 578 1000; x_wconf 84' lang='lat' dir='ltr'><em>o</em></span> 
     </span>
     <span class='ocr_line' id='line_1_11' title="bbox 441 985 941 1050; baseline 0 -10"><span class='ocrx_word' id='word_1_36' title='bbox 441 1021 476 1040; x_wconf 83' lang='lat'>10</span> <span class='ocrx_word' id='word_1_37' title='bbox 497 985 702 1040; x_wconf 39' lang='lat' dir='ltr'>adnfinistrastis</span> <span class='ocrx_word' id='word_1_38' title='bbox 717 1013 742 1046; x_wconf 70' lang='grc' dir='ltr'>ψ</span> <span class='ocrx_word' id='word_1_39' title='bbox 753 1012 941 1050; x_wconf 74' lang='lat' dir='ltr'><em>administratis</em></span> 
     </span>
     <span class='ocr_line' id='line_1_12' title="bbox 441 1053 965 1091; baseline 0 -11"><span class='ocrx_word' id='word_1_40' title='bbox 441 1061 473 1081; x_wconf 85' lang='grc'>11</span> <span class='ocrx_word' id='word_1_41' title='bbox 500 1053 545 1080; x_wconf 88' lang='lat' dir='ltr'>Te</span> <span class='ocrx_word' id='word_1_42' title='bbox 561 1061 616 1081; x_wconf 81' lang='lat' dir='ltr'>tam</span> <span class='ocrx_word' id='word_1_43' title='bbox 634 1053 654 1080; x_wconf 90' lang='lat' dir='ltr'>F</span> <span class='ocrx_word' id='word_1_44' title='bbox 670 1053 690 1080; x_wconf 92' lang='lat' dir='ltr'>P</span> <span class='ocrx_word' id='word_1_45' title='bbox 705 1053 729 1087; x_wconf 74' lang='grc' dir='ltr'>ψ</span> <span class='ocrx_word' id='word_1_46' title='bbox 744 1054 833 1080; x_wconf 83' lang='lat' dir='ltr'><em>Etiam</em></span> <span class='ocrx_word' id='word_1_47' title='bbox 847 1066 860 1080; x_wconf 85' lang='lat' dir='ltr'><em>v</em></span> <span class='ocrx_word' id='word_1_48' title='bbox 875 1054 965 1091; x_wconf 79' lang='lat' dir='ltr'><em>etjam</em></span> 
     </span>
     <span class='ocr_line' id='line_1_13' title="bbox 443 1093 652 1130; baseline 0 -10"><span class='ocrx_word' id='word_1_49' title='bbox 443 1102 453 1120; x_wconf 87' lang='grc'>1</span> <span class='ocrx_word' id='word_1_50' title='bbox 463 1102 478 1130; x_wconf 85' lang='lat'><strong>3</strong></span> <span class='ocrx_word' id='word_1_51' title='bbox 501 1093 574 1120; x_wconf 78' lang='lat' dir='ltr'><strong>Vale</strong></span> <span class='ocrx_word' id='word_1_52' title='bbox 589 1093 609 1120; x_wconf 87' lang='grc' dir='ltr'>Ρ</span> <span class='ocrx_word' id='word_1_53' title='bbox 625 1094 652 1121; x_wconf 77' lang='lat' dir='ltr'>d.</span> 
     </span>
     <span class='ocr_line' id='line_1_14' title="bbox 360 1132 893 1171; baseline 0.002 -12"><span class='ocrx_word' id='word_1_54' title='bbox 360 1141 399 1170; x_wconf 90' lang='lat'>97</span> <span class='ocrx_word' id='word_1_55' title='bbox 461 1143 476 1171; x_wconf 76' lang='grc' dir='ltr'>ς</span> <span class='ocrx_word' id='word_1_56' title='bbox 500 1132 678 1169; x_wconf 82' lang='lat' dir='ltr'>dispertitum</span> <span class='ocrx_word' id='word_1_57' title='bbox 694 1133 714 1160; x_wconf 90' lang='lat' dir='ltr'><strong>P</strong></span> <span class='ocrx_word' id='word_1_58' title='bbox 729 1134 893 1169; x_wconf 79' lang='lat' dir='ltr'><em>dispartitum</em></span> 
     </span>
     <span class='ocr_line' id='line_1_15' title="bbox 462 1171 1070 1210; baseline -0.003 -10"><span class='ocrx_word' id='word_1_59' title='bbox 462 1182 477 1209; x_wconf 91' lang='lat'><strong><em>7</em></strong></span> <span class='ocrx_word' id='word_1_60' title='bbox 500 1172 607 1200; x_wconf 79' lang='lat' dir='ltr'>infidiis</span> <span class='ocrx_word' id='word_1_61' title='bbox 621 1173 645 1206; x_wconf 71' lang='grc' dir='ltr'>ψ</span> <span class='ocrx_word' id='word_1_62' title='bbox 655 1173 754 1210; x_wconf 52' lang='lat' dir='ltr'><em>insidia</em></span> <span class='ocrx_word' id='word_1_63' title='bbox 767 1179 791 1199; x_wconf 77' lang='lat' dir='ltr'>et</span> <span class='ocrx_word' id='word_1_64' title='bbox 801 1172 836 1200; x_wconf 78' lang='lat' dir='ltr'>ab</span> <span class='ocrx_word' id='word_1_65' title='bbox 847 1171 943 1200; x_wconf 82' lang='lat' dir='ltr'><em>occulta</em></span> <span class='ocrx_word' id='word_1_66' title='bbox 955 1173 1070 1210; x_wconf 76' lang='lat' dir='ltr'><em>coty&#39;ura-</em></span> 
     </span>
     <span class='ocr_line' id='line_1_16' title="bbox 547 1211 1072 1250; baseline -0.002 -10"><span class='ocrx_word' id='word_1_67' title='bbox 547 1215 612 1240; x_wconf 80' lang='lat' dir='ltr'><em>tione</em></span> <span class='ocrx_word' id='word_1_68' title='bbox 637 1212 788 1250; x_wconf 76' lang='lat' dir='ltr'><em>defenderem</em></span> <span class='ocrx_word' id='word_1_69' title='bbox 816 1218 894 1250; x_wconf 83' lang='lat' dir='ltr'><em>atque</em></span> <span class='ocrx_word' id='word_1_70' title='bbox 922 1213 989 1240; x_wconf 87' lang='lat' dir='ltr'><em>hanc</em></span> <span class='ocrx_word' id='word_1_71' title='bbox 1017 1211 1072 1247; x_wconf 87' lang='lat' dir='ltr'><em>nos-</em></span> 
     </span>
     <span class='ocr_line' id='line_1_17' title="bbox 550 1260 619 1280; baseline 0 -1"><span class='ocrx_word' id='word_1_72' title='bbox 550 1260 619 1280; x_wconf 78' lang='lat' dir='ltr'><em>tram</em></span> 
     </span>
     <span class='ocr_line' id='line_1_18' title="bbox 445 1291 906 1328; baseline 0.002 -9"><span class='ocrx_word' id='word_1_73' title='bbox 445 1300 481 1319; x_wconf 90' lang='lat'>10</span> <span class='ocrx_word' id='word_1_74' title='bbox 502 1291 699 1320; x_wconf 62' lang='lat' dir='ltr'>labefaclatam</span> <span class='ocrx_word' id='word_1_75' title='bbox 717 1292 737 1320; x_wconf 92' lang='lat' dir='ltr'><strong>P</strong></span> <span class='ocrx_word' id='word_1_76' title='bbox 751 1293 906 1328; x_wconf 68' lang='lat' dir='ltr'><em>labgfallam</em></span> 
     </span>
     <span class='ocr_line' id='line_1_19' title="bbox 441 1335 618 1360; baseline 0.006 -1"><span class='ocrx_word' id='word_1_77' title='bbox 441 1346 482 1352; x_wconf 83' lang='grc'><strong>-</strong></span> <span class='ocrx_word' id='word_1_78' title='bbox 504 1341 548 1359; x_wconf 80' lang='lat' dir='ltr'>me</span> <span class='ocrx_word' id='word_1_79' title='bbox 564 1346 576 1359; x_wconf 88' lang='grc' dir='ltr'><strong><em>υ</em></strong></span> <span class='ocrx_word' id='word_1_80' title='bbox 591 1335 618 1360; x_wconf 80' lang='lat' dir='ltr'>d·</span> 
     </span>
     <span class='ocr_line' id='line_1_20' title="bbox 446 1371 693 1408; baseline 0.004 -10"><span class='ocrx_word' id='word_1_81' title='bbox 446 1379 457 1398; x_wconf 87' lang='lat'>1</span> <span class='ocrx_word' id='word_1_82' title='bbox 467 1380 480 1408; x_wconf 82' lang='lat'>3</span> <span class='ocrx_word' id='word_1_83' title='bbox 506 1371 597 1399; x_wconf 76' lang='lat' dir='ltr'>fuiss‘et</span> <span class='ocrx_word' id='word_1_84' title='bbox 612 1385 624 1398; x_wconf 81' lang='grc' dir='ltr'><strong>υ</strong></span> <span class='ocrx_word' id='word_1_85' title='bbox 635 1373 693 1408; x_wconf 64' lang='lat' dir='ltr'>effic</span> 
     </span>
     <span class='ocr_line' id='line_1_21' title="bbox 448 1412 739 1447; baseline 0.003 -10"><span class='ocrx_word' id='word_1_86' title='bbox 448 1420 483 1447; x_wconf 80' lang='lat'>¹4</span> <span class='ocrx_word' id='word_1_87' title='bbox 504 1420 596 1438; x_wconf 84' lang='lat' dir='ltr'>errore</span> <span class='ocrx_word' id='word_1_88' title='bbox 609 1412 634 1445; x_wconf 66' lang='grc' dir='ltr'>ψ</span> <span class='ocrx_word' id='word_1_89' title='bbox 648 1420 739 1438; x_wconf 78' lang='lat' dir='ltr'><em>merore</em></span> 
     </span>
     <span class='ocr_line' id='line_1_22' title="bbox 447 1450 808 1488; baseline 0 -10"><span class='ocrx_word' id='word_1_90' title='bbox 447 1459 480 1487; x_wconf 81' lang='grc' dir='ltr'>ις</span> <span class='ocrx_word' id='word_1_91' title='bbox 504 1450 659 1487; x_wconf 82' lang='lat' dir='ltr'>injucunda</span> <span class='ocrx_word' id='word_1_92' title='bbox 673 1451 808 1488; x_wconf 69' lang='lat' dir='ltr'><em>„jucunda</em></span> 
     </span>
     <span class='ocr_line' id='line_1_23' title="bbox 448 1489 969 1525; baseline 0.002 -8"><span class='ocrx_word' id='word_1_93' title='bbox 448 1490 482 1517; x_wconf 83' lang='lat'>16</span> <span class='ocrx_word' id='word_1_94' title='bbox 504 1500 625 1518; x_wconf 84' lang='lat' dir='ltr'>errorem</span> <span class='ocrx_word' id='word_1_95' title='bbox 641 1504 653 1518; x_wconf 77' lang='grc' dir='ltr'><strong><em>υ</em></strong></span> <span class='ocrx_word' id='word_1_96' title='bbox 669 1502 798 1519; x_wconf 83' lang='lat' dir='ltr'><em>maerorcm</em></span> <span class='ocrx_word' id='word_1_97' title='bbox 814 1489 840 1525; x_wconf 72' lang='grc' dir='ltr'>ψ</span> <span class='ocrx_word' id='word_1_98' title='bbox 853 1499 969 1519; x_wconf 77' lang='lat' dir='ltr'><em>merorem</em></span> 
     </span>
     <span class='ocr_line' id='line_1_24' title="bbox 444 1531 604 1558; baseline 0 -1"><span class='ocrx_word' id='word_1_99' title='bbox 444 1538 478 1557; x_wconf 85' lang='lat'>21</span> <span class='ocrx_word' id='word_1_100' title='bbox 505 1539 535 1558; x_wconf 89' lang='lat' dir='ltr'>tu</span> <span class='ocrx_word' id='word_1_101' title='bbox 551 1543 563 1557; x_wconf 74' lang='grc' dir='ltr'><strong>υ</strong></span> <span class='ocrx_word' id='word_1_102' title='bbox 579 1531 604 1557; x_wconf 86' lang='lat' dir='ltr'>d.</span> 
     </span>
     <span class='ocr_line' id='line_1_25' title="bbox 447 1568 731 1605; baseline 0 -8"><span class='ocrx_word' id='word_1_103' title='bbox 447 1578 485 1605; x_wconf 83' lang='lat'>24</span> <span class='ocrx_word' id='word_1_104' title='bbox 506 1570 596 1597; x_wconf 86' lang='lat' dir='ltr'>levior</span> <span class='ocrx_word' id='word_1_105' title='bbox 611 1568 637 1603; x_wconf 71' lang='grc' dir='ltr'>ψ</span> <span class='ocrx_word' id='word_1_106' title='bbox 652 1568 731 1597; x_wconf 74' lang='lat' dir='ltr'><em>lenior</em></span> 
     </span>
     <span class='ocr_line' id='line_1_26' title="bbox 448 1609 729 1646; baseline 0.004 -10"><span class='ocrx_word' id='word_1_107' title='bbox 448 1610 485 1636; x_wconf 81' lang='lat'>28</span> <span class='ocrx_word' id='word_1_108' title='bbox 505 1609 594 1637; x_wconf 76' lang='lat' dir='ltr'>vestra</span> <span class='ocrx_word' id='word_1_109' title='bbox 609 1610 628 1637; x_wconf 88' lang='lat' dir='ltr'>P</span> <span class='ocrx_word' id='word_1_110' title='bbox 645 1611 729 1646; x_wconf 73' lang='lat' dir='ltr'><em>nqstra</em></span> 
     </span>
     <span class='ocr_line' id='line_1_27' title="bbox 449 1649 736 1687; baseline 0 -11"><span class='ocrx_word' id='word_1_111' title='bbox 449 1658 486 1686; x_wconf 81' lang='lat'>30</span> <span class='ocrx_word' id='word_1_112' title='bbox 507 1659 591 1687; x_wconf 80' lang='lat' dir='ltr'><strong>quam</strong></span> <span class='ocrx_word' id='word_1_113' title='bbox 606 1649 666 1676; x_wconf 83' lang='lat' dir='ltr'>cito</span> <span class='ocrx_word' id='word_1_114' title='bbox 681 1663 694 1676; x_wconf 77' lang='lat' dir='ltr'><em>v</em></span> <span class='ocrx_word' id='word_1_115' title='bbox 707 1651 736 1677; x_wconf 88' lang='lat' dir='ltr'>d.</span> 
     </span>
     <span class='ocr_line' id='line_1_28' title="bbox 365 1689 774 1728; baseline 0.002 -12"><span class='ocrx_word' id='word_1_116' title='bbox 365 1690 404 1728; x_wconf 85' lang='lat'>98</span> <span class='ocrx_word' id='word_1_117' title='bbox 471 1699 479 1716; x_wconf 88' lang='grc'>1</span> <span class='ocrx_word' id='word_1_118' title='bbox 506 1689 614 1717; x_wconf 83' lang='lat' dir='ltr'>extabit</span> <span class='ocrx_word' id='word_1_119' title='bbox 627 1689 652 1722; x_wconf 72' lang='grc' dir='ltr'>ψ</span> <span class='ocrx_word' id='word_1_120' title='bbox 665 1689 774 1717; x_wconf 73' lang='lat' dir='ltr'><em>extabat</em></span> 
     </span>
     <span class='ocr_line' id='line_1_29' title="bbox 468 1729 741 1757; baseline 0 0"><span class='ocrx_word' id='word_1_121' title='bbox 468 1729 486 1756; x_wconf 88' lang='lat'><strong>6</strong></span> <span class='ocrx_word' id='word_1_122' title='bbox 508 1736 607 1757; x_wconf 87' lang='lat' dir='ltr'>mutue</span> <span class='ocrx_word' id='word_1_123' title='bbox 621 1729 642 1756; x_wconf 95' lang='lat' dir='ltr'>P</span> <span class='ocrx_word' id='word_1_124' title='bbox 655 1737 741 1757; x_wconf 82' lang='lat' dir='ltr'><em>mutuo</em></span> 
     </span>
     <span class='ocr_line' id='line_1_30' title="bbox 423 1769 628 1800; baseline 0.005 -5"><span class='ocrx_word' id='word_1_125' title='bbox 423 1798 426 1800; x_wconf 21' lang='grc' dir='ltr'><strong>Α</strong></span> <span class='ocrx_word' id='word_1_126' title='bbox 469 1769 486 1796; x_wconf 88' lang='grc'><strong>8</strong></span> <span class='ocrx_word' id='word_1_127' title='bbox 508 1769 560 1797; x_wconf 83' lang='lat' dir='ltr'>esse</span> <span class='ocrx_word' id='word_1_128' title='bbox 574 1783 588 1797; x_wconf 80' lang='lat' dir='ltr'><em>v</em></span> <span class='ocrx_word' id='word_1_129' title='bbox 601 1771 628 1799; x_wconf 83' lang='lat' dir='ltr'>d.</span> 
     </span>
     <span class='ocr_line' id='line_1_31' title="bbox 450 1809 799 1838; baseline 0.006 -2"><span class='ocrx_word' id='word_1_130' title='bbox 450 1823 490 1831; x_wconf 92' lang='lat'>—</span> <span class='ocrx_word' id='word_1_131' title='bbox 509 1809 660 1838; x_wconf 80' lang='lat' dir='ltr'>imminuta</span> <span class='ocrx_word' id='word_1_132' title='bbox 674 1822 687 1837; x_wconf 79' lang='lat' dir='ltr'><em>v</em></span> <span class='ocrx_word' id='word_1_133' title='bbox 700 1811 799 1838; x_wconf 80' lang='lat' dir='ltr'><em>minuta</em></span> 
     </span>
     <span class='ocr_line' id='line_1_32' title="bbox 452 1848 722 1877; baseline 0.004 -1"><span class='ocrx_word' id='word_1_134' title='bbox 452 1858 462 1876; x_wconf 89' lang='grc'>1</span> <span class='ocrx_word' id='word_1_135' title='bbox 473 1858 486 1876; x_wconf 84' lang='lat' dir='ltr'><strong><em>z</em></strong></span> <span class='ocrx_word' id='word_1_136' title='bbox 509 1848 589 1877; x_wconf 78' lang='lat' dir='ltr'>fratri</span> <span class='ocrx_word' id='word_1_137' title='bbox 605 1857 654 1877; x_wconf 81' lang='lat' dir='ltr'>tuo</span> <span class='ocrx_word' id='word_1_138' title='bbox 668 1863 681 1877; x_wconf 82' lang='lat' dir='ltr'><em>v</em></span> <span class='ocrx_word' id='word_1_139' title='bbox 695 1850 722 1877; x_wconf 85' lang='lat' dir='ltr'>d.</span> 
     </span>
     <span class='ocr_line' id='line_1_33' title="bbox 454 1888 624 1917; baseline 0.006 -1"><span class='ocrx_word' id='word_1_140' title='bbox 454 1888 489 1916; x_wconf 90' lang='lat'>16</span> <span class='ocrx_word' id='word_1_141' title='bbox 510 1898 555 1916; x_wconf 89' lang='lat' dir='ltr'>me</span> <span class='ocrx_word' id='word_1_142' title='bbox 569 1903 582 1917; x_wconf 74' lang='lat' dir='ltr'><em>u</em></span> <span class='ocrx_word' id='word_1_143' title='bbox 598 1890 624 1917; x_wconf 86' lang='lat' dir='ltr'>d.</span> 
     </span>
     <span class='ocr_line' id='line_1_34' title="bbox 453 1928 821 1963; baseline 0.003 -8"><span class='ocrx_word' id='word_1_144' title='bbox 453 1937 490 1958; x_wconf 83' lang='lat'>22</span> <span class='ocrx_word' id='word_1_145' title='bbox 511 1935 588 1956; x_wconf 86' lang='lat' dir='ltr'><strong>certo</strong></span> <span class='ocrx_word' id='word_1_146' title='bbox 603 1928 658 1956; x_wconf 88' lang='lat' dir='ltr'>scio</span> <span class='ocrx_word' id='word_1_147' title='bbox 672 1942 696 1961; x_wconf 84' lang='lat' dir='ltr'>v,</span> <span class='ocrx_word' id='word_1_148' title='bbox 710 1929 735 1963; x_wconf 68' lang='grc' dir='ltr'>ψ</span> <span class='ocrx_word' id='word_1_149' title='bbox 750 1930 821 1957; x_wconf 79' lang='lat' dir='ltr'><em>credo</em></span> 
     </span>
     <span class='ocr_line' id='line_1_35' title="bbox 451 1968 774 2006; baseline 0 -10"><span class='ocrx_word' id='word_1_150' title='bbox 451 1978 487 2005; x_wconf 89' lang='lat'>27</span> <span class='ocrx_word' id='word_1_151' title='bbox 511 1968 583 1996; x_wconf 87' lang='lat' dir='ltr'><strong>nihil</strong></span> <span class='ocrx_word' id='word_1_152' title='bbox 600 1983 613 1997; x_wconf 80' lang='lat' dir='ltr'><em>v</em></span> <span class='ocrx_word' id='word_1_153' title='bbox 626 1969 694 1996; x_wconf 86' lang='lat' dir='ltr'><em>nihil</em></span> <span class='ocrx_word' id='word_1_154' title='bbox 707 1970 774 2006; x_wconf 80' lang='lat' dir='ltr'><em>misit</em></span> 
     </span>
     <span class='ocr_line' id='line_1_36' title="bbox 453 2007 1062 2046; baseline 0 -11"><span class='ocrx_word' id='word_1_155' title='bbox 453 2017 491 2045; x_wconf 83' lang='lat'>34</span> <span class='ocrx_word' id='word_1_156' title='bbox 514 2007 628 2036; x_wconf 83' lang='lat' dir='ltr'>dicendi</span> <span class='ocrx_word' id='word_1_157' title='bbox 645 2009 664 2035; x_wconf 91' lang='lat' dir='ltr'>P</span> <span class='ocrx_word' id='word_1_158' title='bbox 679 2021 692 2035; x_wconf 80' lang='lat' dir='ltr'><strong><em>v</em></strong></span> <span class='ocrx_word' id='word_1_159' title='bbox 707 2010 835 2046; x_wconf 74' lang='lat' dir='ltr'><em>adjicendi</em></span> <span class='ocrx_word' id='word_1_160' title='bbox 849 2008 874 2042; x_wconf 68' lang='grc' dir='ltr'>’ᾧ</span> <span class='ocrx_word' id='word_1_161' title='bbox 888 2009 926 2036; x_wconf 83' lang='lat' dir='ltr'>ad</span> <span class='ocrx_word' id='word_1_162' title='bbox 936 2008 1062 2036; x_wconf 52' lang='lat' dir='ltr'>diffindam</span> 
     </span>
     <span class='ocr_line' id='line_1_37' title="bbox 371 2048 993 2088; baseline -0.002 -12"><span class='ocrx_word' id='word_1_163' title='bbox 371 2058 410 2088; x_wconf 89' lang='lat'>99</span> <span class='ocrx_word' id='word_1_164' title='bbox 472 2057 488 2076; x_wconf 85' lang='lat'>2</span> <span class='ocrx_word' id='word_1_165' title='bbox 511 2048 686 2086; x_wconf 78' lang='lat' dir='ltr'>magistratus</span> <span class='ocrx_word' id='word_1_166' title='bbox 702 2049 721 2075; x_wconf 85' lang='lat' dir='ltr'>P</span> <span class='ocrx_word' id='word_1_167' title='bbox 735 2050 914 2086; x_wconf 77' lang='lat' dir='ltr'><em>magistratum</em></span> <span class='ocrx_word' id='word_1_168' title='bbox 928 2048 952 2082; x_wconf 70' lang='grc' dir='ltr'>ψ</span> <span class='ocrx_word' id='word_1_169' title='bbox 966 2050 993 2075; x_wconf 91' lang='lat' dir='ltr'>d.</span> 
     </span>
     <span class='ocr_line' id='line_1_38' title="bbox 472 2087 1043 2126; baseline 0 -10"><span class='ocrx_word' id='word_1_170' title='bbox 472 2090 488 2116; x_wconf 86' lang='lat'>8</span> <span class='ocrx_word' id='word_1_171' title='bbox 513 2089 549 2115; x_wconf 90' lang='lat' dir='ltr'>A.</span> <span class='ocrx_word' id='word_1_172' title='bbox 568 2088 597 2116; x_wconf 90' lang='lat' dir='ltr'>d.</span> <span class='ocrx_word' id='word_1_173' title='bbox 614 2088 728 2116; x_wconf 81' lang='lat' dir='ltr'>tertium</span> <span class='ocrx_word' id='word_1_174' title='bbox 744 2088 764 2115; x_wconf 89' lang='lat' dir='ltr'><strong>P</strong></span> <span class='ocrx_word' id='word_1_175' title='bbox 779 2087 823 2116; x_wconf 77' lang='lat' dir='ltr'>Ad</span> <span class='ocrx_word' id='word_1_176' title='bbox 831 2091 934 2116; x_wconf 80' lang='lat' dir='ltr'><em>tertium</em></span> <span class='ocrx_word' id='word_1_177' title='bbox 949 2098 1043 2126; x_wconf 81' lang='lat' dir='ltr'><em>quoque</em></span> 
     </span>
     <span class='ocr_line' id='line_1_39' title="bbox 458 2128 656 2164; baseline -0.005 -8"><span class='ocrx_word' id='word_1_178' title='bbox 458 2137 490 2164; x_wconf 88' lang='lat'>¹3</span> <span class='ocrx_word' id='word_1_179' title='bbox 515 2128 579 2156; x_wconf 84' lang='lat' dir='ltr'>effet</span> <span class='ocrx_word' id='word_1_180' title='bbox 594 2141 606 2155; x_wconf 78' lang='lat' dir='ltr'><em>v</em></span> <span class='ocrx_word' id='word_1_181' title='bbox 623 2130 656 2164; x_wconf 69' lang='lat' dir='ltr'>est</span> 
     </span>
     <span class='ocr_line' id='line_1_40' title="bbox 457 2168 671 2206; baseline 0.005 -11"><span class='ocrx_word' id='word_1_182' title='bbox 457 2177 467 2195; x_wconf 90' lang='grc'>1</span> <span class='ocrx_word' id='word_1_183' title='bbox 477 2178 491 2206; x_wconf 81' lang='lat'>5</span> <span class='ocrx_word' id='word_1_184' title='bbox 515 2168 586 2195; x_wconf 78' lang='lat' dir='ltr'>Haec</span> <span class='ocrx_word' id='word_1_185' title='bbox 598 2181 611 2195; x_wconf 83' lang='grc' dir='ltr'><em>υ</em></span> <span class='ocrx_word' id='word_1_186' title='bbox 625 2169 671 2196; x_wconf 80' lang='lat' dir='ltr'>hoc</span> 
     </span>
     <span class='ocr_line' id='line_1_41' title="bbox 455 2207 875 2245; baseline 0.002 -10"><span class='ocrx_word' id='word_1_187' title='bbox 455 2217 490 2244; x_wconf 89' lang='lat'>¹7</span> <span class='ocrx_word' id='word_1_188' title='bbox 513 2207 671 2245; x_wconf 86' lang='lat' dir='ltr'>impertivit</span> <span class='ocrx_word' id='word_1_189' title='bbox 686 2208 705 2235; x_wconf 91' lang='lat' dir='ltr'>P</span> <span class='ocrx_word' id='word_1_190' title='bbox 721 2209 875 2245; x_wconf 76' lang='lat' dir='ltr'><em>impartivit</em></span> 
     </span>
     <span class='ocr_line' id='line_1_42' title="bbox 457 2247 625 2276; baseline 0.006 -1"><span class='ocrx_word' id='word_1_191' title='bbox 457 2249 491 2275; x_wconf 86' lang='grc'>18</span> <span class='ocrx_word' id='word_1_192' title='bbox 514 2247 556 2275; x_wconf 87' lang='lat' dir='ltr'>his</span> <span class='ocrx_word' id='word_1_193' title='bbox 571 2261 584 2275; x_wconf 78' lang='grc' dir='ltr'><strong><em>υ</em></strong></span> <span class='ocrx_word' id='word_1_194' title='bbox 598 2249 625 2276; x_wconf 85' lang='lat' dir='ltr'>d.</span> 
     </span>
     <span class='ocr_line' id='line_1_43' title="bbox 453 2287 654 2325; baseline 0.01 -11"><span class='ocrx_word' id='word_1_195' title='bbox 453 2302 493 2308; x_wconf 91' lang='lat'>—-</span> <span class='ocrx_word' id='word_1_196' title='bbox 514 2287 532 2314; x_wconf 84' lang='lat' dir='ltr'>fi</span> <span class='ocrx_word' id='word_1_197' title='bbox 550 2288 569 2315; x_wconf 90' lang='lat' dir='ltr'>P</span> <span class='ocrx_word' id='word_1_198' title='bbox 575 2289 605 2325; x_wconf 82' lang='lat' dir='ltr'><em>st</em></span> <span class='ocrx_word' id='word_1_199' title='bbox 617 2299 654 2316; x_wconf 80' lang='lat' dir='ltr'>me</span> 
     </span>
     <span class='ocr_line' id='line_1_44' title="bbox 458 2328 1084 2366; baseline 0.002 -11"><span class='ocrx_word' id='word_1_200' title='bbox 458 2337 493 2356; x_wconf 89' lang='lat'>22</span> <span class='ocrx_word' id='word_1_201' title='bbox 516 2328 633 2355; x_wconf 82' lang='lat' dir='ltr'>remiffio</span> <span class='ocrx_word' id='word_1_202' title='bbox 648 2328 733 2356; x_wconf 81' lang='lat' dir='ltr'>animi</span> <span class='ocrx_word' id='word_1_203' title='bbox 750 2338 780 2357; x_wconf 80' lang='lat' dir='ltr'>ac</span> <span class='ocrx_word' id='word_1_204' title='bbox 796 2328 940 2359; x_wconf 73' lang='lat' dir='ltr'>dissolutio</span> <span class='ocrx_word' id='word_1_205' title='bbox 954 2342 968 2358; x_wconf 84' lang='grc' dir='ltr'><strong><em>υ</em></strong></span> <span class='ocrx_word' id='word_1_206' title='bbox 991 2329 1084 2366; x_wconf 64' lang='grc' dir='ltr'>νεικξβῖ)</span> 
     </span>
     <span class='ocr_line' id='line_1_45' title="bbox 560 2369 810 2406; baseline 0.008 -11"><span class='ocrx_word' id='word_1_207' title='bbox 560 2371 643 2396; x_wconf 81' lang='lat' dir='ltr'><em>animo</em></span> <span class='ocrx_word' id='word_1_208' title='bbox 657 2380 687 2396; x_wconf 82' lang='lat' dir='ltr'>ac</span> <span class='ocrx_word' id='word_1_209' title='bbox 699 2369 810 2406; x_wconf 75' lang='lat' dir='ltr'><em>diffiluto</em></span> 
     </span>
     <span class='ocr_line' id='line_1_46' title="bbox 458 2407 694 2445; baseline 0.008 -11"><span class='ocrx_word' id='word_1_210' title='bbox 458 2416 492 2444; x_wconf 84' lang='lat'>²3</span> <span class='ocrx_word' id='word_1_211' title='bbox 515 2407 624 2445; x_wconf 79' lang='lat' dir='ltr'>aliquid</span> <span class='ocrx_word' id='word_1_212' title='bbox 640 2422 652 2436; x_wconf 76' lang='grc' dir='ltr'><em>υ</em></span> <span class='ocrx_word' id='word_1_213' title='bbox 669 2410 694 2436; x_wconf 88' lang='lat' dir='ltr'>d.</span> 
     </span>
     <span class='ocr_line' id='line_1_47' title="bbox 455 2447 844 2483; baseline 0.005 -9"><span class='ocrx_word' id='word_1_214' title='bbox 455 2456 494 2483; x_wconf 88' lang='lat'>24</span> <span class='ocrx_word' id='word_1_215' title='bbox 514 2447 562 2475; x_wconf 83' lang='lat' dir='ltr'>vifi</span> <span class='ocrx_word' id='word_1_216' title='bbox 578 2447 640 2477; x_wconf 88' lang='lat' dir='ltr'>sunt</span> <span class='ocrx_word' id='word_1_217' title='bbox 655 2462 670 2477; x_wconf 86' lang='grc' dir='ltr'>ν</span> <span class='ocrx_word' id='word_1_218' title='bbox 684 2449 844 2478; x_wconf 81' lang='lat' dir='ltr'><em>videbantur</em></span> 
     </span>
    </p>
   </div>
   <div class='ocr_carea' id='block_1_8' title="bbox 452 2526 630 2558">
    <p class='ocr_par' dir='ltr' id='par_1_8' title="bbox 452 2526 630 2558">
     <span class='ocr_line' id='line_1_48' title="bbox 452 2526 630 2558; baseline 0.017 -3"><span class='ocrx_word' id='word_1_219' title='bbox 452 2526 541 2558; x_wconf 82' lang='grc' dir='ltr'><strong>ΤοΜ.</strong></span> <span class='ocrx_word' id='word_1_220' title='bbox 561 2528 630 2558; x_wconf 82' lang='lat' dir='ltr'>VH.</span> 
     </span>
    </p>
   </div>
   <div class='ocr_carea' id='block_1_9' title="bbox 1379 662 1724 720">
    <p class='ocr_par' dir='ltr' id='par_1_9' title="bbox 1379 662 1724 720">
     <span class='ocr_line' id='line_1_49' title="bbox 1379 662 1724 720; baseline 0.009 -9"><span class='ocrx_word' id='word_1_221' title='bbox 1379 672 1495 712; x_wconf 87' lang='lat' dir='ltr'><strong>MSS.</strong></span> <span class='ocrx_word' id='word_1_222' title='bbox 1526 673 1559 711; x_wconf 88' lang='lat' dir='ltr'>F</span> <span class='ocrx_word' id='word_1_223' title='bbox 1582 672 1663 714; x_wconf 76' lang='grc' dir='ltr'>Ρυ.</span> <span class='ocrx_word' id='word_1_224' title='bbox 1684 662 1724 720; x_wconf 74' lang='grc' dir='ltr'>ψ</span> 
     </span>
    </p>
   </div>
   <div class='ocr_carea' id='block_1_10' title="bbox 1120 773 1390 851">
    <p class='ocr_par' dir='ltr' id='par_1_10' title="bbox 1120 773 1390 851">
     <span class='ocr_line' id='line_1_50' title="bbox 1120 773 1390 851; baseline 0.004 -12"><span class='ocrx_word' id='word_1_225' title='bbox 1120 783 1159 851; x_wconf 63' lang='grc' dir='ltr'>ξς</span> <span class='ocrx_word' id='word_1_226' title='bbox 1205 773 1239 850; x_wconf 67' lang='lat'>2¹5</span> <span class='ocrx_word' id='word_1_227' title='bbox 1260 811 1319 848; x_wconf 83' lang='lat' dir='ltr'>jam</span> <span class='ocrx_word' id='word_1_228' title='bbox 1334 825 1347 840; x_wconf 85' lang='lat' dir='ltr'><em>v</em></span> <span class='ocrx_word' id='word_1_229' title='bbox 1361 813 1390 840; x_wconf 87' lang='lat' dir='ltr'>d.</span> 
     </span>
    </p>
   </div>
   <div class='ocr_carea' id='block_1_11' title="bbox 1129 854 1842 2554">
    <p class='ocr_par' dir='ltr' id='par_1_11' title="bbox 1129 854 1842 2554">
     <span class='ocr_line' id='line_1_51' title="bbox 1201 854 1432 881; baseline 0.013 -3"><span class='ocrx_word' id='word_1_230' title='bbox 1201 866 1242 874; x_wconf 97' lang='lat'><strong>—</strong></span> <span class='ocrx_word' id='word_1_231' title='bbox 1262 859 1356 879; x_wconf 88' lang='lat' dir='ltr'>tamen</span> <span class='ocrx_word' id='word_1_232' title='bbox 1373 866 1386 880; x_wconf 79' lang='lat' dir='ltr'><em>v</em></span> <span class='ocrx_word' id='word_1_233' title='bbox 1405 854 1432 881; x_wconf 87' lang='lat' dir='ltr'>d.</span> 
     </span>
     <span class='ocr_line' id='line_1_52' title="bbox 1204 889 1756 930; baseline -0.002 -11"><span class='ocrx_word' id='word_1_234' title='bbox 1204 901 1240 928; x_wconf 87' lang='lat'>27</span> <span class='ocrx_word' id='word_1_235' title='bbox 1263 891 1515 921; x_wconf 81' lang='lat' dir='ltr'>senatus-consulto</span> <span class='ocrx_word' id='word_1_236' title='bbox 1529 889 1756 930; x_wconf 40' lang='lat' dir='ltr'><em>&amp;finaticonficlto</em></span> 
     </span>
     <span class='ocr_line' id='line_1_53' title="bbox 1207 933 1596 970; baseline 0 -10"><span class='ocrx_word' id='word_1_237' title='bbox 1207 941 1220 968; x_wconf 81' lang='lat'><strong>3</strong></span> <span class='ocrx_word' id='word_1_238' title='bbox 1227 941 1240 969; x_wconf 86' lang='lat'>3</span> <span class='ocrx_word' id='word_1_239' title='bbox 1265 938 1313 960; x_wconf 86' lang='lat' dir='ltr'>tuo</span> <span class='ocrx_word' id='word_1_240' title='bbox 1331 945 1344 959; x_wconf 83' lang='lat' dir='ltr'><em>u</em></span> <span class='ocrx_word' id='word_1_241' title='bbox 1358 941 1400 961; x_wconf 82' lang='lat' dir='ltr'>tuo</span> <span class='ocrx_word' id='word_1_242' title='bbox 1414 934 1457 961; x_wconf 81' lang='lat' dir='ltr'>hoc</span> <span class='ocrx_word' id='word_1_243' title='bbox 1470 933 1596 970; x_wconf 66' lang='lat' dir='ltr'><em>respondeo</em></span> 
     </span>
     <span class='ocr_line' id='line_1_54' title="bbox 1129 971 1589 1010; baseline 0 -10"><span class='ocrx_word' id='word_1_244' title='bbox 1129 981 1184 1002; x_wconf 82' lang='lat'>100</span> <span class='ocrx_word' id='word_1_245' title='bbox 1226 981 1245 1007; x_wconf 86' lang='lat'>4</span> <span class='ocrx_word' id='word_1_246' title='bbox 1266 971 1401 1008; x_wconf 83' lang='lat' dir='ltr'>ejusmodi</span> <span class='ocrx_word' id='word_1_247' title='bbox 1416 973 1436 1000; x_wconf 93' lang='lat' dir='ltr'>P</span> <span class='ocrx_word' id='word_1_248' title='bbox 1451 972 1589 1010; x_wconf 82' lang='lat' dir='ltr'><em>hujusmodi</em></span> 
     </span>
     <span class='ocr_line' id='line_1_55' title="bbox 1205 1011 1631 1048; baseline 0.005 -10"><span class='ocrx_word' id='word_1_249' title='bbox 1205 1025 1246 1034; x_wconf 90' lang='lat'>—</span> <span class='ocrx_word' id='word_1_250' title='bbox 1268 1011 1404 1040; x_wconf 77' lang='lat' dir='ltr'>utendum</span> <span class='ocrx_word' id='word_1_251' title='bbox 1420 1027 1444 1045; x_wconf 77' lang='grc' dir='ltr'>υ,</span> <span class='ocrx_word' id='word_1_252' title='bbox 1460 1012 1486 1048; x_wconf 74' lang='grc' dir='ltr'>ψ</span> <span class='ocrx_word' id='word_1_253' title='bbox 1501 1013 1631 1042; x_wconf 81' lang='lat' dir='ltr'><em>tenendum</em></span> 
     </span>
     <span class='ocr_line' id='line_1_56' title="bbox 1225 1050 1588 1088; baseline 0.006 -10"><span class='ocrx_word' id='word_1_254' title='bbox 1225 1062 1244 1088; x_wconf 90' lang='lat'>9</span> <span class='ocrx_word' id='word_1_255' title='bbox 1265 1050 1410 1080; x_wconf 83' lang='lat' dir='ltr'>detraham</span> <span class='ocrx_word' id='word_1_256' title='bbox 1427 1066 1440 1080; x_wconf 78' lang='grc' dir='ltr'><strong><em>υ</em></strong></span> <span class='ocrx_word' id='word_1_257' title='bbox 1455 1053 1588 1082; x_wconf 79' lang='lat' dir='ltr'><em>detrahere</em></span> 
     </span>
     <span class='ocr_line' id='line_1_57' title="bbox 1206 1091 1420 1121; baseline 0.014 -3"><span class='ocrx_word' id='word_1_258' title='bbox 1206 1106 1248 1113; x_wconf 89' lang='lat'>—·</span> <span class='ocrx_word' id='word_1_259' title='bbox 1269 1091 1342 1119; x_wconf 83' lang='lat' dir='ltr'>Vale</span> <span class='ocrx_word' id='word_1_260' title='bbox 1358 1092 1377 1121; x_wconf 88' lang='lat' dir='ltr'><strong>P</strong></span> <span class='ocrx_word' id='word_1_261' title='bbox 1393 1094 1420 1121; x_wconf 82' lang='grc' dir='ltr'>α’.</span> 
     </span>
     <span class='ocr_line' id='line_1_58' title="bbox 1211 1129 1842 1169; baseline 0.002 -11"><span class='ocrx_word' id='word_1_262' title='bbox 1211 1141 1221 1161; x_wconf 86' lang='lat'><em>1</em></span> <span class='ocrx_word' id='word_1_263' title='bbox 1231 1141 1244 1167; x_wconf 86' lang='lat'>3</span> <span class='ocrx_word' id='word_1_264' title='bbox 1267 1129 1303 1158; x_wconf 88' lang='lat' dir='ltr'>ab</span> <span class='ocrx_word' id='word_1_265' title='bbox 1318 1131 1455 1168; x_wconf 88' lang='lat' dir='ltr'>ejusmodi</span> <span class='ocrx_word' id='word_1_266' title='bbox 1469 1130 1585 1159; x_wconf 86' lang='lat' dir='ltr'>homine</span> <span class='ocrx_word' id='word_1_267' title='bbox 1602 1131 1623 1159; x_wconf 91' lang='lat' dir='ltr'><strong>F</strong></span> <span class='ocrx_word' id='word_1_268' title='bbox 1638 1143 1651 1158; x_wconf 84' lang='lat' dir='ltr'><em>v</em></span> <span class='ocrx_word' id='word_1_269' title='bbox 1666 1130 1782 1169; x_wconf 82' lang='lat' dir='ltr'><em>ejusmodi</em></span> <span class='ocrx_word' id='word_1_270' title='bbox 1795 1130 1842 1159; x_wconf 55' lang='lat' dir='ltr'>boss</span> 
     </span>
     <span class='ocr_line' id='line_1_59' title="bbox 1315 1170 1746 1210; baseline 0.007 -12"><span class='ocrx_word' id='word_1_271' title='bbox 1315 1174 1391 1200; x_wconf 77' lang='lat' dir='ltr'><em>mines</em></span> <span class='ocrx_word' id='word_1_272' title='bbox 1407 1172 1427 1200; x_wconf 90' lang='grc' dir='ltr'>Ρ</span> <span class='ocrx_word' id='word_1_273' title='bbox 1443 1170 1470 1207; x_wconf 78' lang='grc' dir='ltr'>ψ</span> <span class='ocrx_word' id='word_1_274' title='bbox 1484 1170 1624 1210; x_wconf 68' lang='lat' dir='ltr'><em>hty&#39;usmodi</em></span> <span class='ocrx_word' id='word_1_275' title='bbox 1637 1171 1746 1201; x_wconf 74' lang='lat' dir='ltr'><em>homines</em></span> 
     </span>
     <span class='ocr_line' id='line_1_60' title="bbox 1212 1211 1407 1247; baseline 0.005 -8"><span class='ocrx_word' id='word_1_276' title='bbox 1212 1218 1249 1247; x_wconf 87' lang='lat'>14</span> <span class='ocrx_word' id='word_1_277' title='bbox 1271 1216 1298 1238; x_wconf 86' lang='lat' dir='ltr'>te</span> <span class='ocrx_word' id='word_1_278' title='bbox 1315 1211 1336 1238; x_wconf 85' lang='lat' dir='ltr'>F</span> <span class='ocrx_word' id='word_1_279' title='bbox 1351 1223 1369 1239; x_wconf 75' lang='lat' dir='ltr'><strong><em>a</em></strong></span> <span class='ocrx_word' id='word_1_280' title='bbox 1382 1220 1407 1240; x_wconf 78' lang='lat' dir='ltr'>te</span> 
     </span>
     <span class='ocr_line' id='line_1_61' title="bbox 1212 1250 1464 1284; baseline 0.008 -7"><span class='ocrx_word' id='word_1_281' title='bbox 1212 1266 1253 1273; x_wconf 96' lang='lat'>—</span> <span class='ocrx_word' id='word_1_282' title='bbox 1274 1259 1308 1278; x_wconf 85' lang='lat' dir='ltr'>ne</span> <span class='ocrx_word' id='word_1_283' title='bbox 1323 1251 1344 1278; x_wconf 89' lang='lat' dir='ltr'>F</span> <span class='ocrx_word' id='word_1_284' title='bbox 1360 1251 1380 1278; x_wconf 90' lang='lat' dir='ltr'>P</span> <span class='ocrx_word' id='word_1_285' title='bbox 1396 1250 1422 1284; x_wconf 71' lang='grc' dir='ltr'>ψ</span> <span class='ocrx_word' id='word_1_286' title='bbox 1436 1253 1464 1279; x_wconf 88' lang='lat' dir='ltr'>d.</span> 
     </span>
     <span class='ocr_line' id='line_1_62' title="bbox 1214 1290 1524 1328; baseline 0.003 -10"><span class='ocrx_word' id='word_1_287' title='bbox 1214 1299 1247 1328; x_wconf 80' lang='lat'>¹5</span> <span class='ocrx_word' id='word_1_288' title='bbox 1271 1290 1336 1318; x_wconf 89' lang='lat' dir='ltr'>volo</span> <span class='ocrx_word' id='word_1_289' title='bbox 1357 1292 1377 1319; x_wconf 89' lang='lat' dir='ltr'>F</span> <span class='ocrx_word' id='word_1_290' title='bbox 1394 1291 1415 1319; x_wconf 93' lang='lat' dir='ltr'>P</span> <span class='ocrx_word' id='word_1_291' title='bbox 1430 1290 1456 1326; x_wconf 73' lang='grc' dir='ltr'>ψ</span> <span class='ocrx_word' id='word_1_292' title='bbox 1471 1290 1524 1319; x_wconf 79' lang='lat' dir='ltr'><em>nolo</em></span> 
     </span>
     <span class='ocr_line' id='line_1_63' title="bbox 1211 1328 1727 1366; baseline 0.002 -8"><span class='ocrx_word' id='word_1_293' title='bbox 1211 1345 1251 1352; x_wconf 91' lang='lat'>—</span> <span class='ocrx_word' id='word_1_294' title='bbox 1272 1331 1379 1358; x_wconf 80' lang='lat' dir='ltr'>tametfi</span> <span class='ocrx_word' id='word_1_295' title='bbox 1397 1331 1439 1359; x_wconf 84' lang='lat' dir='ltr'>bis</span> <span class='ocrx_word' id='word_1_296' title='bbox 1455 1331 1476 1358; x_wconf 89' lang='lat' dir='ltr'>F</span> <span class='ocrx_word' id='word_1_297' title='bbox 1491 1338 1575 1359; x_wconf 83' lang='lat' dir='ltr'><em>tamen</em></span> <span class='ocrx_word' id='word_1_298' title='bbox 1589 1330 1609 1359; x_wconf 88' lang='lat' dir='ltr'>P</span> <span class='ocrx_word' id='word_1_299' title='bbox 1624 1328 1727 1366; x_wconf 78' lang='lat' dir='ltr'><em>tamefi</em></span> 
     </span>
     <span class='ocr_line' id='line_1_64' title="bbox 1211 1370 1575 1399; baseline -0.003 0"><span class='ocrx_word' id='word_1_300' title='bbox 1211 1385 1252 1392; x_wconf 92' lang='lat'>—</span> <span class='ocrx_word' id='word_1_301' title='bbox 1273 1370 1394 1399; x_wconf 83' lang='lat' dir='ltr'>invitum</span> <span class='ocrx_word' id='word_1_302' title='bbox 1410 1371 1431 1398; x_wconf 92' lang='lat' dir='ltr'>F</span> <span class='ocrx_word' id='word_1_303' title='bbox 1445 1373 1575 1399; x_wconf 83' lang='lat' dir='ltr'><em>inimicum</em></span> 
     </span>
     <span class='ocr_line' id='line_1_65' title="bbox 1217 1409 1717 1445; baseline 0.002 -7"><span class='ocrx_word' id='word_1_304' title='bbox 1217 1410 1251 1438; x_wconf 88' lang='grc'>16</span> <span class='ocrx_word' id='word_1_305' title='bbox 1275 1410 1400 1439; x_wconf 87' lang='lat' dir='ltr'>Lollium</span> <span class='ocrx_word' id='word_1_306' title='bbox 1419 1411 1440 1438; x_wconf 89' lang='lat' dir='ltr'>F</span> <span class='ocrx_word' id='word_1_307' title='bbox 1451 1425 1464 1439; x_wconf 83' lang='grc' dir='ltr'><em>υ</em></span> <span class='ocrx_word' id='word_1_308' title='bbox 1477 1410 1572 1439; x_wconf 85' lang='lat' dir='ltr'><em>Lelium</em></span> <span class='ocrx_word' id='word_1_309' title='bbox 1582 1410 1607 1445; x_wconf 71' lang='grc' dir='ltr'>ψ</span> <span class='ocrx_word' id='word_1_310' title='bbox 1618 1409 1717 1439; x_wconf 78' lang='lat' dir='ltr'><em>Lolium</em></span> 
     </span>
     <span class='ocr_line' id='line_1_66' title="bbox 1218 1451 1424 1486; baseline 0.01 -9"><span class='ocrx_word' id='word_1_311' title='bbox 1218 1459 1252 1486; x_wconf 91' lang='lat'>¹9</span> <span class='ocrx_word' id='word_1_312' title='bbox 1275 1451 1346 1478; x_wconf 88' lang='lat' dir='ltr'><strong>Vale</strong></span> <span class='ocrx_word' id='word_1_313' title='bbox 1362 1451 1382 1478; x_wconf 78' lang='lat' dir='ltr'>P</span> <span class='ocrx_word' id='word_1_314' title='bbox 1397 1451 1424 1479; x_wconf 85' lang='lat' dir='ltr'>d.</span> 
     </span>
     <span class='ocr_line' id='line_1_67' title="bbox 1216 1490 1606 1519; baseline 0 -2"><span class='ocrx_word' id='word_1_315' title='bbox 1216 1499 1253 1518; x_wconf 85' lang='lat'>22</span> <span class='ocrx_word' id='word_1_316' title='bbox 1277 1497 1386 1518; x_wconf 88' lang='lat' dir='ltr'>tantum</span> <span class='ocrx_word' id='word_1_317' title='bbox 1401 1503 1415 1518; x_wconf 79' lang='lat' dir='ltr'><em>v</em></span> <span class='ocrx_word' id='word_1_318' title='bbox 1429 1496 1529 1519; x_wconf 81' lang='lat' dir='ltr'><em>tantum</em></span> <span class='ocrx_word' id='word_1_319' title='bbox 1540 1490 1606 1518; x_wconf 74' lang='lat' dir='ltr'><em>mihi</em></span> 
     </span>
     <span class='ocr_line' id='line_1_68' title="bbox 1215 1529 1434 1567; baseline 0.005 -10"><span class='ocrx_word' id='word_1_320' title='bbox 1215 1539 1250 1566; x_wconf 82' lang='lat'>23</span> <span class='ocrx_word' id='word_1_321' title='bbox 1275 1529 1361 1557; x_wconf 83' lang='lat' dir='ltr'>fuerit</span> <span class='ocrx_word' id='word_1_322' title='bbox 1374 1531 1434 1567; x_wconf 80' lang='lat' dir='ltr'>ufit</span> 
     </span>
     <span class='ocr_line' id='line_1_69' title="bbox 1215 1567 1703 1607; baseline -0.002 -10"><span class='ocrx_word' id='word_1_323' title='bbox 1215 1570 1252 1597; x_wconf 84' lang='lat'>26</span> <span class='ocrx_word' id='word_1_324' title='bbox 1274 1570 1325 1607; x_wconf 81' lang='lat' dir='ltr'>qui</span> <span class='ocrx_word' id='word_1_325' title='bbox 1341 1569 1393 1597; x_wconf 85' lang='lat' dir='ltr'>hac</span> <span class='ocrx_word' id='word_1_326' title='bbox 1409 1571 1462 1597; x_wconf 82' lang='lat' dir='ltr'>iter</span> <span class='ocrx_word' id='word_1_327' title='bbox 1477 1568 1620 1598; x_wconf 83' lang='lat' dir='ltr'>faciebant</span> <span class='ocrx_word' id='word_1_328' title='bbox 1635 1567 1662 1604; x_wconf 72' lang='grc' dir='ltr'>ψ</span> <span class='ocrx_word' id='word_1_329' title='bbox 1676 1570 1703 1597; x_wconf 83' lang='lat' dir='ltr'>d.</span> 
     </span>
     <span class='ocr_line' id='line_1_70' title="bbox 1239 1609 1534 1646; baseline 0.003 -9"><span class='ocrx_word' id='word_1_330' title='bbox 1239 1619 1248 1637; x_wconf 92' lang='lat'>1</span> <span class='ocrx_word' id='word_1_331' title='bbox 1275 1609 1369 1637; x_wconf 82' lang='lat' dir='ltr'>senatu</span> <span class='ocrx_word' id='word_1_332' title='bbox 1386 1610 1534 1646; x_wconf 78' lang='lat' dir='ltr'>Ffitmtum</span> 
     </span>
     <span class='ocr_line' id='line_1_71' title="bbox 1235 1649 1575 1678; baseline -0.003 -1"><span class='ocrx_word' id='word_1_333' title='bbox 1235 1659 1250 1677; x_wconf 85' lang='lat'>2</span> <span class='ocrx_word' id='word_1_334' title='bbox 1273 1657 1390 1677; x_wconf 86' lang='lat' dir='ltr'>conatus</span> <span class='ocrx_word' id='word_1_335' title='bbox 1405 1649 1427 1677; x_wconf 90' lang='lat' dir='ltr'>F</span> <span class='ocrx_word' id='word_1_336' title='bbox 1442 1649 1462 1676; x_wconf 91' lang='lat' dir='ltr'>P</span> <span class='ocrx_word' id='word_1_337' title='bbox 1476 1654 1575 1678; x_wconf 58' lang='lat' dir='ltr'><em>coneus</em></span> 
     </span>
     <span class='ocr_line' id='line_1_72' title="bbox 1238 1689 1399 1727; baseline 0 -11"><span class='ocrx_word' id='word_1_338' title='bbox 1238 1699 1252 1727; x_wconf 80' lang='lat'>3</span> <span class='ocrx_word' id='word_1_339' title='bbox 1277 1697 1325 1717; x_wconf 90' lang='lat' dir='ltr'>tua</span> <span class='ocrx_word' id='word_1_340' title='bbox 1338 1689 1359 1716; x_wconf 91' lang='lat' dir='ltr'>F</span> <span class='ocrx_word' id='word_1_341' title='bbox 1374 1690 1399 1716; x_wconf 88' lang='lat' dir='ltr'>d.</span> 
     </span>
     <span class='ocr_line' id='line_1_73' title="bbox 1238 1728 1509 1767; baseline 0 -11"><span class='ocrx_word' id='word_1_342' title='bbox 1238 1739 1252 1767; x_wconf 77' lang='lat'>5</span> <span class='ocrx_word' id='word_1_343' title='bbox 1278 1728 1369 1756; x_wconf 72' lang='lat' dir='ltr'>vicisti</span> <span class='ocrx_word' id='word_1_344' title='bbox 1388 1729 1409 1756; x_wconf 81' lang='lat' dir='ltr'>F</span> <span class='ocrx_word' id='word_1_345' title='bbox 1422 1728 1509 1764; x_wconf 79' lang='lat' dir='ltr'><em>ulcisci</em></span> 
     </span>
     <span class='ocr_line' id='line_1_74' title="bbox 1237 1769 1447 1797; baseline 0.005 -1"><span class='ocrx_word' id='word_1_346' title='bbox 1237 1769 1255 1796; x_wconf 89' lang='lat'><strong>6</strong></span> <span class='ocrx_word' id='word_1_347' title='bbox 1278 1777 1308 1797; x_wconf 85' lang='lat' dir='ltr'>ut</span> <span class='ocrx_word' id='word_1_348' title='bbox 1324 1769 1344 1796; x_wconf 89' lang='lat' dir='ltr'>F</span> <span class='ocrx_word' id='word_1_349' title='bbox 1359 1781 1371 1796; x_wconf 82' lang='lat' dir='ltr'><em>v</em></span> <span class='ocrx_word' id='word_1_350' title='bbox 1385 1780 1447 1797; x_wconf 85' lang='lat' dir='ltr'><em>vero</em></span> 
     </span>
     <span class='ocr_line' id='line_1_75' title="bbox 1216 1808 1600 1837; baseline 0.003 -1"><span class='ocrx_word' id='word_1_351' title='bbox 1216 1824 1256 1830; x_wconf 90' lang='lat'><em>-</em></span> <span class='ocrx_word' id='word_1_352' title='bbox 1277 1809 1426 1837; x_wconf 86' lang='lat' dir='ltr'>adduceris</span> <span class='ocrx_word' id='word_1_353' title='bbox 1442 1809 1464 1836; x_wconf 92' lang='lat' dir='ltr'>F</span> <span class='ocrx_word' id='word_1_354' title='bbox 1477 1808 1600 1837; x_wconf 59' lang='lat' dir='ltr'><em>adduam</em></span> 
     </span>
     <span class='ocr_line' id='line_1_76' title="bbox 1237 1849 1497 1886; baseline 0 -10"><span class='ocrx_word' id='word_1_355' title='bbox 1237 1858 1254 1885; x_wconf 89' lang='lat'><strong><em>7</em></strong></span> <span class='ocrx_word' id='word_1_356' title='bbox 1276 1858 1359 1886; x_wconf 88' lang='lat' dir='ltr'>opem</span> <span class='ocrx_word' id='word_1_357' title='bbox 1374 1849 1394 1877; x_wconf 92' lang='lat' dir='ltr'>F</span> <span class='ocrx_word' id='word_1_358' title='bbox 1407 1850 1497 1886; x_wconf 78' lang='lat' dir='ltr'><em>optime</em></span> 
     </span>
     <span class='ocr_line' id='line_1_77' title="bbox 1239 1888 1437 1926; baseline -0.005 -9"><span class='ocrx_word' id='word_1_359' title='bbox 1239 1891 1254 1917; x_wconf 89' lang='lat'>8</span> <span class='ocrx_word' id='word_1_360' title='bbox 1278 1889 1327 1916; x_wconf 85' lang='lat' dir='ltr'>Sin</span> <span class='ocrx_word' id='word_1_361' title='bbox 1344 1889 1364 1916; x_wconf 89' lang='lat' dir='ltr'>F</span> <span class='ocrx_word' id='word_1_362' title='bbox 1380 1888 1437 1926; x_wconf 83' lang='lat' dir='ltr'>Psi</span> 
     </span>
     <span class='ocr_line' id='line_1_78' title="bbox 1222 1928 1739 1965; baseline -0.002 -8"><span class='ocrx_word' id='word_1_363' title='bbox 1222 1938 1232 1957; x_wconf 85' lang='lat'>1</span> <span class='ocrx_word' id='word_1_364' title='bbox 1243 1938 1252 1956; x_wconf 92' lang='grc'>1</span> <span class='ocrx_word' id='word_1_365' title='bbox 1278 1928 1476 1956; x_wconf 81' lang='lat' dir='ltr'>servandorum</span> <span class='ocrx_word' id='word_1_366' title='bbox 1490 1928 1516 1962; x_wconf 71' lang='grc' dir='ltr'>ψ</span> <span class='ocrx_word' id='word_1_367' title='bbox 1530 1928 1739 1965; x_wconf 77' lang='lat' dir='ltr'><em>restrvandorum</em></span> 
     </span>
     <span class='ocr_line' id='line_1_79' title="bbox 1222 1968 1457 1997; baseline -0.004 0"><span class='ocrx_word' id='word_1_368' title='bbox 1222 1977 1232 1997; x_wconf 94' lang='grc'>1</span> <span class='ocrx_word' id='word_1_369' title='bbox 1242 1979 1256 1996; x_wconf 86' lang='lat' dir='ltr'>z</span> <span class='ocrx_word' id='word_1_370' title='bbox 1280 1968 1352 1995; x_wconf 81' lang='lat' dir='ltr'>Vale</span> <span class='ocrx_word' id='word_1_371' title='bbox 1367 1969 1387 1996; x_wconf 91' lang='lat' dir='ltr'>P</span> <span class='ocrx_word' id='word_1_372' title='bbox 1402 1982 1415 1996; x_wconf 82' lang='lat' dir='ltr'><em>v</em></span> <span class='ocrx_word' id='word_1_373' title='bbox 1430 1971 1457 1996; x_wconf 82' lang='lat' dir='ltr'>d.</span> 
     </span>
     <span class='ocr_line' id='line_1_80' title="bbox 1223 2008 1457 2047; baseline 0.004 -11"><span class='ocrx_word' id='word_1_374' title='bbox 1223 2018 1256 2046; x_wconf 81' lang='lat'>¹5</span> <span class='ocrx_word' id='word_1_375' title='bbox 1280 2017 1337 2045; x_wconf 89' lang='lat' dir='ltr'>quo</span> <span class='ocrx_word' id='word_1_376' title='bbox 1354 2008 1374 2036; x_wconf 89' lang='lat' dir='ltr'>F</span> <span class='ocrx_word' id='word_1_377' title='bbox 1389 2011 1457 2047; x_wconf 80' lang='lat' dir='ltr'><em>quod</em></span> 
     </span>
     <span class='ocr_line' id='line_1_81' title="bbox 1223 2048 1388 2077; baseline -0.012 0"><span class='ocrx_word' id='word_1_378' title='bbox 1223 2050 1258 2077; x_wconf 79' lang='lat'>¹6</span> <span class='ocrx_word' id='word_1_379' title='bbox 1280 2048 1313 2075; x_wconf 71' lang='lat' dir='ltr'>iis</span> <span class='ocrx_word' id='word_1_380' title='bbox 1331 2049 1351 2076; x_wconf 88' lang='lat' dir='ltr'>F</span> <span class='ocrx_word' id='word_1_381' title='bbox 1366 2051 1388 2076; x_wconf 82' lang='lat' dir='ltr'>is</span> 
     </span>
     <span class='ocr_line' id='line_1_82' title="bbox 1224 2087 1585 2117; baseline 0.003 -1"><span class='ocrx_word' id='word_1_382' title='bbox 1224 2091 1257 2116; x_wconf 84' lang='grc'>18</span> <span class='ocrx_word' id='word_1_383' title='bbox 1280 2087 1408 2116; x_wconf 87' lang='lat' dir='ltr'>omnium</span> <span class='ocrx_word' id='word_1_384' title='bbox 1423 2089 1445 2117; x_wconf 90' lang='lat' dir='ltr'>F</span> <span class='ocrx_word' id='word_1_385' title='bbox 1458 2089 1585 2117; x_wconf 72' lang='lat' dir='ltr'><em>hominum</em></span> 
     </span>
     <span class='ocr_line' id='line_1_83' title="bbox 1219 2129 1420 2156; baseline 0.01 -2"><span class='ocrx_word' id='word_1_386' title='bbox 1219 2143 1259 2149; x_wconf 88' lang='grc'>-</span> <span class='ocrx_word' id='word_1_387' title='bbox 1280 2129 1310 2155; x_wconf 73' lang='lat' dir='ltr'>in</span> <span class='ocrx_word' id='word_1_388' title='bbox 1326 2136 1354 2155; x_wconf 79' lang='lat' dir='ltr'>te</span> <span class='ocrx_word' id='word_1_389' title='bbox 1369 2142 1381 2156; x_wconf 80' lang='lat' dir='ltr'><em>v</em></span> <span class='ocrx_word' id='word_1_390' title='bbox 1396 2129 1420 2156; x_wconf 79' lang='lat' dir='ltr'>d.</span> 
     </span>
     <span class='ocr_line' id='line_1_84' title="bbox 1221 2167 1488 2206; baseline 0 -10"><span class='ocrx_word' id='word_1_391' title='bbox 1221 2178 1253 2196; x_wconf 78' lang='lat'>21</span> <span class='ocrx_word' id='word_1_392' title='bbox 1280 2167 1343 2206; x_wconf 85' lang='lat' dir='ltr'>Ego</span> <span class='ocrx_word' id='word_1_393' title='bbox 1357 2181 1370 2196; x_wconf 84' lang='grc' dir='ltr'><strong>υ</strong></span> <span class='ocrx_word' id='word_1_394' title='bbox 1386 2170 1488 2206; x_wconf 81' lang='lat' dir='ltr'><em>Sedego</em></span> 
     </span>
     <span class='ocr_line' id='line_1_85' title="bbox 1220 2207 1530 2242; baseline -0.003 -6"><span class='ocrx_word' id='word_1_395' title='bbox 1220 2218 1256 2236; x_wconf 79' lang='lat' dir='ltr'>zz</span> <span class='ocrx_word' id='word_1_396' title='bbox 1279 2207 1391 2235; x_wconf 80' lang='lat' dir='ltr'>debeat.</span> <span class='ocrx_word' id='word_1_397' title='bbox 1408 2207 1435 2242; x_wconf 67' lang='grc' dir='ltr'>ψ</span> <span class='ocrx_word' id='word_1_398' title='bbox 1448 2208 1530 2236; x_wconf 75' lang='lat' dir='ltr'><em>debet.</em></span> 
     </span>
     <span class='ocr_line' id='line_1_86' title="bbox 1220 2247 1766 2285; baseline 0.002 -11"><span class='ocrx_word' id='word_1_399' title='bbox 1220 2257 1256 2285; x_wconf 81' lang='lat'>23</span> <span class='ocrx_word' id='word_1_400' title='bbox 1279 2257 1343 2284; x_wconf 74' lang='lat' dir='ltr'>quae</span> <span class='ocrx_word' id='word_1_401' title='bbox 1358 2247 1392 2274; x_wconf 82' lang='lat' dir='ltr'>ad</span> <span class='ocrx_word' id='word_1_402' title='bbox 1408 2256 1488 2275; x_wconf 83' lang='lat' dir='ltr'>tuum</span> <span class='ocrx_word' id='word_1_403' title='bbox 1504 2247 1686 2277; x_wconf 86' lang='lat' dir='ltr'>commodum</span> <span class='ocrx_word' id='word_1_404' title='bbox 1707 2247 1729 2276; x_wconf 90' lang='lat' dir='ltr'>F</span> <span class='ocrx_word' id='word_1_405' title='bbox 1743 2247 1766 2275; x_wconf 89' lang='lat' dir='ltr'>d.</span> 
     </span>
     <span class='ocr_line' id='line_1_87' title="bbox 1220 2287 1601 2325; baseline 0 -9"><span class='ocrx_word' id='word_1_406' title='bbox 1220 2298 1255 2325; x_wconf 80' lang='lat'>²5</span> <span class='ocrx_word' id='word_1_407' title='bbox 1279 2287 1396 2315; x_wconf 78' lang='lat' dir='ltr'>relatam</span> <span class='ocrx_word' id='word_1_408' title='bbox 1413 2288 1433 2315; x_wconf 89' lang='lat' dir='ltr'>F</span> <span class='ocrx_word' id='word_1_409' title='bbox 1450 2287 1470 2314; x_wconf 92' lang='lat' dir='ltr'>P</span> <span class='ocrx_word' id='word_1_410' title='bbox 1485 2288 1601 2316; x_wconf 61' lang='lat' dir='ltr'><em>reltaam</em></span> 
     </span>
     <span class='ocr_line' id='line_1_88' title="bbox 1217 2327 1399 2354; baseline 0.011 -2"><span class='ocrx_word' id='word_1_411' title='bbox 1217 2342 1258 2348; x_wconf 92' lang='lat'>—-</span> <span class='ocrx_word' id='word_1_412' title='bbox 1279 2327 1331 2354; x_wconf 78' lang='lat' dir='ltr'>effe</span> <span class='ocrx_word' id='word_1_413' title='bbox 1345 2340 1357 2354; x_wconf 84' lang='grc' dir='ltr'>υ</span> <span class='ocrx_word' id='word_1_414' title='bbox 1372 2329 1399 2354; x_wconf 83' lang='lat' dir='ltr'>d.</span> 
     </span>
     <span class='ocr_line' id='line_1_89' title="bbox 1221 2367 1378 2403; baseline -0.006 -8"><span class='ocrx_word' id='word_1_415' title='bbox 1221 2377 1256 2403; x_wconf 86' lang='lat'>27</span> <span class='ocrx_word' id='word_1_416' title='bbox 1280 2367 1309 2394; x_wconf 82' lang='lat' dir='ltr'>id</span> <span class='ocrx_word' id='word_1_417' title='bbox 1325 2380 1337 2394; x_wconf 83' lang='grc' dir='ltr'><strong><em>υ</em></strong></span> <span class='ocrx_word' id='word_1_418' title='bbox 1353 2367 1378 2394; x_wconf 80' lang='lat' dir='ltr'>d.</span> 
     </span>
     <span class='ocr_line' id='line_1_90' title="bbox 1222 2407 1436 2436; baseline -0.009 0"><span class='ocrx_word' id='word_1_419' title='bbox 1222 2409 1258 2436; x_wconf 80' lang='lat'>28</span> <span class='ocrx_word' id='word_1_420' title='bbox 1282 2407 1368 2435; x_wconf 77' lang='lat' dir='ltr'><strong>solere</strong></span> <span class='ocrx_word' id='word_1_421' title='bbox 1382 2420 1395 2434; x_wconf 80' lang='grc' dir='ltr'><strong>υ</strong></span> <span class='ocrx_word' id='word_1_422' title='bbox 1410 2409 1436 2435; x_wconf 88' lang='lat' dir='ltr'>d.</span> 
     </span>
     <span class='ocr_line' id='line_1_91' title="bbox 1145 2445 1677 2484; baseline -0.006 -8"><span class='ocrx_word' id='word_1_423' title='bbox 1145 2457 1198 2476; x_wconf 63' lang='grc' dir='ltr'>κα</span> <span class='ocrx_word' id='word_1_424' title='bbox 1245 2457 1254 2475; x_wconf 93' lang='grc'>1</span> <span class='ocrx_word' id='word_1_425' title='bbox 1281 2455 1361 2484; x_wconf 82' lang='lat' dir='ltr'>potes</span> <span class='ocrx_word' id='word_1_426' title='bbox 1376 2447 1398 2474; x_wconf 94' lang='lat' dir='ltr'>F</span> <span class='ocrx_word' id='word_1_427' title='bbox 1409 2448 1478 2484; x_wconf 80' lang='lat' dir='ltr'><em>poffls</em></span> <span class='ocrx_word' id='word_1_428' title='bbox 1494 2460 1507 2474; x_wconf 75' lang='lat' dir='ltr'><em>v</em></span> <span class='ocrx_word' id='word_1_429' title='bbox 1512 2445 1600 2484; x_wconf 75' lang='lat' dir='ltr'><em>facile</em></span> <span class='ocrx_word' id='word_1_430' title='bbox 1609 2454 1677 2482; x_wconf 67' lang='lat' dir='ltr'>pom</span> 
     </span>
     <span class='ocr_line' id='line_1_92' title="bbox 1242 2487 1709 2525; baseline -0.006 -9"><span class='ocrx_word' id='word_1_431' title='bbox 1242 2498 1256 2525; x_wconf 87' lang='lat'>3</span> <span class='ocrx_word' id='word_1_432' title='bbox 1280 2487 1433 2517; x_wconf 82' lang='lat' dir='ltr'>constantia</span> <span class='ocrx_word' id='word_1_433' title='bbox 1445 2488 1466 2516; x_wconf 92' lang='lat' dir='ltr'>F</span> <span class='ocrx_word' id='word_1_434' title='bbox 1480 2500 1493 2515; x_wconf 75' lang='lat' dir='ltr'><em>v</em></span> <span class='ocrx_word' id='word_1_435' title='bbox 1506 2488 1647 2522; x_wconf 76' lang='lat' dir='ltr'><em>constantia</em></span> <span class='ocrx_word' id='word_1_436' title='bbox 1660 2491 1709 2514; x_wconf 74' lang='lat' dir='ltr'>tua</span> 
     </span>
     <span class='ocr_line' id='line_1_93' title="bbox 1501 2526 1597 2554; baseline -0.01 0"><span class='ocrx_word' id='word_1_437' title='bbox 1501 2526 1530 2554; x_wconf 92' lang='lat' dir='ltr'>N</span> <span class='ocrx_word' id='word_1_438' title='bbox 1546 2535 1564 2554; x_wconf 86' lang='lat' dir='ltr'>n</span> <span class='ocrx_word' id='word_1_439' title='bbox 1580 2534 1597 2553; x_wconf 89' lang='lat' dir='ltr'>n</span> 
     </span>
    </p>
   </div>
   <div class='ocr_carea' id='block_1_12' title="bbox 1137 1618 1188 1638">
    <p class='ocr_par' dir='ltr' id='par_1_12' title="bbox 1137 1618 1188 1638">
     <span class='ocr_line' id='line_1_94' title="bbox 1137 1618 1188 1638; baseline 0 0"><span class='ocrx_word' id='word_1_440' title='bbox 1137 1618 1188 1638; x_wconf 79' lang='lat'>101</span> 
     </span>
    </p>
   </div>
  </div>
 </body>
</html>
