<?xml version="1.0" encoding="UTF-8"?>
<!DOCTYPE html PUBLIC "-//W3C//DTD XHTML 1.0 Transitional//EN"
    "http://www.w3.org/TR/xhtml1/DTD/xhtml1-transitional.dtd">
<html xmlns="http://www.w3.org/1999/xhtml" xml:lang="en" lang="en">
 <head>
  <title>
</title>
<meta http-equiv="Content-Type" content="text/html;charset=utf-8" />
  <meta name='ocr-system' content='tesseract 3.04.00' />
  <meta name='ocr-capabilities' content='ocr_page ocr_carea ocr_par ocr_line ocrx_word'/>
</head>
<body>
  <div class='ocr_page' id='page_1' title='image "./operacumindicibu07ciceuoft_0021.png"; bbox 0 0 2351 2997; ppageno 0'>
   <div class='ocr_carea' id='block_1_1' title="bbox 749 543 1511 606">
    <p class='ocr_par' dir='ltr' id='par_1_1' title="bbox 749 543 1511 606">
     <span class='ocr_line' id='line_1_1' title="bbox 749 543 1511 606; baseline -0.01 0"><span class='ocrx_word' id='word_1_1' title='bbox 749 550 840 606; x_wconf 87' lang='lat' dir='ltr'>M.</span> <span class='ocrx_word' id='word_1_2' title='bbox 958 543 1511 604; x_wconf 93' lang='lat' dir='ltr'>TULLII</span> 
     </span>
    </p>
   </div>
   <div class='ocr_carea' id='block_1_2' title="bbox 479 708 1789 1017">
    <p class='ocr_par' dir='ltr' id='par_1_2' title="bbox 479 708 1789 1017">
     <span class='ocr_line' id='line_1_2' title="bbox 479 708 1789 812; baseline -0.01 0"><span class='ocrx_word' id='word_1_3' title='bbox 479 708 1789 812; x_wconf 84' lang='lat' dir='ltr'>CICERONIS</span> 
     </span>
     <span class='ocr_line' id='line_1_3' title="bbox 681 935 1584 1017; baseline -0.012 1"><span class='ocrx_word' id='word_1_4' title='bbox 681 935 1584 1017; x_wconf 84' lang='lat' dir='ltr'>EPISTOLAE</span> 
     </span>
    </p>
   </div>
   <div class='ocr_carea' id='block_1_3' title="bbox 499 1141 1763 1209">
    <p class='ocr_par' dir='ltr' id='par_1_3' title="bbox 499 1141 1763 1209">
     <span class='ocr_line' id='line_1_4' title="bbox 499 1141 1763 1209; baseline -0.011 0"><span class='ocrx_word' id='word_1_5' title='bbox 499 1153 672 1209; x_wconf 81' lang='lat' dir='ltr'>AD</span> <span class='ocrx_word' id='word_1_6' title='bbox 800 1141 1763 1204; x_wconf 88' lang='lat' dir='ltr'>FAMILIARES.</span> 
     </span>
    </p>
   </div>
   <div class='ocr_carea' id='block_1_4' title="bbox 936 1361 1334 1400">
    <p class='ocr_par' dir='ltr' id='par_1_4' title="bbox 936 1361 1334 1400">
     <span class='ocr_line' id='line_1_5' title="bbox 936 1361 1334 1400; baseline -0.008 0"><span class='ocrx_word' id='word_1_7' title='bbox 936 1361 1214 1400; x_wconf 89' lang='lat' dir='ltr'>LIBER</span> <span class='ocrx_word' id='word_1_8' title='bbox 1302 1361 1334 1398; x_wconf 87' lang='grc' dir='ltr'>Ι,</span> 
     </span>
    </p>
   </div>
   <div class='ocr_carea' id='block_1_5' title="bbox 581 1520 1691 1569">
    <p class='ocr_par' dir='ltr' id='par_1_5' title="bbox 581 1520 1691 1569">
     <span class='ocr_line' id='line_1_6' title="bbox 581 1520 1691 1569; baseline -0.011 1"><span class='ocrx_word' id='word_1_9' title='bbox 581 1530 644 1569; x_wconf 92' lang='grc' dir='ltr'>Μ.</span> <span class='ocrx_word' id='word_1_10' title='bbox 678 1530 732 1569; x_wconf 90' lang='grc' dir='ltr'>Τ.</span> <span class='ocrx_word' id='word_1_11' title='bbox 766 1530 814 1567; x_wconf 92' lang='lat' dir='ltr'>C.</span> <span class='ocrx_word' id='word_1_12' title='bbox 849 1528 893 1566; x_wconf 90' lang='lat' dir='ltr'>P.</span> <span class='ocrx_word' id='word_1_13' title='bbox 939 1527 1231 1565; x_wconf 78' lang='lat' dir='ltr'>LENTULO</span> <span class='ocrx_word' id='word_1_14' title='bbox 1274 1524 1519 1562; x_wconf 67' lang='lat' dir='ltr'>Pnocos.</span> <span class='ocrx_word' id='word_1_15' title='bbox 1565 1522 1602 1559; x_wconf 84' lang='lat' dir='ltr'>S.</span> <span class='ocrx_word' id='word_1_16' title='bbox 1636 1520 1691 1558; x_wconf 93' lang='lat' dir='ltr'>D.</span> 
     </span>
    </p>
   </div>
   <div class='ocr_carea' id='block_1_6' title="bbox 444 1640 1832 1809">
    <p class='ocr_par' dir='ltr' id='par_1_6' title="bbox 444 1640 1832 1809">
     <span class='ocr_line' id='line_1_7' title="bbox 444 1640 1832 1809; baseline -0.01 -117"><span class='ocrx_word' id='word_1_17' title='bbox 444 1653 478 1692; x_wconf 92' lang='lat' dir='ltr'>I.</span> <span class='ocrx_word' id='word_1_18' title='bbox 499 1652 635 1809; x_wconf 86' lang='lat' dir='ltr'>E</span> <span class='ocrx_word' id='word_1_19' title='bbox 658 1653 697 1690; x_wconf 91' lang='lat' dir='ltr'>G</span> <span class='ocrx_word' id='word_1_20' title='bbox 720 1652 757 1689; x_wconf 94' lang='lat' dir='ltr'>O</span> <span class='ocrx_word' id='word_1_21' title='bbox 793 1650 904 1689; x_wconf 88' lang='lat' dir='ltr'>omni</span> <span class='ocrx_word' id='word_1_22' title='bbox 933 1649 1080 1693; x_wconf 89' lang='lat' dir='ltr'>officio,</span> <span class='ocrx_word' id='word_1_23' title='bbox 1111 1661 1154 1685; x_wconf 87' lang='lat' dir='ltr'>ac</span> <span class='ocrx_word' id='word_1_24' title='bbox 1174 1647 1306 1700; x_wconf 84' lang='lat' dir='ltr'>potius</span> <span class='ocrx_word' id='word_1_25' title='bbox 1329 1646 1486 1698; x_wconf 86' lang='lat' dir='ltr'>pietate,</span> <span class='ocrx_word' id='word_1_26' title='bbox 1516 1656 1607 1695; x_wconf 88' lang='lat' dir='ltr'>erga</span> <span class='ocrx_word' id='word_1_27' title='bbox 1626 1650 1664 1680; x_wconf 86' lang='lat' dir='ltr'>te</span> <span class='ocrx_word' id='word_1_28' title='bbox 1685 1640 1832 1680; x_wconf 81' lang='lat' dir='ltr'>caeteris</span> 
     </span>
    </p>
   </div>
   <div class='ocr_carea' id='block_1_7' title="bbox 445 1705 1840 2622">
    <p class='ocr_par' dir='ltr' id='par_1_7' title="bbox 667 1705 1831 1763">
     <span class='ocr_line' id='line_1_8' title="bbox 667 1705 1831 1763; baseline -0.009 -9"><span class='ocrx_word' id='word_1_29' title='bbox 667 1715 860 1754; x_wconf 84' lang='lat' dir='ltr'>satisfacio</span> <span class='ocrx_word' id='word_1_30' title='bbox 894 1714 1097 1757; x_wconf 82' lang='lat' dir='ltr'>omnibus,</span> <span class='ocrx_word' id='word_1_31' title='bbox 1134 1711 1243 1752; x_wconf 70' lang='lat' dir='ltr'>mihi</span> <span class='ocrx_word' id='word_1_32' title='bbox 1270 1711 1350 1763; x_wconf 85' lang='lat' dir='ltr'>ipse</span> <span class='ocrx_word' id='word_1_33' title='bbox 1383 1722 1588 1761; x_wconf 87' lang='lat' dir='ltr'>nunquam</span> <span class='ocrx_word' id='word_1_34' title='bbox 1622 1705 1831 1745; x_wconf 86' lang='lat' dir='ltr'>satisfacio.</span> 
     </span>
    </p>

    <p class='ocr_par' dir='ltr' id='par_1_8' title="bbox 445 1771 1840 2622">
     <span class='ocr_line' id='line_1_9' title="bbox 668 1771 1833 1830; baseline -0.01 -10"><span class='ocrx_word' id='word_1_35' title='bbox 668 1784 798 1820; x_wconf 83' lang='lat' dir='ltr'>Tanta</span> <span class='ocrx_word' id='word_1_36' title='bbox 826 1780 934 1818; x_wconf 88' lang='lat' dir='ltr'>enim</span> <span class='ocrx_word' id='word_1_37' title='bbox 959 1776 1192 1830; x_wconf 86' lang='lat' dir='ltr'>magnitudo</span> <span class='ocrx_word' id='word_1_38' title='bbox 1212 1776 1266 1814; x_wconf 92' lang='lat' dir='ltr'>est</span> <span class='ocrx_word' id='word_1_39' title='bbox 1294 1785 1454 1813; x_wconf 88' lang='lat' dir='ltr'>tuorum</span> <span class='ocrx_word' id='word_1_40' title='bbox 1475 1786 1565 1825; x_wconf 85' lang='lat' dir='ltr'>erga</span> <span class='ocrx_word' id='word_1_41' title='bbox 1584 1786 1648 1810; x_wconf 86' lang='lat' dir='ltr'>me</span> <span class='ocrx_word' id='word_1_42' title='bbox 1668 1771 1833 1809; x_wconf 84' lang='lat' dir='ltr'>merito-</span> 
     </span>
     <span class='ocr_line' id='line_1_10' title="bbox 446 1836 1834 1900; baseline -0.011 -11"><span class='ocrx_word' id='word_1_43' title='bbox 446 1864 550 1896; x_wconf 85' lang='lat' dir='ltr'>rum,</span> <span class='ocrx_word' id='word_1_44' title='bbox 581 1858 626 1888; x_wconf 88' lang='lat' dir='ltr'>ut</span> <span class='ocrx_word' id='word_1_45' title='bbox 655 1848 845 1900; x_wconf 89' lang='lat' dir='ltr'>quoniam</span> <span class='ocrx_word' id='word_1_46' title='bbox 875 1854 933 1890; x_wconf 93' lang='lat' dir='ltr'>tu,</span> <span class='ocrx_word' id='word_1_47' title='bbox 965 1844 1035 1882; x_wconf 76' lang='lat' dir='ltr'>ulfi</span> <span class='ocrx_word' id='word_1_48' title='bbox 1066 1842 1234 1896; x_wconf 62' lang='lat' dir='ltr'>perfedta</span> <span class='ocrx_word' id='word_1_49' title='bbox 1262 1855 1315 1887; x_wconf 88' lang='lat' dir='ltr'>re,</span> <span class='ocrx_word' id='word_1_50' title='bbox 1347 1841 1394 1878; x_wconf 87' lang='lat' dir='ltr'>de</span> <span class='ocrx_word' id='word_1_51' title='bbox 1415 1853 1478 1878; x_wconf 90' lang='lat' dir='ltr'>me</span> <span class='ocrx_word' id='word_1_52' title='bbox 1499 1852 1578 1878; x_wconf 89' lang='lat' dir='ltr'>non</span> <span class='ocrx_word' id='word_1_53' title='bbox 1599 1836 1834 1891; x_wconf 87' lang='lat' dir='ltr'>conquiesti,</span> 
     </span>
     <span class='ocr_line' id='line_1_11' title="bbox 445 1902 1836 1969; baseline -0.01 -15"><span class='ocrx_word' id='word_1_54' title='bbox 445 1929 532 1969; x_wconf 85' lang='lat' dir='ltr'>ego,</span> <span class='ocrx_word' id='word_1_55' title='bbox 564 1914 657 1968; x_wconf 85' lang='lat' dir='ltr'>quia</span> <span class='ocrx_word' id='word_1_56' title='bbox 678 1926 758 1951; x_wconf 89' lang='lat' dir='ltr'>non</span> <span class='ocrx_word' id='word_1_57' title='bbox 778 1911 885 1950; x_wconf 88' lang='lat' dir='ltr'>idem</span> <span class='ocrx_word' id='word_1_58' title='bbox 905 1911 947 1949; x_wconf 87' lang='lat' dir='ltr'>in</span> <span class='ocrx_word' id='word_1_59' title='bbox 969 1919 1035 1948; x_wconf 90' lang='lat' dir='ltr'>tua</span> <span class='ocrx_word' id='word_1_60' title='bbox 1054 1908 1165 1947; x_wconf 85' lang='lat' dir='ltr'>causa</span> <span class='ocrx_word' id='word_1_61' title='bbox 1184 1907 1327 1952; x_wconf 83' lang='lat' dir='ltr'>efficio,</span> <span class='ocrx_word' id='word_1_62' title='bbox 1358 1905 1480 1944; x_wconf 87' lang='lat' dir='ltr'>vitam</span> <span class='ocrx_word' id='word_1_63' title='bbox 1507 1902 1609 1942; x_wconf 89' lang='lat' dir='ltr'>mihi</span> <span class='ocrx_word' id='word_1_64' title='bbox 1635 1902 1707 1942; x_wconf 86' lang='lat' dir='ltr'>effe</span> <span class='ocrx_word' id='word_1_65' title='bbox 1727 1914 1836 1942; x_wconf 81' lang='lat' dir='ltr'>acer-</span> 
     </span>
     <span class='ocr_line' id='line_1_12' title="bbox 446 1969 1837 2034; baseline -0.012 -13"><span class='ocrx_word' id='word_1_66' title='bbox 446 1983 538 2020; x_wconf 85' lang='lat' dir='ltr'>bam</span> <span class='ocrx_word' id='word_1_67' title='bbox 566 1990 720 2034; x_wconf 88' lang='lat' dir='ltr'>putem.</span> <span class='ocrx_word' id='word_1_68' title='bbox 766 1979 814 2017; x_wconf 94' lang='lat' dir='ltr'>In</span> <span class='ocrx_word' id='word_1_69' title='bbox 841 1977 952 2016; x_wconf 84' lang='lat' dir='ltr'>causa</span> <span class='ocrx_word' id='word_1_70' title='bbox 982 1975 1065 2014; x_wconf 75' lang='lat' dir='ltr'>haee</span> <span class='ocrx_word' id='word_1_71' title='bbox 1098 1975 1201 2013; x_wconf 90' lang='lat' dir='ltr'>sunt.</span> <span class='ocrx_word' id='word_1_72' title='bbox 1248 1972 1519 2026; x_wconf 54' lang='lat' dir='ltr'>Ammonius„</span> <span class='ocrx_word' id='word_1_73' title='bbox 1537 1970 1637 2022; x_wconf 85' lang='lat' dir='ltr'>regis</span> <span class='ocrx_word' id='word_1_74' title='bbox 1666 1969 1837 2022; x_wconf 82' lang='lat' dir='ltr'>legatus,</span> 
     </span>
     <span class='ocr_line' id='line_1_13' title="bbox 445 2034 1835 2100; baseline -0.011 -14"><span class='ocrx_word' id='word_1_75' title='bbox 445 2056 576 2100; x_wconf 84' lang='lat' dir='ltr'>aperte</span> <span class='ocrx_word' id='word_1_76' title='bbox 595 2045 763 2100; x_wconf 83' lang='lat' dir='ltr'>pecunia</span> <span class='ocrx_word' id='word_1_77' title='bbox 786 2057 856 2082; x_wconf 85' lang='lat' dir='ltr'>nos</span> <span class='ocrx_word' id='word_1_78' title='bbox 885 2050 1103 2096; x_wconf 86' lang='lat' dir='ltr'>oppugnat.</span> <span class='ocrx_word' id='word_1_79' title='bbox 1150 2041 1228 2078; x_wconf 83' lang='lat' dir='ltr'>Res</span> <span class='ocrx_word' id='word_1_80' title='bbox 1261 2039 1390 2091; x_wconf 86' lang='lat' dir='ltr'>agitur</span> <span class='ocrx_word' id='word_1_81' title='bbox 1421 2051 1490 2090; x_wconf 86' lang='lat' dir='ltr'>per</span> <span class='ocrx_word' id='word_1_82' title='bbox 1521 2035 1676 2074; x_wconf 88' lang='lat' dir='ltr'>eosdem</span> <span class='ocrx_word' id='word_1_83' title='bbox 1707 2034 1835 2073; x_wconf 86' lang='lat' dir='ltr'>credi-</span> 
     </span>
     <span class='ocr_line' id='line_1_14' title="bbox 448 2099 1836 2166; baseline -0.011 -13"><span class='ocrx_word' id='word_1_84' title='bbox 448 2123 565 2160; x_wconf 81' lang='lat' dir='ltr'>tores,</span> <span class='ocrx_word' id='word_1_85' title='bbox 599 2127 666 2166; x_wconf 86' lang='lat' dir='ltr'>per</span> <span class='ocrx_word' id='word_1_86' title='bbox 686 2124 800 2165; x_wconf 87' lang='lat' dir='ltr'>quos,</span> <span class='ocrx_word' id='word_1_87' title='bbox 832 2124 926 2149; x_wconf 91' lang='lat' dir='ltr'>cum</span> <span class='ocrx_word' id='word_1_88' title='bbox 945 2118 990 2147; x_wconf 89' lang='lat' dir='ltr'>tu</span> <span class='ocrx_word' id='word_1_89' title='bbox 1010 2108 1155 2152; x_wconf 86' lang='lat' dir='ltr'>aderas,</span> <span class='ocrx_word' id='word_1_90' title='bbox 1186 2106 1385 2159; x_wconf 86' lang='lat' dir='ltr'>agebatur.</span> <span class='ocrx_word' id='word_1_91' title='bbox 1438 2103 1559 2155; x_wconf 86' lang='lat' dir='ltr'>Regis</span> <span class='ocrx_word' id='word_1_92' title='bbox 1580 2101 1691 2140; x_wconf 84' lang='lat' dir='ltr'>causa</span> <span class='ocrx_word' id='word_1_93' title='bbox 1711 2101 1737 2139; x_wconf 87' lang='lat' dir='ltr'>fi</span> <span class='ocrx_word' id='word_1_94' title='bbox 1767 2099 1836 2153; x_wconf 87' lang='lat' dir='ltr'>qui</span> 
     </span>
     <span class='ocr_line' id='line_1_15' title="bbox 449 2166 1836 2232; baseline -0.011 -14"><span class='ocrx_word' id='word_1_95' title='bbox 449 2180 538 2218; x_wconf 84' lang='lat' dir='ltr'>sunt</span> <span class='ocrx_word' id='word_1_96' title='bbox 558 2180 628 2232; x_wconf 93' lang='lat' dir='ltr'>qui</span> <span class='ocrx_word' id='word_1_97' title='bbox 647 2178 787 2223; x_wconf 86' lang='lat' dir='ltr'>velint,</span> <span class='ocrx_word' id='word_1_98' title='bbox 818 2177 888 2229; x_wconf 87' lang='lat' dir='ltr'>qui</span> <span class='ocrx_word' id='word_1_99' title='bbox 909 2175 1024 2228; x_wconf 87' lang='lat' dir='ltr'>pauci</span> <span class='ocrx_word' id='word_1_100' title='bbox 1045 2174 1149 2219; x_wconf 91' lang='lat' dir='ltr'>sunt,</span> <span class='ocrx_word' id='word_1_101' title='bbox 1180 2185 1316 2210; x_wconf 86' lang='lat' dir='ltr'>omnes</span> <span class='ocrx_word' id='word_1_102' title='bbox 1340 2184 1420 2209; x_wconf 89' lang='lat' dir='ltr'>rem</span> <span class='ocrx_word' id='word_1_103' title='bbox 1441 2169 1487 2207; x_wconf 90' lang='lat' dir='ltr'>ad</span> <span class='ocrx_word' id='word_1_104' title='bbox 1509 2168 1746 2221; x_wconf 89' lang='lat' dir='ltr'>Pompeium</span> <span class='ocrx_word' id='word_1_105' title='bbox 1766 2166 1836 2204; x_wconf 90' lang='lat' dir='ltr'>de-</span> 
     </span>
     <span class='ocr_line' id='line_1_16' title="bbox 449 2232 1839 2292; baseline -0.01 -8"><span class='ocrx_word' id='word_1_106' title='bbox 449 2245 540 2284; x_wconf 84' lang='lat' dir='ltr'>ferri</span> <span class='ocrx_word' id='word_1_107' title='bbox 561 2245 717 2284; x_wconf 89' lang='lat' dir='ltr'>volunt.</span> <span class='ocrx_word' id='word_1_108' title='bbox 764 2244 924 2281; x_wconf 84' lang='lat' dir='ltr'>Senatus</span> <span class='ocrx_word' id='word_1_109' title='bbox 946 2240 1148 2292; x_wconf 72' lang='lat' dir='ltr'>refigionis</span> <span class='ocrx_word' id='word_1_110' title='bbox 1169 2238 1410 2277; x_wconf 87' lang='lat' dir='ltr'>calumniam</span> <span class='ocrx_word' id='word_1_111' title='bbox 1432 2249 1510 2273; x_wconf 91' lang='lat' dir='ltr'>non</span> <span class='ocrx_word' id='word_1_112' title='bbox 1538 2234 1743 2287; x_wconf 88' lang='lat' dir='ltr'>religione,</span> <span class='ocrx_word' id='word_1_113' title='bbox 1773 2232 1839 2271; x_wconf 90' lang='lat' dir='ltr'>sed</span> 
     </span>
     <span class='ocr_line' id='line_1_17' title="bbox 450 2299 1835 2359; baseline -0.01 -9"><span class='ocrx_word' id='word_1_114' title='bbox 450 2312 738 2356; x_wconf 81' lang='lat' dir='ltr'>malevolentia,</span> <span class='ocrx_word' id='word_1_115' title='bbox 773 2318 812 2347; x_wconf 91' lang='lat' dir='ltr'>et</span> <span class='ocrx_word' id='word_1_116' title='bbox 846 2309 955 2347; x_wconf 85' lang='lat' dir='ltr'>illius</span> <span class='ocrx_word' id='word_1_117' title='bbox 989 2307 1103 2359; x_wconf 82' lang='lat' dir='ltr'>regiae</span> <span class='ocrx_word' id='word_1_118' title='bbox 1137 2303 1358 2357; x_wconf 81' lang='lat' dir='ltr'>largitionis</span> <span class='ocrx_word' id='word_1_119' title='bbox 1391 2302 1552 2346; x_wconf 82' lang='lat' dir='ltr'>invidia,</span> <span class='ocrx_word' id='word_1_120' title='bbox 1588 2299 1835 2352; x_wconf 85' lang='lat' dir='ltr'>comprobat.</span> 
     </span>
     <span class='ocr_line' id='line_1_18' title="bbox 452 2366 1840 2430; baseline -0.01 -14"><span class='ocrx_word' id='word_1_121' title='bbox 452 2378 688 2430; x_wconf 89' lang='lat' dir='ltr'>Pompeium</span> <span class='ocrx_word' id='word_1_122' title='bbox 717 2385 755 2415; x_wconf 87' lang='lat' dir='ltr'>et</span> <span class='ocrx_word' id='word_1_123' title='bbox 785 2375 948 2420; x_wconf 82' lang='lat' dir='ltr'>hortari,</span> <span class='ocrx_word' id='word_1_124' title='bbox 979 2382 1017 2412; x_wconf 90' lang='lat' dir='ltr'>et</span> <span class='ocrx_word' id='word_1_125' title='bbox 1047 2386 1168 2417; x_wconf 86' lang='lat' dir='ltr'>orare,</span> <span class='ocrx_word' id='word_1_126' title='bbox 1199 2380 1238 2409; x_wconf 92' lang='lat' dir='ltr'>et</span> <span class='ocrx_word' id='word_1_127' title='bbox 1262 2369 1346 2421; x_wconf 87' lang='lat' dir='ltr'>jam</span> <span class='ocrx_word' id='word_1_128' title='bbox 1382 2368 1544 2406; x_wconf 83' lang='lat' dir='ltr'>liberius</span> <span class='ocrx_word' id='word_1_129' title='bbox 1579 2366 1769 2411; x_wconf 88' lang='lat' dir='ltr'>accusare,</span> <span class='ocrx_word' id='word_1_130' title='bbox 1800 2373 1840 2403; x_wconf 87' lang='lat' dir='ltr'>et</span> 
     </span>
     <span class='ocr_line' id='line_1_19' title="bbox 452 2428 1839 2492; baseline -0.01 -12"><span class='ocrx_word' id='word_1_131' title='bbox 452 2455 625 2486; x_wconf 87' lang='lat' dir='ltr'>monere,</span> <span class='ocrx_word' id='word_1_132' title='bbox 662 2450 706 2479; x_wconf 89' lang='lat' dir='ltr'>ut</span> <span class='ocrx_word' id='word_1_133' title='bbox 739 2454 923 2492; x_wconf 87' lang='lat' dir='ltr'>magnam</span> <span class='ocrx_word' id='word_1_134' title='bbox 957 2438 1164 2477; x_wconf 89' lang='lat' dir='ltr'>infamiam</span> <span class='ocrx_word' id='word_1_135' title='bbox 1197 2436 1340 2489; x_wconf 88' lang='lat' dir='ltr'>fugiat,</span> <span class='ocrx_word' id='word_1_136' title='bbox 1377 2448 1455 2472; x_wconf 90' lang='lat' dir='ltr'>non</span> <span class='ocrx_word' id='word_1_137' title='bbox 1485 2431 1715 2470; x_wconf 80' lang='lat' dir='ltr'>defistimus.</span> <span class='ocrx_word' id='word_1_138' title='bbox 1767 2428 1839 2467; x_wconf 84' lang='lat' dir='ltr'>Sed</span> 
     </span>
     <span class='ocr_line' id='line_1_20' title="bbox 452 2495 1838 2561; baseline -0.011 -15"><span class='ocrx_word' id='word_1_139' title='bbox 452 2509 565 2561; x_wconf 86' lang='lat' dir='ltr'>plane</span> <span class='ocrx_word' id='word_1_140' title='bbox 592 2520 664 2545; x_wconf 85' lang='lat' dir='ltr'>nec</span> <span class='ocrx_word' id='word_1_141' title='bbox 692 2506 872 2557; x_wconf 87' lang='lat' dir='ltr'>precibus</span> <span class='ocrx_word' id='word_1_142' title='bbox 903 2504 1056 2549; x_wconf 83' lang='lat' dir='ltr'>nostris,</span> <span class='ocrx_word' id='word_1_143' title='bbox 1089 2517 1160 2541; x_wconf 91' lang='lat' dir='ltr'>nec</span> <span class='ocrx_word' id='word_1_144' title='bbox 1181 2499 1535 2543; x_wconf 80' lang='lat' dir='ltr'>admonitionibus,</span> <span class='ocrx_word' id='word_1_145' title='bbox 1568 2496 1756 2548; x_wconf 82' lang='lat' dir='ltr'>relinquit</span> <span class='ocrx_word' id='word_1_146' title='bbox 1777 2495 1838 2531; x_wconf 92' lang='lat' dir='ltr'>lo-</span> 
     </span>
     <span class='ocr_line' id='line_1_21' title="bbox 454 2560 1839 2622; baseline -0.01 -11"><span class='ocrx_word' id='word_1_147' title='bbox 454 2587 561 2612; x_wconf 88' lang='lat' dir='ltr'>cum.</span> <span class='ocrx_word' id='word_1_148' title='bbox 595 2573 702 2611; x_wconf 89' lang='lat' dir='ltr'>Nam</span> <span class='ocrx_word' id='word_1_149' title='bbox 723 2584 817 2609; x_wconf 86' lang='lat' dir='ltr'>cum</span> <span class='ocrx_word' id='word_1_150' title='bbox 838 2572 879 2609; x_wconf 90' lang='lat' dir='ltr'>in</span> <span class='ocrx_word' id='word_1_151' title='bbox 900 2571 1075 2609; x_wconf 83' lang='lat' dir='ltr'>sermone</span> <span class='ocrx_word' id='word_1_152' title='bbox 1096 2568 1341 2622; x_wconf 72' lang='lat' dir='ltr'>quotidiano,</span> <span class='ocrx_word' id='word_1_153' title='bbox 1372 2576 1457 2604; x_wconf 86' lang='lat' dir='ltr'>tum</span> <span class='ocrx_word' id='word_1_154' title='bbox 1480 2564 1521 2601; x_wconf 92' lang='lat' dir='ltr'>in</span> <span class='ocrx_word' id='word_1_155' title='bbox 1544 2563 1689 2607; x_wconf 88' lang='lat' dir='ltr'>senatu,</span> <span class='ocrx_word' id='word_1_156' title='bbox 1712 2560 1839 2613; x_wconf 77' lang='lat' dir='ltr'>palam</span> 
     </span>
    </p>
   </div>
   <div class='ocr_carea' id='block_1_8' title="bbox 540 2629 1541 2677">
    <p class='ocr_par' dir='ltr' id='par_1_9' title="bbox 540 2629 1541 2677">
     <span class='ocr_line' id='line_1_22' title="bbox 540 2629 1541 2677; baseline -0.012 0"><span class='ocrx_word' id='word_1_157' title='bbox 540 2640 676 2677; x_wconf 69' lang='lat' dir='ltr'>ToM,</span> <span class='ocrx_word' id='word_1_158' title='bbox 711 2637 805 2677; x_wconf 72' lang='lat' dir='ltr'>VII,</span> <span class='ocrx_word' id='word_1_159' title='bbox 1506 2629 1541 2665; x_wconf 80' lang='lat' dir='ltr'>A.</span> 
     </span>
    </p>
   </div>
  </div>
 </body>
</html>
