2351 2997
588 351 680 389 AD
738 348 1206 388 FAMILIARES
1265 349 1398 388 LIB.
1452 351 1545 389 VII.
1690 354 1756 390 161

605 585 835 623 CICERO
873 585 1114 622 CAEvSARI
1154 584 1360 623 IMPER.
1404 587 1441 623 S.
1476 586 1529 624 D.

379 710 431 750 V.
451 710 523 782 V
538 712 555 749 Ι
570 712 608 750 D
624 713 673 757 E,
706 726 824 764 quam
845 710 946 749 mihi
966 710 1230 763 persuaserim,
1250 722 1286 750 te
1307 725 1369 749 me
1389 712 1461 750 effe
1481 712 1662 758 alterum,
1681 726 1759 750 non

551 778 670 815 modo
691 779 730 815 in
753 778 814 816 his
836 777 965 821 rebus,
989 790 1074 828 quae
1095 776 1141 813 ad
1162 790 1225 814 me
1246 777 1389 829 ipsum,
1413 777 1475 815 sed
1496 778 1613 815 etiam
1634 779 1675 815 in
1696 779 1757 822 iis,

378 855 464 894 quae
496 842 542 879 ad
573 856 680 880 meos
712 843 924 895 pertinent.
972 842 1021 880 C.
1051 842 1287 879 Trebatium
1318 843 1545 894 cogitaram,
1577 856 1758 894 quocun-

376 921 452 959 que
481 907 643 953 exirem,
674 922 833 945 mecum
868 907 1023 951 ducere,
1056 916 1099 944 ut
1131 920 1222 944 eum
1254 908 1351 945 meis
1387 908 1572 946 omnibus
1607 908 1758 951 studiis,

378 972 594 1017 beneficiis,
626 985 744 1024 quam
765 972 1048 1010 ornatisfimum
1070 971 1234 1010 domum
1256 973 1494 1011 reducerem.
1542 972 1613 1010 Sed
1636 973 1763 1025 postea

377 1052 495 1091 quam
517 1047 554 1076 et
577 1039 756 1091 Pompeii
777 1038 1035 1076 commoratio
1056 1038 1279 1076 diuturnior
1299 1048 1392 1083 erat,
1424 1053 1541 1091 quam
1567 1048 1759 1091 putaram,

377 1113 416 1141 et
437 1118 523 1141 mea
543 1104 719 1156 quaedam
741 1104 815 1141 tibi
836 1117 915 1141 non
937 1104 1071 1155 ignota
1091 1103 1286 1141 dubitatio
1306 1114 1372 1142 aut
1393 1105 1583 1156 impedire
1603 1105 1760 1157 profec-

378 1170 527 1207 tionem
563 1183 690 1207 meam
720 1170 937 1213 videbatur,
974 1177 1039 1205 aut
1069 1178 1171 1206 certe
1202 1169 1363 1215 tardare,
1395 1170 1496 1215 vide,
1529 1170 1625 1222 quid
1659 1170 1760 1208 mihi

378 1234 623 1287 sumpserim.
657 1235 773 1287 Coepi
794 1235 907 1279 velle,
925 1248 967 1271 ea
987 1235 1222 1272 Trebatium
1244 1237 1443 1287 expectare
1459 1250 1479 1273 a
1500 1246 1550 1281 te,
1569 1250 1654 1288 quae
1675 1238 1761 1289 spe·

378 1299 486 1337 raffet
502 1313 522 1336 a
538 1313 620 1337 me:
645 1313 771 1351 neque
792 1298 1015 1337 mehercule
1032 1300 1163 1336 minus
1185 1300 1218 1337 ei
1240 1300 1392 1351 prolixe
1413 1301 1459 1338 de
1481 1310 1545 1338 tua
1562 1302 1762 1340 voluntate

377 1365 551 1417 promisi,
575 1378 692 1416 quam
713 1378 817 1402 eram
839 1365 974 1402 solitus
996 1364 1042 1402 de
1063 1378 1148 1402 mea
1168 1365 1362 1417 polliceri.
1397 1366 1515 1404 Casus
1538 1381 1627 1405 vero
1647 1368 1760 1406 miri-

378 1430 474 1468 ficus
506 1430 667 1483 quidam
698 1430 923 1475 intervenit,
956 1429 1060 1481 quafi
1091 1430 1152 1466 vel
1188 1430 1291 1467 testis
1327 1432 1524 1483 opinionis
1560 1446 1668 1478 meae,
1701 1434 1761 1471 vel

377 1495 535 1547 sponsor
554 1494 810 1532 humanitatis
834 1504 922 1533 tuae.
957 1495 1062 1532 Nam
1084 1508 1176 1532 cum
1198 1495 1244 1532 de
1264 1494 1341 1533 hoc
1361 1496 1443 1548 ipso
1460 1497 1649 1536 Trebatio
1669 1513 1763 1537 cum

378 1561 500 1599 Balbo
521 1561 649 1599 nostro
670 1561 850 1613 loquerer
875 1561 1092 1598 accuratius
1123 1560 1230 1598 domi
1261 1575 1369 1606 meae,
1402 1562 1521 1600 literae
1543 1562 1643 1601 mihi
1664 1564 1761 1602 dan-

378 1636 441 1665 tur
461 1641 480 1664 a
501 1636 552 1671 te,
575 1627 720 1678 quibus
743 1627 782 1664 in
804 1627 988 1664 extremis
1011 1626 1201 1678 scriptum
1222 1636 1315 1672 erat,
1345 1628 1408 1665 M.
1430 1629 1640 1674 ORFIUM,
1663 1644 1762 1681 quem

376 1691 467 1729 mihi
482 1690 707 1735 commendas,
740 1691 802 1729 vel
816 1705 933 1742 regem
962 1691 1256 1742 Galliaesczciam,
1288 1692 1351 1730 vel
1365 1692 1459 1730 hunc
1478 1695 1610 1745 chz‘ae
1626 1695 1760 1747 deleget.

377 1757 421 1795 Si
437 1756 493 1794 vis
513 1766 568 1801 tu,
599 1755 650 1794 ad
664 1770 716 1794 me
735 1756 843 1794 alium
862 1756 978 1799 mitte,
1010 1770 1107 1807 quem
1129 1771 1259 1794 ornem.
1308 1758 1542 1796 Sustulimus
1564 1774 1702 1799 manus
1723 1771 1763 1799 et

377 1837 449 1874 ego
470 1832 508 1860 et
530 1822 702 1860 Balbus:
736 1832 842 1859 tanta
870 1822 947 1859 fuit
976 1824 1264 1874 opportunitas,
1297 1834 1338 1861 ut
1370 1824 1470 1861 illud
1501 1825 1629 1864 nescio
1655 1828 1761 1878 quod

377 1901 454 1925 non
472 1887 699 1931 fortuitum,
718 1887 780 1924 sed
801 1887 996 1931 divinum,
1015 1887 1222 1925 videretur.
1254 1889 1379 1926 Mitto
1400 1890 1522 1940 igitur
1537 1890 1583 1927 ad
1606 1900 1642 1928 te
1659 1894 1761 1930 Tre—

378 1952 544 1997 batium,
566 1961 681 2004 atque
702 1952 755 1989 ita
775 1952 907 1996 mitto,
927 1961 969 1989 ut
991 1953 1106 1989 initio
1127 1966 1212 1990 mea
1232 1952 1382 2004 sponte,
1401 1954 1484 2006 post
1505 1964 1635 1993 autem
1657 1957 1760 1995 invi-

375 2027 458 2056 tatu
476 2026 559 2063 tuo,
578 2018 818 2055 mittendum
836 2017 1030 2056 duxerim.
1064 2019 1202 2063 Hunc,
1220 2019 1274 2056 mi
1290 2019 1431 2065 Caesar,
1450 2020 1500 2058 fic
1517 2021 1636 2059 velim
1651 2024 1763 2062 omni

377 2092 442 2121 tua
463 2083 648 2120 comitate
669 2084 942 2136 complectare,
975 2093 1018 2121 ut
1038 2085 1185 2129 omnia,
1208 2099 1294 2136 quae
1315 2099 1382 2137 per
1402 2099 1464 2123 me
1485 2087 1599 2139 pofiis
1621 2088 1762 2127 adduci

376 2158 420 2186 ut
440 2149 480 2185 in
503 2162 610 2186 meos
631 2148 801 2186 conferri
822 2149 932 2193 velis,
955 2150 995 2186 in
1018 2163 1142 2187 unum
1162 2149 1270 2188 hunc
1291 2150 1492 2190 conferas:
1521 2152 1566 2190 de
1587 2168 1666 2206 quo
1688 2155 1763 2193 tibi

375 2212 539 2251 homine
559 2211 641 2251 haec
662 2213 831 2265 spondeo
853 2227 930 2250 non
952 2214 1023 2251 illo
1044 2224 1170 2251 vetere
1191 2215 1309 2253 verbo
1329 2229 1431 2260 meo,
1454 2217 1574 2268 quod,
1602 2232 1695 2257 cum
1716 2219 1761 2257 ad

378 2287 415 2315 te
436 2277 482 2315 de
504 2278 659 2316 Milone
680 2278 919 2330 scripfiffem,
946 2280 1034 2330 jure
1055 2279 1201 2325 lusisti3
1235 2280 1296 2318 sed
1317 2295 1426 2318 more
1453 2282 1649 2329 Romano,
1681 2298 1761 2336 quo

375 2343 495 2381 modo
523 2341 704 2380 homines
737 2356 815 2380 non
848 2344 970 2395 inepti
1005 2343 1250 2396 loquuntur3
1283 2345 1506 2397 probiorem
1539 2346 1758 2394 hominem,

376 2408 580 2446 meliorem
602 2408 746 2453 virum,
778 2408 1066 2460 pudentiorem,
1094 2409 1165 2446 effe
1186 2411 1401 2449 neminem.
1439 2413 1606 2450 Accedit
1627 2414 1760 2458 etiam,

375 2472 482 2524 quod
503 2471 696 2510 familiam
717 2472 841 2517 ducit,
868 2473 907 2510 in
924 2474 1013 2525 jure
1033 2474 1141 2511 civili
1162 2474 1365 2526 fingularis
1386 2478 1589 2521 memoria,
1613 2477 1762 2515 summa

377 2538 550 2576 scientia.
582 2538 691 2575 Huic
711 2551 784 2589 ego
805 2552 930 2591 neque
953 2539 1213 2584 tribunatum,
1237 2554 1363 2592 neque
1384 2541 1666 2593 praefecturam‚
1692 2556 1760 2580 ne-

375 2616 452 2655 que
474 2602 592 2639 ullius
616 2602 796 2640 beneficii
818 2612 970 2641 certum
991 2617 1150 2649 nomen,
1172 2613 1288 2656 peto:
1320 2605 1632 2644 benevolentiam
1655 2616 1758 2644 tuam

462 2668 527 2705 To
541 2680 592 2706 M.
626 2668 720 2705 VII.
1426 2670 1463 2707 X
