2351 2997
635 254 728 291 AD
786 253 1254 294 FAMILIARES
1316 259 1448 298 LIB.
1500 262 1573 300 IX.
1720 279 1795 318 235

412 351 535 390 audis.
567 351 730 403 Angar?
752 353 1027 391 excruciemne
1047 356 1139 392 me?
1162 355 1258 407 quid
1279 357 1477 410 afl‘equar?
1501 360 1655 398 Deinde
1675 375 1794 413 quem

411 417 458 454 ad
478 417 629 455 finem?
662 418 795 463 Vivas,
827 419 974 470 inquiS‚
1007 420 1047 457 in
1068 420 1206 459 literis.
1254 423 1318 459 An
1347 424 1564 476 quidquam
1596 441 1658 464 me
1687 427 1793 466 aliud

410 495 520 533 agere
540 482 701 520 censes?
733 493 799 521 aut
823 484 969 536 poffem
990 486 1131 530 vivere,
1164 487 1234 524 nifi
1264 488 1303 525 in
1335 488 1458 527 literis
1485 491 1687 530 viverem?
1720 494 1793 531 Sed

408 547 462 584 est
481 561 614 586 earum
634 549 752 586 etiam
780 563 858 587 non
889 551 1052 596 satietas,
1085 551 1148 589 sed
1179 553 1341 604 quidam
1374 555 1529 594 modus.
1576 559 1613 595 A
1645 559 1790 611 quibus

408 626 502 651 cum
523 614 683 659 disceffi,
715 615 781 653 etfi
802 616 1018 653 minimum
1039 615 1139 653 mihi
1160 617 1213 654 est
1233 618 1273 655 in
1295 633 1433 664 coena3
1466 622 1574 673 quod
1602 633 1643 660 tu
1666 639 1790 663 unum

407 673 534 728 ζήτημαο
564 681 687 717 Dioni
717 679 954 733 philosopho
983 681 1170 733 posuisti3
1204 691 1333 720 tamen
1364 685 1460 736 quid
1480 688 1611 738 potius
1634 688 1789 735 faciam,

406 744 631 796 priusquam
653 760 715 783 me
736 746 953 784 dormitum
973 746 1188 792 conferam,
1208 762 1285 785 non
1304 751 1467 802 reperio.
1500 752 1607 790 Audi
1625 755 1787 807 reliqua.

407 809 515 847 Infra
548 811 807 863 Eutrapelum
844 811 1027 864 Cytheris
1062 814 1261 852 accubuit.
1310 816 1355 852 In
1391 829 1435 853 eo
1470 818 1606 869 igitur,
1638 820 1784 872 inquis,

405 876 587 913 convivio
609 877 749 914 Cicero
771 877 838 914 ille
857 879 869 915 ?
901 891 999 929 quem
1029 877 1281 930 adspefft'abant
1297 879 1317 917 ἓ
1346 881 1444 935 cujus
1471 882 1511 920 ob
1531 898 1566 920 os
1587 886 1699 922 Graii
1722 901 1788 923 ora

404 940 721 993 obvertebantsua
738 942 756 979 ?
788 943 882 980 Non
915 942 1139 981 mehercule
1167 944 1379 997 suspicatus
1401 947 1486 985 sum
1508 948 1617 987 illam
1639 950 1756 988 affore
1775 967 1784 990 :

406 1006 467 1043 sed
489 1016 616 1044 tamen
639 1021 686 1044 ne
708 1007 929 1060 Aristippus
951 1009 1111 1060 quidem
1143 1010 1209 1047 ille
1240 1011 1458 1050 Socraticus
1489 1015 1660 1061 erubuit,
1693 1030 1785 1054 cum

404 1071 493 1109 effet
522 1072 735 1124 objectum,
767 1072 908 1111 habere
941 1088 1030 1111 eum
1068 1075 1214 1114 Laida:
1256 1076 1395 1121 szeo,
1431 1080 1576 1131 inquit,
1613 1096 1680 1119 non
1714 1082 1784 1120 ha-

403 1136 486 1174 beor
518 1152 541 1174 a
573 1137 702 1175 Laide.
749 1139 886 1175 Graece
921 1138 996 1176 hoc
1028 1140 1183 1179 melius.
1232 1143 1312 1186 Tu,
1346 1143 1371 1180 fi
1398 1143 1518 1189 voles,
1552 1146 1782 1199 interpreta-

404 1203 506 1241 bere.
553 1204 624 1240 Me
653 1217 742 1240 vero
772 1203 873 1241 nihil
902 1204 1063 1242 istorum
1094 1221 1141 1244 ne
1160 1208 1347 1258 juvenem
1377 1210 1537 1262 quidem
1560 1213 1686 1250 movit
1707 1227 1782 1251 un-

401 1281 548 1319 quam3
581 1282 628 1306 ne
648 1283 753 1306 nunc
776 1269 918 1307 senem.
967 1272 1160 1309 Convivio
1182 1272 1378 1312 delector:
1411 1276 1468 1312 ibi
1489 1276 1643 1329 loquor,
1675 1280 1781 1331 quod

399 1335 440 1371 in
462 1334 603 1378 solum,
636 1343 680 1371 ut
700 1334 872 1379 dicitur;
905 1344 942 1372 et
961 1337 1157 1388 gemitum
1179 1339 1219 1375 in
1242 1339 1337 1377 risus
1360 1341 1552 1379 maximos
1576 1343 1779 1384 transfero,

398 1400 462 1437 An
485 1408 528 1437 tu
549 1399 590 1437 id
610 1400 766 1445 melius,
799 1401 867 1452 qui
892 1402 1010 1439 etiam
1032 1401 1314 1455 philosophum
1335 1406 1495 1444 irriseris
1515 1409 1527 1445 ?
1561 1410 1667 1447 Cum
1697 1410 1778 1457 ille,

398 1465 423 1502 fi
459 1466 546 1516 quis
581 1466 795 1519 quicquam
829 1477 1030 1518 quaereret,
1073 1468 1254 1514 dixiffet;
1298 1484 1452 1510 coenam
1487 1482 1524 1510 te
1558 1489 1726 1526 quaerere
1760 1491 1781 1515 a

397 1545 510 1568 mane
536 1531 694 1569 dixeris.
742 1532 814 1569 Ille
841 1533 931 1569 baro
952 1542 989 1570 te
1010 1535 1171 1586 putabat
1193 1537 1459 1587 quaefiturum,
1492 1553 1617 1578 unum
1638 1542 1779 1580 caelum

395 1596 500 1641 effet,
531 1611 578 1634 an
608 1597 924 1636 innumerabilia.
971 1600 1080 1651 Qid
1107 1601 1153 1638 ad
1184 1603 1252 1639 te?
1285 1604 1341 1641 At
1361 1603 1520 1643 hercule
1541 1620 1652 1644 coena
1673 1622 1777 1646 nun-

395 1661 491 1714 quid
523 1661 569 1698 ad
602 1662 670 1698 te?
701 1661 759 1699 ibi
791 1662 1016 1713 praesertim.
1064 1666 1126 1703 Sic
1152 1667 1276 1718 igitur
1300 1668 1471 1708 vivitur:
1505 1672 1682 1722 quotidie
1703 1673 1776 1711 ali-

395 1726 492 1778 quid
513 1725 671 1778 legitur,
703 1735 768 1764 aut
788 1727 999 1766 scribitur:
1031 1729 1135 1775 dein,
1167 1745 1215 1768 ne
1244 1733 1380 1771 amicis
1408 1733 1509 1772 nihil
1541 1736 1775 1784 tribuamus,

391 1790 598 1843 epulamur
625 1805 701 1829 una
727 1805 805 1829 non
834 1792 953 1830 modo
981 1808 1059 1832 non
1087 1805 1223 1833 contra
1249 1796 1391 1849 legem,
1423 1799 1449 1836 fi
1478 1800 1559 1838 ulla
1584 1814 1690 1839 nunc
1711 1802 1777 1841 lex

390 1855 458 1900 est,
490 1855 553 1893 sed
573 1856 691 1895 etiam
711 1857 813 1895 intra
832 1857 974 1910 legem,
1006 1869 1044 1897 et
1065 1861 1226 1913 quidem
1250 1863 1465 1914 aliquanto.
1512 1867 1643 1917 Qare
1671 1866 1775 1906 nihil

388 1921 457 1966 est,
488 1921 595 1972 quod
614 1922 826 1961 adventum
845 1923 1020 1962 nostrum
1041 1927 1283 1967 extimescas.
1325 1930 1420 1968 Non
1442 1930 1561 1969 multi
1580 1931 1661 1976 cibi
1679 1931 1772 1971 hos-

389 1987 514 2040 pitem
533 1988 715 2041 accipies,
746 1989 810 2028 sed
830 1990 950 2029 multi
964 1992 1062 2044 joci.
1097 1993 1207 2032 Vale.
