2351 2997
595 236 647 284 64
940 230 1622 270 EPISTOLARUM

595 331 778 384 Ε’πικὲρειον
808 332 878 383 est)
916 332 993 377 sed,
1027 331 1265 376 mehercule,
1297 331 1403 383 quod
1438 340 1503 368 tua
1536 330 1705 382 dignitas
1740 339 1854 381 atque
1887 342 1972 367 am·

596 400 751 453 plitudo
779 398 880 437 mihi
901 398 953 435 est
979 398 1059 449 ipsa
1089 410 1174 434 cara
1201 410 1269 447 per
1289 396 1339 433 se.
1382 398 1526 446 Qare,
1558 396 1745 447 quoniam
1779 395 1909 447 plures
1931 403 1975 432 tu

594 466 727 510 habes,
759 477 877 516 quam
899 462 1041 506 caeteri,
1072 475 1170 513 quos
1199 461 1291 498 scias
1317 460 1357 497 in
1379 460 1479 497 hanc
1500 461 1743 512 provinciam
1763 459 1973 512 proficisci,

595 530 701 583 quod
730 539 766 567 te
792 529 935 566 adeunt
963 526 1042 565 fere
1072 540 1222 571 omnes,
1254 527 1280 564 fi
1310 525 1406 578 quid
1435 526 1558 570 velis;
1591 526 1849 576 gratiffimum
1873 523 1974 562 mihi

594 595 746 640 feceris,
778 594 804 631 fi
835 593 880 631 ad
906 607 983 637 me,
1015 592 1128 630 simul
1149 600 1265 644 atque
1285 590 1446 643 adeptus
1467 591 1540 627 eris
1562 589 1668 641 quod
1688 599 1726 627 et
1747 599 1789 627 tu
1811 589 1975 627 confidis

594 671 632 700 et
653 675 725 713 ego
744 669 854 713 opt0‚
886 660 1014 697 literas
1045 658 1208 696 miseris.
1255 657 1386 708 Longi
1416 656 1587 694 subsellii
1612 658 1674 708 (ut
1702 655 1826 694 noster
1854 656 1975 692 Pom-

593 727 702 780 peius
737 724 923 778 appellat)
955 724 1148 776 judicatio
1183 732 1221 761 et
1254 736 1362 760 mora
1397 722 1422 759 si
1457 736 1575 774 quem
1612 722 1686 759 tibi
1720 721 1815 759 item
1850 734 1976 758 unum

595 792 808 831 alterumve
829 790 933 827 diem
953 789 1167 833 abstulerit,
1189 787 1303 840 (quid
1324 788 1428 825 enirn
1451 786 1573 839 potest
1594 786 1762 838 amplius
1778 786 1810 836 ?)
1837 794 1901 823 tua
1918 794 1975 822 ta·-

594 871 684 895 men
707 856 874 908 dignitas
897 855 1010 892 suum
1031 854 1165 892 locum
1186 853 1397 891 obtinebit.
1422 852 1507 897 Sed,
1528 853 1551 890 si
1574 866 1635 889 me
1657 852 1804 903 diligis,
1827 851 1853 888 fi
1875 864 1895 888 a
1915 864 1977 888 me

595 923 709 975 diligi
731 923 802 966 vis,
825 921 870 958 ad
892 934 954 958 me
975 921 1118 964 literas,
1142 929 1185 957 ut
1206 932 1324 971 quam
1345 919 1519 971 primum
1541 918 1675 955 laetitia
1695 917 1852 961 afficiar,
1879 916 1976 953 mit-

595 989 684 1026 tito.
732 989 784 1025 Et
819 986 937 1024 velim
973 985 1171 1036 reliquum
1204 984 1310 1035 quod
1344 983 1397 1021 est
1432 983 1603 1035 promiffi
1639 996 1681 1020 ac
1713 983 1886 1019 muneris
1919 982 1979 1019 tui

594 1052 696 1092 mihi
717 1051 932 1104 persolvas;
956 1063 1048 1087 cum
1069 1049 1189 1101 ipsam
1212 1049 1482 1099 cognitionem
1497 1049 1599 1099 juris
1621 1046 1773 1098 augurii
1794 1046 1980 1098 consequi

595 1118 728 1170 cupio,
762 1125 847 1154 tum
868 1114 1093 1153 mehercule
1115 1114 1192 1151 tuis
1214 1113 1499 1150 incredibiliter
1520 1111 1654 1150 studiis
1682 1125 1771 1163 erga
1797 1124 1859 1148 me
1886 1124 1977 1148 mu-

595 1183 830 1235 neribusque
852 1181 1033 1219 delector.
1078 1180 1198 1231 Qod
1230 1188 1360 1216 autem
1387 1192 1408 1215 a
1438 1192 1500 1216 me
1529 1178 1602 1216 tale
1623 1177 1811 1230 quiddam
1832 1176 1979 1214 defide-

596 1264 669 1295 ras,
701 1249 787 1286 sane
808 1246 909 1285 mihi
936 1245 1257 1284 confiderandum
1286 1244 1353 1288 est,
1385 1257 1557 1296 quonam
1588 1252 1624 1280 te
1654 1256 1876 1280 remunerer
1904 1256 1978 1294 po-

595 1316 787 1354 tiffimum
806 1327 967 1366 genere:
991 1325 1081 1350 nam
1097 1310 1272 1364 profeew
1290 1323 1367 1348 non
1385 1310 1436 1347 est
1457 1323 1606 1355 meum,
1624 1309 1693 1361 qui
1714 1310 1754 1346 in
1775 1307 1980 1347 scribendo

598 1385 663 1435 (ut
692 1382 788 1420 soles
816 1378 1015 1429 admirari)
1040 1387 1194 1416 tantum
1226 1376 1422 1415 industriae
1452 1389 1609 1429 ponam,
1641 1375 1904 1419 committere,
1936 1382 1983 1412 ut

595 1447 799 1499 negligens
821 1443 1025 1483 scribendo
1046 1442 1156 1481 fuiffe
1178 1441 1330 1486 videar3
1354 1441 1566 1493 praesertim
1587 1453 1679 1478 cum
1700 1439 1740 1478 id
1761 1453 1840 1477 non
1861 1438 1980 1476 modo

595 1513 849 1566 negligentis,
868 1510 930 1548 sed
946 1510 1062 1548 etiam
1079 1509 1237 1561 ingrati,
1256 1508 1377 1545 animi
1393 1508 1542 1545 crimen
1559 1506 1741 1544 futurum
1757 1506 1816 1544 fit.
1830 1506 1981 1542 Verum

594 1579 679 1619 haec
700 1578 936 1617 videbimus.
971 1575 1091 1620 Illud,
1124 1574 1231 1627 quod
1258 1574 1472 1626 polliceris,
1504 1573 1623 1610 velim
1644 1586 1714 1624 pro
1736 1580 1802 1610 tua
1822 1571 1896 1609 fide
1917 1570 1980 1608 di·-

595 1645 851 1699 ligentiaque,
870 1652 907 1681 et
926 1655 998 1695 pro
1020 1641 1145 1679 nostra
1164 1653 1243 1677 non
1264 1639 1454 1683 instituta,
1473 1638 1536 1675 sed
1550 1639 1633 1690 jam
1654 1638 1865 1675 inveterata
1879 1636 1980 1674 ami-

594 1713 702 1756 citia,
734 1723 859 1754 cureS‚
891 1708 1050 1752 enitare,
1082 1715 1126 1744 ut
1155 1705 1388 1758 supplicatio
1418 1703 1531 1742 nobis
1562 1716 1680 1756 quam
1712 1701 1979 1740 honorificen-

595 1777 752 1821 tiffime,
775 1788 893 1827 quam
915 1774 1184 1825 primumque,
1207 1770 1447 1808 decernatur.
1483 1769 1661 1806 Omnino
1683 1767 1799 1805 serius
1821 1768 1906 1805 mifi
1927 1767 1979 1804 li-

596 1853 709 1888 teras,
728 1855 846 1895 quam
864 1839 1024 1877 vellem:
1050 1839 1089 1875 in
1107 1851 1186 1890 quo
1203 1850 1295 1874 cum
1317 1834 1523 1886 navigandi
1546 1834 1756 1871 difficultas
1773 1832 1852 1871 fuit
1866 1832 1980 1870 odio-

597 1910 648 1954 sa,
671 1918 758 1947 tum
778 1906 907 1958 ipsum
927 1906 968 1942 in
990 1903 1193 1942 discessum
1215 1902 1365 1940 senatus
1387 1900 1561 1938 incidisse
1583 1899 1698 1938 credo
1714 1899 1842 1937 literas
1859 1912 1979 1937 meas.

600 1974 675 2014 Sed
696 1974 736 2012 id
756 1972 831 2012 feci
854 1971 1041 2009 adductus
1067 1969 1294 2007 auctoritate
1326 1976 1364 2005 et
1395 1966 1557 2005 confilio
1589 1974 1685 2004 tuo:
1718 1965 1837 2017 idque
1868 1978 1888 2001 a
1918 1978 1983 2002 me

597 2042 698 2080 reete
725 2039 873 2077 faetum
904 2046 1016 2089 put0,
1049 2035 1155 2088 quod
1187 2048 1265 2072 non
1298 2033 1426 2071 statim
1455 2041 1499 2070 ut
1529 2031 1744 2084 appellatus
1772 2030 1984 2082 imperator

598 2108 700 2152 sum,
731 2104 794 2143 sed
820 2103 905 2141 aliis
933 2102 1048 2142 rebus
1075 2100 1216 2138 additis
1238 2099 1450 2151 aestivisque
1471 2096 1675 2141 confectis,
1707 2096 1836 2134 literas
1865 2095 1982 2133 mise—

598 2174 689 2212 rim.
713 2171 811 2209 Haec
832 2169 954 2221 igitur
971 2167 1044 2205 tibi
1064 2174 1178 2205 erunt
1199 2179 1314 2210 curae,
1333 2162 1668 2216 quemadmodum
1684 2160 1872 2198 ostendis:
1896 2173 1981 2198 me-

596 2251 676 2292 que
697 2245 842 2283 totum,
873 2243 911 2274 et
931 2247 1030 2281 mea,
1061 2242 1100 2272 et
1119 2246 1226 2272 meos
1247 2229 1542 2271 commendatos
1563 2227 1740 2267 habebis.
1773 2226 1884 2266 Vale.
