2351 2997
627 247 720 285 AD
779 244 1246 283 FAMILIARES
1305 245 1564 286 LIB.X1.
1710 262 1786 301 279

403 344 598 396 populum
619 344 846 381 Romanum
866 343 1000 380 omnia
1018 356 1039 380 a
1059 351 1096 381 te
1116 345 1329 395 expetitare,
1352 353 1466 396 atque
1487 344 1526 382 in
1551 354 1586 382 te
1607 346 1786 398 aliquan-

404 408 456 446 do
484 407 752 460 recuperandae
782 408 973 446 libertatis
1004 421 1164 445 omnem
1193 408 1300 461 spem
1331 423 1486 461 ponere.
1533 411 1614 455 Tu,
1647 411 1671 448 fi
1708 411 1787 448 dics

404 473 612 524 nodiesque
633 473 858 510 memineris
884 473 1009 525 (quod
1030 482 1066 510 te
1087 472 1212 511 facere
1232 483 1339 511 certo
1368 474 1464 525 scio)
1489 484 1675 526 quantam
1706 489 1788 513 rem

403 538 555 590 gesseris
573 558 584 583 3
616 552 695 577 non
715 539 943 577 obliviscere
962 538 1152 591 profesto,
1183 548 1336 591 quantae
1357 540 1432 577 tibi
1452 541 1569 578 etiam
1591 555 1696 578 nunc
1717 555 1786 593 ge-

402 603 529 642 rendae
550 604 639 643 smt.
684 605 723 642 Si
752 604 858 642 enim
879 603 947 641 iste
975 603 1219 655 provinciam
1248 606 1381 642 nauus
1412 606 1500 649 erit,
1531 607 1596 642 cui
1625 606 1787 658 quidem

402 681 476 720 ego
507 668 658 720 semper
685 669 834 706 amicus
864 667 924 705 fui
953 677 1162 719 antequam
1191 667 1309 705 illum
1342 669 1521 706 intellexi
1555 683 1634 707 non
1670 671 1789 708 modo

403 743 547 785 aperte,
569 734 633 771 sed
653 734 772 771 etiam
792 733 975 777 libenter,
997 746 1090 770 cum
1111 733 1312 785 republica
1332 733 1483 771 bellum
1507 748 1657 786 gerere;
1682 735 1788 787 spem

401 798 594 850 reliquam
614 798 766 836 nullam
787 797 900 836 video
921 797 1069 836 salutis.
1117 799 1387 849 Qamobrem
1413 808 1450 836 te
1471 799 1629 837 obsecro
1651 800 1790 837 iisdem

399 865 598 917 precibus,
638 864 784 917 quibus
819 864 970 901 senatus
1005 863 1253 916 populusque
1288 865 1506 910 Romanus,
1544 875 1588 902 ut
1622 866 1662 903 in
1696 880 1787 917 per-

400 938 569 982 petuum
603 929 891 982 rempublicam
925 929 1130 967 dominatu
1164 930 1273 982 regio
1307 930 1474 975 liberes3
1508 940 1551 968 ut
1580 931 1787 983 principiis

402 995 647 1034 consentiant
667 996 810 1033 exitus.
843 996 982 1032 Tuum
1002 994 1054 1032 est
1075 994 1150 1032 hoc
1168 1008 1331 1040 munus,
1354 1005 1428 1034 tuae
1450 1005 1590 1048 partes,
1613 1010 1633 1033 a
1654 1006 1690 1034 te
1711 996 1787 1034 hoc

401 1059 553 1104 civitas,
583 1059 645 1097 vel
679 1073 815 1098 omnes
850 1059 981 1111 potius
1015 1068 1166 1112 gentes,
1202 1074 1283 1098 non
1317 1062 1521 1112 expectant
1550 1061 1692 1105 solum,
1723 1061 1787 1099 sed

403 1125 523 1162 etiam
556 1125 767 1177 postulant.
811 1125 1065 1177 Qanquam,
1096 1139 1190 1163 cum
1218 1125 1440 1164 hortatione
1474 1140 1553 1164 non
1587 1140 1711 1178 egeas,
1744 1136 1787 1164 ut

403 1191 516 1242 supra
534 1189 679 1242 scripfi,
711 1203 790 1227 non
812 1199 898 1227 utar
916 1203 959 1228 ea
984 1190 1165 1242 pluribus
1192 1192 1347 1230 verbis:
1381 1191 1523 1229 faciam
1553 1192 1653 1230 illud
1681 1193 1787 1244 quod

400 1268 537 1293 meum
557 1254 624 1299 est,
656 1263 701 1292 ut
721 1255 796 1292 tibi
816 1255 949 1292 omnia
968 1269 1055 1292 mea
1074 1256 1217 1300 officia,
1249 1256 1387 1301 studia,
1418 1270 1542 1301 curas,
1575 1258 1785 1309 cogitatio—-

400 1333 485 1365 neS‚
515 1320 717 1372 pollicear,
748 1334 833 1372 quae
865 1321 911 1357 ad
943 1330 1051 1358 tuam
1081 1321 1237 1359 laudem
1264 1331 1302 1359 et
1329 1322 1494 1373 gloriam
1514 1323 1784 1375 pertinebunt.

400 1384 671 1436 Qamobrem
692 1384 811 1422 velim
831 1385 908 1422 tibi
927 1385 981 1422 ita
999 1385 1238 1436 persuadeas,
1256 1400 1320 1424 me
1336 1400 1427 1425 cum
1445 1388 1670 1439 reipublicae
1691 1401 1784 1425 cau-

399 1449 449 1495 sa,
482 1463 567 1502 quae
597 1449 700 1487 mihi
728 1450 808 1488 vita
836 1463 922 1487 mea
947 1449 1001 1487 est
1021 1451 1159 1496 carior,
1191 1460 1277 1488 tum
1298 1452 1405 1504 quod
1426 1453 1499 1490 tibi
1520 1453 1599 1504 ipse
1619 1452 1784 1498 faveam,

398 1523 587 1567 tuamque
606 1515 841 1566 dignitatem
870 1515 1104 1567 amplificari
1132 1516 1267 1561 velim,
1299 1517 1377 1554 tuis
1407 1518 1570 1570 optimis
1597 1519 1784 1564 confiliis,

397 1579 667 1632 amplitudini,
698 1580 848 1632 gloriae,
878 1581 992 1619 nullo
1011 1581 1100 1620 loco
1121 1581 1366 1621 defuturum.
1400 1583 1510 1621 Vale.

472 1782 537 1820 M.
571 1783 800 1820 emmo
842 1783 898 1822 D.
931 1784 1131 1822 BRUTO
1173 1785 1298 1822 ΙΜΡ.
1343 1786 1467 1822 Cos.
1511 1798 1630 1823 Das.
1675 1787 1714 1823 S.

397 1910 470 1948 VI.
495 1908 612 1980 LU
628 1911 705 1948 PU
720 1911 741 1947 S
765 1910 889 1949 noster
910 1925 1002 1949 cum
1023 1911 1197 1949 Romam
1217 1912 1324 1949 sexto
1345 1912 1406 1949 die
1428 1913 1591 1950 Mutina
1610 1913 1782 1958 veniffet,

590 1975 774 2027 postridie
795 1990 857 2014 me
878 1990 991 2014 mane
1012 1977 1211 2021 convenit,
1236 1986 1377 2029 tuaque
1399 1977 1498 2015 mihi
1521 1978 1700 2015 mandata
1721 1978 1784 2015 di-

396 2039 648 2090 ligentiffime
668 2040 861 2091 exposuit,
879 2051 918 2078 et
938 2041 1068 2078 literas
1085 2041 1269 2080 reddidit.
1303 2043 1422 2093 Qod
1443 2042 1546 2080 mihi
1566 2052 1672 2080 tuam
1694 2043 1784 2094 dig-

398 2106 563 2142 nitatem
584 2105 851 2150 commendas,
883 2105 1020 2143 eodem
1042 2115 1218 2158 tempore
1238 2107 1431 2152 existimo,
1464 2117 1501 2145 te
1528 2107 1628 2145 mihi
1656 2121 1785 2145 meam

397 2169 633 2221 dignitatem
654 2171 942 2216 commendare,
975 2185 1093 2223 quam
1122 2171 1346 2210 mehercule
1374 2187 1452 2211 non
1480 2173 1605 2211 habeo
1631 2183 1696 2211 tua
1717 2187 1782 2210 ca-

396 2236 555 2273 riorem.
633 2248 719 2273 uate
739 2234 840 2272 mihi
861 2237 1120 2287 gratiffimum
1136 2236 1269 2282 facies,
1288 2238 1313 2275 fi
1335 2238 1582 2290 exploratum
1603 2238 1782 2284 habebis,

395 2300 473 2337 tuis
505 2300 687 2338 laudibus
718 2301 829 2338 nullo
859 2301 948 2339 loco
978 2316 1048 2340 nec
1081 2303 1302 2348 confilium,
1336 2318 1406 2341 nec
1428 2304 1614 2349 studium,
1647 2318 1782 2342 meum

395 2364 640 2403 defuturum.
676 2366 781 2403 Cum
802 2367 953 2405 tribuni
973 2368 1099 2419 plebis
1121 2369 1338 2413 edixissent,
1357 2370 1507 2407 senatus
1529 2370 1666 2407 adeffet
1687 2383 1718 2407 a.
1739 2369 1778 2407 d.

397 2443 486 2467 X111
507 2431 595 2468 Kal.
612 2431 700 2480 Jan.
725 2429 990 2484 haberentque
1011 2434 1051 2470 in
1073 2435 1205 2472 animo
1222 2434 1268 2471 de
1288 2435 1462 2486 praefidio
1483 2435 1688 2472 consulum
1711 2434 1779 2470 de-

394 2494 634 2548 signatorum
654 2495 820 2542 referre,
853 2511 1078 2550 quanquam
1098 2499 1303 2539 statueram
1324 2501 1367 2538 in
1387 2500 1561 2538 senatum
1578 2509 1665 2537 ante
1688 2499 1776 2538 Kal.
