2351 2997
718 341 1514 407 M.TULL11

459 496 1785 579 CICERONIS

627 670 1631 756 EPISTOLAE

520 841 685 898 AD
796 831 1721 896 FAMILIARES.

855 1003 1389 1047 LIBERI.

523 1136 632 1176 Edit.
665 1134 810 1174 Olivet.

391 1287 400 1306 1
489 1276 507 1304 6
529 1277 699 1306 Ammonius
714 1276 741 1313 ψ
758 1277 897 1305 Hamonius

489 1326 505 1352 7
527 1318 678 1345 creditores
695 1331 707 1346 ι-
722 1321 885 1355 competitores

471 1365 504 1394 15
528 1357 665 1395 relinquit
682 1358 701 1384 P
717 1358 822 1394 reliquit

388 1407 404 1425 z
491 1405 500 1424 1
528 1406 618 1433 neque
633 1410 646 1424 υ
661 1397 686 1424 d.

488 1445 506 1472 4
529 1443 555 1464 te
571 1435 610 1464 sui
627 1436 767 1473 Pusttui

465 1491 506 1498 —
528 1476 730 1504 Marcellinum
746 1490 759 1503 υ
775 1473 926 1504 Marcellum

488 1527 502 1554 5
528 1516 554 1543 se
568 1530 581 1543 v
596 1518 623 1543 d.

487 1556 505 1583 6
527 1556 587 1583 fore
602 1569 615 1583 υ
628 1558 670 1593 ff

470 1605 506 1624 10
527 1605 568 1623 res
583 1609 595 1623 υ
609 1596 634 1623 d.

470 1644 480 1662 1
492 1645 501 1663 1
528 1635 666 1669 decernit,
692 1643 722 1664 ut
736 1649 750 1663 υ
763 1635 877 1663 decrevit
891 1633 958 1671 utfi

472 1684 506 1703 12
529 1684 624 1714 regem
639 1676 697 1713 Pst
707 1686 787 1714 regem

468 1728 510 1738 --
531 1715 682 1744 commodo
697 1717 717 1744 P
734 1729 747 1744 υ
761 1715 878 1744 commode

470 1764 481 1783 1
490 1764 505 1793 ς
528 1755 611 1783 etiam
630 1770 643 1783 v
649 1758 712 1796 jam

468 1810 509 1817 —
529 1796 572 1823 Μ.
588 1809 602 1823 υ
617 1798 644 1823 d.

466 1850 507 1858 —
528 1842 582 1863 tres
598 1836 618 1863 P
633 1839 685 1864 tris

471 1884 507 1911 ¹7
530 1875 627 1902 reduci
646 1889 659 1904 υ
674 1877 734 1905 duci

473 1915 506 1943 18
528 1914 679 1943 Afranium
696 1929 709 1943 υ
720 1923 819 1953 praeter
834 1915 987 1953 Africanum

471 1964 508 1984 22
531 1954 647 1983 obscura
663 1956 683 1983 P
699 1956 813 1991 obscura>

472 2003 509 2030 24
530 1995 711 2024 adduxerunt
725 2010 738 2024 v
752 1996 878 2024 duxerunt

471 2034 508 2063 26
530 2034 667 2063 minorem
683 2049 697 2063 u
712 2038 830 2073 majorem

471 2084 508 2111 29
530 2084 558 2102 es
574 2088 587 2102 v
599 2076 653 2112 effis

472 2124 510 2153 30
531 2114 700 2143 exulceratis
715 2128 728 2142 υ
742 2114 882 2143 exultantis

475 2165 489 2192 3
498 2162 510 2184 1
535 2154 676 2183 versamur
689 2168 702 2183 v
717 2156 843 2192 versatur

472 2205 508 2233 32
531 2194 678 2231 praesentes
696 2202 744 2222 tuo
760 2194 965 2232 vpraeſsntg'sque

473 2245 507 2273 33
532 2234 605 2262 Vale
620 2234 641 2261 P
655 2248 668 2262 v
681 2237 706 2262 d.

396 2288 409 2313 3
495 2277 510 2303 8
531 2275 583 2302 esse
598 2289 622 2308 υ,
635 2275 659 2308 ψ
674 2276 701 2303 d.

397 2313 401 2315 ’
474 2325 505 2344 11
532 2315 697 2343 reducerent
711 2328 724 2342 υ
739 2315 856 2343 ducerent

476 2364 511 2389 ¹4
528 2355 586 2391 jam
602 2368 616 2382 v
630 2355 694 2382 clam

476 2394 511 2423 16
532 2395 663 2422 Proxima
677 2408 690 2423 v
705 2396 831 2432 Promffi

475 2449 511 2456 —-
534 2435 677 2463 Hortensii
693 2448 706 2463 υ
721 2434 813 2463 Bibuli

474 2484 506 2503 21
532 2474 617 2502 Diem
634 2475 653 2502 P
669 2477 733 2504 diem
746 2478 810 2503 enim

472 2515 562 2545 Tor-1.
584 2514 651 2543 VII.

1154 1243 1184 1271 p.

1158 1283 1172 1310 3

1158 1401 1175 1428 4

1161 2481 1178 2510 7

1446 1126 1559 1164 MSS.
1590 1126 1620 1164 P
1640 1121 1730 1179 12,ss

1239 1280 1269 1300 zr
1297 1268 1505 1307 Perspiciebant
1521 1268 1541 1296 P
1558 1267 1737 1307 Prospicebant

1238 1321 1273 1348 23
1297 1319 1457 1347 quanquam
1483 1310 1500 1336 P
1514 1319 1589 1345 quam

1239 1361 1276 1388 24
1298 1351 1317 1378 ii
1334 1364 1347 1378 υ
1361 1358 1384 1378 et

1260 1402 1272 1429 5
1298 1398 1362 1419 ante
1378 1388 1454 1418 diem
1473 1389 1491 1416 P
1507 1402 1519 1416 υ
1535 1389 1570 1416 ad

1239 1440 1275 1459 ιο
1297 1439 1345 1459 aut
1361 1429 1440 1458 salvis
1456 1429 1568 1467 legibus
1584 1442 1597 1456 υ
1614 1431 1639 1456 d.

1241 1480 1277 1507 ¹4
1298 1478 1336 1503 et,
1361 1479 1392 1498 ut
1407 1479 1491 1506 quam
1507 1482 1520 1496 v
1535 1476 1609 1507 utque

1241 1511 1275 1538 16
1297 1510 1369 1538 Vale
1384 1510 1404 1537 P
1417 1523 1429 1536 υ
1445 1511 1472 1537 d.

1239 1560 1276 1579 20
1298 1558 1326 1578 et
1342 1563 1355 1578 v
1371 1553 1399 1577 in

1240 1600 1271 1619 21
1297 1589 1504 1628 gratiofiffimus
1521 1602 1534 1616 υ
1545 1588 1706 1627 grarr'ffi'mus

1240 1640 1274 1667 ²3
1300 1630 1416 1658 libertos
1431 1629 1546 1657 vliberos

1239 1671 1276 1698 26
1300 1670 1421 1706 Ampius
1438 1670 1458 1697 P
1472 1670 1571 1705 Appius

1239 1719 1275 1746 27
1299 1708 1455 1738 decreverit
1470 1709 1491 1736 Ρ
1504 1710 1616 1736 decrevit

1236 1765 1276 1771 —
1298 1759 1362 1777 eum
1378 1763 1390 1776 v
1411 1750 1437 1778 d.

1240 1800 1275 1828 29
1298 1790 1370 1817 Vale
1385 1789 1405 1816 P
1422 1803 1435 1817 υ
1447 1790 1471 1816 d.

1259 1840 1274 1858 2
1299 1831 1374 1857 Ante
1390 1829 1466 1856 diem
1482 1829 1501 1856 P
1518 1841 1531 1856 υ
1548 1829 1591 1855 Ad

1257 1870 1276 1898 6
1298 1869 1326 1897 in
1341 1883 1354 1897 υ
1370 1879 1417 1897 non

1241 1919 1271 1938 1!
1297 1909 1415 1946 Pupiam
1433 1922 1446 1936 υ
1458 1908 1571 1946 Papiam

1241 1950 1276 1978 16
1297 1949 1366 1987 quin
1380 1962 1394 1977 υ
1407 1951 1454 1986 qui

1242 1998 1278 2028 59
1300 1989 1400 2027 populi
1414 1990 1433 2016 P
1445 1988 1533 2025 populi
1547 1988 1661 2016 Romani

1241 2040 1272 2059 21
1298 2028 1441 2067 provisum
1456 2043 1469 2057 υ
1484 2031 1649 2066 improvrsrem

1241 2080 1275 2108 ²5
1299 2069 1395 2097 videar
1413 2082 1427 2097 υ
1440 2069 1468 2097 d.

1241 2119 1276 2145 27
1299 2119 1315 2137 a
1327 2109 1356 2137 vi
1374 2110 1392 2137 P
1407 2122 1420 2137 υ
1436 2111 1463 2137 d.

1240 2152 1276 2178 28
1301 2149 1340 2177 Vi
1356 2150 1377 2177 P
1390 2158 1418 2177 ut

1241 2198 1278 2227 30
1300 2189 1372 2217 Vale
1388 2189 1409 2216 P
1423 2203 1436 2217 υ
1449 2190 1475 2217 d.

1243 2239 1276 2268 ¹5
1300 2229 1403 2257 habeat
1422 2229 1442 2256 P
1456 2229 1530 2256 haber

1238 2285 1278 2292 —
1299 2269 1425 2307 profeao
1438 2282 1451 2297 υ
1465 2271 1493 2297 d.

1244 2312 1277 2338 18
1299 2319 1347 2336 aut
1361 2323 1374 2337 υ
1388 2317 1435 2337 aut
1448 2313 1471 2337 is

1241 2350 1278 2378 26
1299 2349 1457 2377 existimare
1471 2363 1481 2376 ι
1497 2349 1625 2386 aestimare

1241 2400 1272 2428 3¹
1299 2398 1327 2418 et
1345 2389 1448 2427 agendi
1471 2396 1499 2417 ct
1519 2386 1665 2426 cogitandi
1692 2398 1704 2414 v
1720 2384 1825 2422 agendis
1845 2392 1868 2413 ct

1343 2431 1487 2469 cusgitandis

1265 2480 1275 2499 1
1301 2470 1407 2507 majore
1421 2470 1442 2498 P
1455 2483 1468 2498 v
1483 2468 1603 2497 meliorem
