2351 2997
488 239 566 279 234
832 227 1515 267 EPISTOLARUM

462 325 690 380 rpraeceptis
718 326 823 364 tuis:
856 325 933 363 hoc
959 326 1143 378 amplius,
1175 326 1442 365 navicularum
1472 327 1613 366 habere
1641 329 1791 381 aliquid
1822 331 1864 369 in

487 405 553 428 ora
572 392 792 429 maritima:
826 400 960 428 contra
990 391 1164 442 equitem
1198 391 1386 429 Parthum
1419 404 1561 445 negant
1589 395 1710 432 ullam
1737 409 1863 433 arma-

488 466 614 494 turam
650 456 854 493 meliorem
888 456 1053 492 inveniri
1089 455 1205 507 poffe.
1253 456 1325 493 Sed
1360 458 1456 508 quid
1490 459 1695 497 ludimus?
1742 461 1863 499 nescis

488 536 661 575 quocum
683 522 914 573 imperatore
936 521 1009 559 tibi
1029 522 1233 573 negotium
1255 522 1313 560 fit.
1346 517 1492 558 nusaeioeu
1513 520 1606 576 Κύξε,
1627 539 1745 576 quam
1766 541 1863 565 con-

490 588 669 625 triveram
690 587 870 639 legendo,
902 596 1025 624 totam
1045 588 1085 624 in
1114 586 1190 625 hoe
1211 588 1376 639 imperio
1403 588 1608 640 explicavi.
1656 591 1727 628 Sed
1751 593 1862 642 joca-

489 652 621 690 bimur
652 652 742 689 alias
775 666 920 697 coram,
951 661 995 689 ut
1025 652 1146 704 spero,
1180 652 1286 689 brevi
1318 662 1506 704 tempore.
1553 654 1674 692 Nunc
1701 655 1787 693 ades
1817 656 1865 693 ad

486 718 773 771 imperandum,
804 719 864 756 vel
896 719 942 755 ad
975 718 1188 770 parendum
1219 719 1376 770 potius:
1411 719 1460 756 fic
1487 721 1593 757 enim
1621 722 1774 774 antiqui
1801 722 1862 760 lo-

488 785 721 837 quebantur.
755 785 859 822 Cum
882 784 944 822 M.
966 785 1087 822 Fabio
1111 784 1235 835 (quod
1256 785 1348 822 scire
1371 793 1407 822 te
1427 785 1608 835 arbitror)
1634 786 1734 824 mihi
1755 787 1862 825 sum-

489 865 576 888 mus
610 851 697 888 usus
732 849 811 894 est3
850 850 1037 902 valdeque
1069 864 1158 887 eum
1190 849 1327 901 diligo,
1359 864 1451 887 cum
1482 860 1640 902 propter
1671 852 1864 890 summam

488 916 724 968 probitatem
749 916 846 967 ejus,
878 928 919 952 ac
948 915 1179 966 singularem
1207 915 1448 959 modestiam,
1480 923 1566 952 tum
1598 917 1704 968 quod
1735 918 1776 954 in
1801 916 1864 955 his

488 981 770 1025 controverfiis,
802 994 895 1032 quas
927 979 1050 1017 habeo
1081 994 1174 1017 cum
1204 981 1281 1017 tuis
1310 980 1615 1018 combibonibus
1641 983 1862 1033 Epicureis,

488 1049 639 1100 optima
669 1060 784 1098 opera
811 1047 893 1098 ejus
925 1047 982 1084 uti
1012 1046 1128 1083 soleo.
1175 1047 1212 1083 Is
1241 1059 1332 1083 cum
1360 1046 1406 1083 ad
1438 1060 1501 1084 me
1532 1047 1765 1085 Laodiceam
1795 1062 1863 1086 ve-

489 1113 613 1157 nisset,
645 1125 882 1163 mecumque
910 1125 982 1163 ego
1011 1125 1102 1148 eum
1131 1110 1203 1148 effe
1232 1111 1389 1155 vellem,
1420 1121 1577 1164 repente
1597 1113 1791 1164 percuffus
1812 1113 1865 1151 est

487 1177 729 1216 atrociffimis
750 1177 887 1221 literis,
920 1176 959 1213 in
990 1175 1134 1228 quibus
1162 1175 1351 1228 scripturn
1380 1185 1473 1221 erat,
1505 1176 1675 1215 fundum
1705 1179 1863 1216 Hercu-

488 1243 683 1282 lanensem
703 1256 723 1279 a
744 1242 945 1294 QFabio
973 1241 1090 1279 fratre
1114 1241 1376 1294 proscriptum
1397 1242 1483 1287 effe,
1514 1243 1583 1294 qui
1604 1242 1750 1281 fundus
1771 1257 1865 1282 cum

487 1324 532 1347 eo
553 1308 776 1347 communis
797 1307 900 1345 effet.
952 1307 998 1345 Id
1019 1308 1082 1344 M.
1107 1307 1251 1344 Fabius
1272 1308 1507 1359 pergraviter
1528 1308 1634 1352 tulit,
1665 1309 1864 1346 existima-

487 1376 636 1427 vitque,
668 1372 826 1411 fratrem
849 1373 976 1417 suum,
1007 1371 1213 1410 hominem
1234 1386 1311 1409 non
1333 1373 1559 1424 sapientem,
1591 1373 1763 1425 impulsu
1783 1374 1863 1412 ini-

488 1441 684 1478 micorum
705 1438 862 1476 suorum
891 1451 936 1475 eo
957 1437 1196 1489 progressum
1225 1437 1311 1475 effe.
1357 1438 1479 1475 Nunc
1506 1437 1532 1475 fi
1564 1451 1627 1475 me
1658 1451 1775 1483 amas,
1807 1439 1864 1476 mi

489 1507 605 1550 Paete‚
647 1504 851 1555 negotium
886 1512 1016 1540 toturn
1050 1503 1211 1555 suscipe,
1243 1512 1280 1540 et
1315 1503 1489 1540 molestia
1523 1504 1691 1541 Fabium
1726 1504 1860 1542 libera.

488 1569 731 1608 Auctoritate
764 1578 828 1606 tua
860 1568 972 1605 nobis
1004 1581 1102 1620 opus
1134 1568 1200 1612 est,
1232 1577 1270 1605 et
1301 1568 1476 1612 confilio‚
1508 1577 1546 1605 et
1577 1569 1694 1605 etiam
1726 1570 1862 1620 gratia.

487 1636 586 1674 Noli
607 1635 687 1687 pati
708 1634 860 1685 litigare
879 1632 1030 1678 fratres,
1061 1643 1099 1671 et
1115 1633 1276 1684 judiciis
1299 1633 1479 1685 turpibus
1500 1633 1727 1671 conflictari.
1771 1634 1863 1671 Ma-

488 1710 620 1738 tonem
642 1710 678 1737 et
701 1699 922 1736 Pollionem
943 1699 1125 1735 inimicos
1148 1697 1264 1735 habet
1286 1698 1445 1736 Fabius.
1479 1698 1588 1749 Qid
1609 1699 1761 1736 multa?
1784 1713 1861 1737 non

486 1765 708 1804 mehercule
730 1773 808 1801 tam
836 1764 1068 1816 perscribere
1095 1763 1261 1816 possum,
1293 1777 1411 1816 quam
1441 1763 1541 1801 mihi
1571 1773 1726 1815 gratum
1755 1764 1862 1802 fece-

485 1832 551 1876 ris,
583 1832 608 1868 fi
640 1830 809 1868 otiosum
842 1830 1009 1866 Fabium
1042 1829 1267 1867 reddideris.
1314 1829 1359 1866 Id
1389 1829 1456 1866 ille
1479 1830 1519 1867 in
1543 1838 1580 1867 te
1600 1830 1768 1882 pofitum
1788 1830 1859 1867 effe

487 1905 612 1948 putat,
644 1895 823 1947 mihique
844 1894 1057 1946 persuadet.
1090 1894 1201 1931 Vale.

862 2095 1103 2131 CICERO
1146 2094 1319 2131 PAETo
1362 2094 1398 2131 S.
1432 2095 1485 2133 D.

489 2221 641 2261 XXVI.
664 2221 778 2292 AC
795 2223 827 2258 C
844 2222 881 2258 U
897 2222 926 2258 B
942 2222 979 2258 U
995 2222 1027 2258 E
1044 2221 1080 2258 R
1096 2222 1131 2258 A
1147 2221 1193 2258 M
1225 2219 1319 2258 hora
1339 2234 1453 2265 nona,
1486 2234 1577 2258 cum
1599 2220 1644 2257 ad
1666 2229 1702 2258 te
1723 2220 1862 2258 harum

771 2286 997 2337 exemplum
1014 2286 1054 2322 in
1072 2286 1265 2323 codicillis
1282 2286 1445 2323 exaravi.
1480 2286 1613 2330 Dices,
1632 2286 1724 2323 ubi?
1743 2286 1862 2338 Apud

491 2352 750 2389 Volumnium
773 2351 1058 2403 Eutrapelum3
1091 2361 1128 2388 et
1158 2351 1318 2402 quidem
1341 2351 1452 2403 supra
1472 2365 1534 2388 me
1556 2352 1729 2396 Atticus,
1762 2351 1864 2389 infra

486 2418 661 2462 Verrius,
683 2417 890 2454 familiares
914 2417 985 2454 tui.
1033 2417 1190 2453 Miraris
1214 2426 1291 2454 tam
1319 2415 1571 2454 exhilaratam
1599 2416 1669 2454 effe
1697 2417 1861 2454 servitu-

486 2492 564 2521 tem
583 2482 779 2521 nostram?
803 2481 912 2532 Qid
932 2495 1023 2534 ergo
1039 2480 1179 2520 faciam
1197 2483 1209 2519 ?
1233 2491 1269 2520 te
1285 2482 1460 2527 consulo,
1483 2482 1553 2534 qui
1575 2480 1860 2533 Philosophum
