2351 2997
622 319 695 371 368
969 319 1649 364 EPISTOLARUM

666 552 729 589 M.
762 551 815 587 T.
850 551 897 589 C.
932 551 1203 588 APULE10
1245 550 1697 600 PkoQuAEswom
1740 552 1777 590 S.
1811 554 1854 592 P.
1889 552 1943 593 D.

617 678 767 715 XLVI.
793 676 947 748 LUC
964 678 981 714 Ι
998 678 1069 714 US
1102 677 1262 715 Nostius
1287 678 1424 716 Zoilus
1454 678 1507 716 est
1536 678 1693 716 coheres
1724 693 1848 725 meus,
1880 680 1988 719 heres

889 751 1018 780 autem
1045 743 1197 795 patroni
1228 742 1298 781 sui.
1346 745 1403 781 Ea
1423 757 1462 780 re
1482 752 1695 795 utrumque
1716 744 1858 797 scripsi,
1891 755 1934 784 ut
1954 756 1993 783 et

617 807 718 846 mihi
738 820 831 845 cum
851 807 922 844 illo
938 808 1088 846 causam
1104 808 1286 845 amicitiae
1307 808 1418 845 scires
1440 808 1525 853 effe,
1543 818 1580 846 et
1600 808 1804 847 hominem
1823 811 1995 862 probum

617 873 867 917 existimares,
898 873 967 925 qui
987 873 1142 924 patroni
1156 872 1310 924 judicio
1331 882 1487 910 ornatus
1508 873 1612 912 esset.
1651 875 1756 912 Eum
1777 875 1851 912 tibi
1871 876 1993 927 igitur

617 937 668 975 fic
688 937 937 981 commendo,
970 946 1013 974 ut
1034 950 1158 975 unum
1178 950 1225 975 ex
1246 936 1371 974 nostra
1390 936 1523 975 domo.
1570 937 1693 975 Valde
1713 938 1814 976 mihi
1837 949 1992 991 gratum

617 1003 690 1039 erit
710 1002 736 1039 fi
757 1002 900 1039 curaris
923 1011 966 1039 ut
986 1002 1195 1053 intelligat,
1218 1001 1319 1039 hanc
1338 1001 1722 1040 commendationem
1744 1002 1814 1040 fibi
1834 1004 1935 1056 apud
1956 1013 1991 1042 te

614 1079 759 1118 magno
778 1067 1004 1118 adjumento
1024 1066 1148 1104 fuifi'e.
1182 1066 1290 1105 Vale.

855 1266 920 1304 M.
953 1268 1005 1305 T.
1039 1267 1279 1304 C1CER0
1321 1268 1499 1304 Sxon
1541 1266 1578 1304 S.
1614 1266 1656 1304 P.
1691 1266 1743 1303 D.

617 1396 789 1434 XLVII.
815 1394 1029 1482 QUID
1060 1408 1133 1446 ego
1163 1394 1236 1431 tibi
1265 1395 1539 1433 commendem
1569 1407 1674 1438 eum,
1705 1407 1824 1445 quem
1849 1402 1891 1431 tu
1912 1393 1991 1446 ipse

919 1460 1080 1511 diligis?
1104 1459 1175 1496 Sed
1197 1468 1324 1496 tamen
1347 1468 1390 1496 ut
1410 1459 1523 1497 scires
1545 1473 1635 1496 eum
1656 1472 1676 1496 a
1695 1472 1758 1496 me
1779 1472 1856 1495 non
1878 1459 1992 1510 diligi

618 1527 757 1570 solum,
780 1539 914 1563 verum
934 1526 1052 1562 etiam
1073 1524 1204 1568 amari,
1237 1525 1287 1561 ob
1308 1537 1390 1562 eam
1413 1538 1493 1561 rem
1515 1525 1589 1562 tibi
1611 1523 1691 1562 haec
1712 1523 1852 1561 scribo.
1886 1525 1990 1561 Om-

619 1593 728 1629 nium
752 1601 908 1628 tuorum
930 1590 1165 1634 officiorum,
1197 1603 1282 1640 quae
1310 1598 1348 1626 et
1378 1590 1503 1626 multa
1529 1600 1732 1640 et·magna
1758 1589 1859 1633 sunt,
1891 1588 1992 1627 mihi

615 1657 873 1709 gratiffimum
894 1655 1026 1698 fuerit,
1059 1655 1084 1692 fi
1106 1655 1158 1692 ita
1179 1654 1347 1691 tradaris
1371 1655 1600 1705 Egnatium,
1632 1662 1675 1690 ut
1704 1653 1840 1690 sentiat
1860 1664 1898 1690 et
1918 1654 1953 1690 se
1973 1667 1994 1690 a

616 1736 693 1766 me,
725 1731 762 1759 et
784 1735 845 1759 me
865 1734 885 1758 a
906 1730 956 1763 te,
988 1720 1121 1757 amari.
1163 1720 1254 1756 Hoc
1277 1729 1314 1756 te
1334 1718 1582 1757 vehementer
1602 1719 1719 1756 etiam
1740 1728 1855 1770 atque
1875 1719 1993 1757 etiam

616 1801 725 1839 rogo.
774 1787 845 1824 Illa
876 1785 1000 1823 nostra
1031 1784 1178 1821 scilicet
1208 1784 1447 1822 ceciderunt.
1496 1786 1664 1822 Utamur
1694 1784 1814 1834 igitur
1844 1783 1994 1835 vulgari

615 1851 895 1895 consolatione,
927 1849 1050 1899 Qid,
1082 1849 1107 1886 fi
1129 1849 1269 1886 melius
1291 1848 1398 1886 hoc?
1433 1848 1504 1885 Sed
1533 1848 1616 1886 haec
1637 1861 1781 1886 coram.
1828 1849 1895 1885 Tu
1915 1847 1991 1893 fac,

615 1916 723 1969 quod
743 1915 853 1959 facis,
885 1924 928 1952 ut
949 1927 1012 1951 me
1031 1927 1149 1958 ames,
1183 1923 1298 1964 teque
1318 1913 1437 1951 amari
1457 1926 1477 1949 a
1496 1927 1558 1951 me
1579 1912 1686 1951 scias.
1719 1913 1829 1951 Vale.

686 2117 749 2154 M.
784 2117 837 2154 T.
871 2116 918 2152 C.
953 2116 1000 2152 C.
1035 2115 1256 2152 SEmeo
1299 2114 1441 2157 RUFO,
1484 2115 1675 2164 QAEST.
1719 2113 1755 2151 S.
1787 2112 1834 2150 P.
1867 2114 1921 2151 D.

617 2244 811 2283 XLVIII.
837 2241 908 2313 O
928 2242 974 2279 M
993 2242 1033 2279 N
1052 2243 1083 2279 E
1104 2243 1124 2279 S
1168 2241 1241 2280 tibi
1276 2224 1514 2279 commendo
1545 2241 1727 2292 Cyprios,
1772 2240 1835 2278 sed
1869 2241 1992 2292 magis

609 2324 611 2326 ·
687 2324 690 2325 ⁷
941 2306 1108 2359 Paphios
1126 2326 1136 2351 3
1183 2306 1326 2359 quibus
1363 2316 1404 2343 tu
1439 2319 1682 2358 quaecunque
1715 2306 1990 2349 commodaris,

613 2384 732 2412 >erunt
751 2372 851 2411 mihi
873 2372 1093 2425 gratiffima.
1132 2373 1269 2423 quue
1289 2371 1391 2408 facio
1410 2371 1613 2415 libentius,
1637 2380 1680 2408 ut
1699 2384 1763 2408 eos
1785 2371 1857 2408 tibi
1879 2384 1990 2407 com-

621 2439 818 2482 mendem,
850 2437 955 2489 quod
975 2447 1012 2474 et
1034 2446 1108 2474 tuae
1129 2436 1248 2480 laudi,
1280 2437 1390 2487 cujus
1413 2449 1484 2486 ego
1504 2435 1634 2472 fautor
1654 2435 1753 2480 sum,
1775 2435 1991 2473 conducere

617 2506 796 2549 arbitror,
815 2517 906 2541 cum
927 2503 1076 2555 primus
1098 2503 1138 2539 in
1160 2515 1243 2539 eam
1265 2502 1428 2538 insulam
1450 2501 1613 2552 quaestor
1633 2502 1796 2545 veneris,
1814 2514 1855 2538 ea
1871 2510 1907 2537 te
1928 2500 1990 2536 in—

615 2571 786 2615 stituere,
805 2583 889 2622 quae
906 2568 1113 2620 sequantur
1133 2568 1218 2606 alii:
1243 2581 1341 2619 quae,
1366 2576 1408 2604 ut
1429 2567 1551 2619 spero,
1569 2565 1723 2604 facilius
1745 2565 1990 2617 consequere,
