2351 2997
541 271 620 325 278
888 267 1574 307 EPISTOLARUM

542 376 644 406 tuam
663 364 870 409 amicitiam,
901 364 1113 415 aestimemus.
1156 361 1213 402 ‘I'u
1231 364 1338 401 etiam
1356 371 1463 415 atque
1483 364 1589 401 etiam
1609 362 1703 407 vide,
1734 362 1821 415 quid
1831 365 1919 417 sics-

543 433 668 486 cipias,
700 431 787 483 quid
804 429 980 480 sustinere
1004 429 1134 481 pastis-5
1169 443 1277 480 neque
1309 442 1413 479 quam
1442 428 1501 466 diu
1532 428 1668 467 vixerit
1701 430 1838 481 Cajfizr,
1854 429 1928 482 fid

543 510 649 550 quam
673 510 740 533 non
759 494 820 533 diu
839 493 1019 545 regnarit,
1035 493 1110 543 fhc
1138 493 1281 544 cogites.
1325 493 1424 530 Deos
1453 494 1659 545 quaesumus,
1689 494 1827 544 corfilia
1854 502 1921 532 tua

543 559 746 612 reipublicae
764 558 954 611 salutaria
973 557 1069 608 sint,
1099 571 1142 596 ac
1173 557 1267 595 tibi.-
1281 557 1325 606 st
1351 556 1478 602 minus,
1509 565 1564 602 ut,
1584 558 1696 610 salva
1714 567 1821 610 atque
1855 559 1921 597 ho-

544 625 638 677 nesta
656 624 849 677 republica,
879 623 949 662 tibi
965 637 1069 676 quam
1088 622 1266 662 minimum
1285 630 1445 667 noceant,
1475 630 1649 675 optamus.
1692 623 1819 662 Pridie
1836 625 1919 664 No-

542 705 610 730 nas
630 689 792 729 Sextiles.

616 891 672 929 D.
705 889 891 927 Bnurus
929 887 1032 925 ΙΜΡ.
1075 887 1177 924 Cos.
1220 897 1406 923 DESIGN.
1449 886 1677 925 C1CERON1
1718 887 1758 926 S.
1790 889 1845 927 D·

550 1017 623 1057 IV.
718 1017 742 1054 I
763 1014 803 1053 de
823 1023 885 1051 tua
906 1014 940 1051 in
962 1027 1014 1051 me
1033 1013 1212 1050 voluntate
1231 1010 1441 1057 dubitarem,
1462 1011 1578 1049 multis
1599 1027 1622 1049 a
1643 1021 1676 1051 te
1693 1013 1810 1052 verbis
1820 1021 1916 1065 pete<

724 1094 811 1125 rem,
844 1087 883 1116 ut
902 1077 1109 1129 dignitatem
1130 1089 1240 1113 meam
1259 1084 1422 1113 tuerere:
1440 1075 1512 1128 sed
1521 1075 1684 1129 prcfiffto
1712 1079 1756 1129 {st
1781 1078 1848 1123 ita,
1882 1087 1922 1115 ut

548 1146 636 1184 mihi
649 1144 814 1201 pe'su‘fi2
845 1157 898 1180 me
918 1142 984 1179 tibi
1001 1141 1059 1191 effe
1080 1154 1189 1178 curae.
1238 1139 1445 1191 Progreffics
1465 1139 1550 1192 sum
1577 1140 1629 1178 ad
1647 1141 1824 1195 Inalpinos
1843 1155 1920 1180 cum

549 1213 717 1256 exercitu,
737 1224 801 1248 non
821 1218 896 1246 tam
917 1221 1034 1244 nomen
1053 1205 1315 1259 imperatorium
1336 1213 1494 1258 captans,
1513 1219 1617 1260 quam
1638 1206 1776 1260 cupiens
1796 1207 1918 1244 militi-

549 1275 843 1330 busstztiffhccre,
864 1271 1055 1325 firmo-Eme
1084 1285 1137 1308 eos
1168 1269 1220 1308 acl
1246 1269 1391 1307 tuendas
1420 1271 1551 1322 nqstras
1571 1285 1625 1309 res
1645 1269 1802 1319 efficerc’3
1833 1271 1925 1325 quod

550 1341 642 1379 mihi
670 1340 792 1379 videor
820 1337 1040 1390 constemus:
1073 1349 1155 1372 nam
1186 1344 1220 1372 et
1248 1333 1494 1373 liberalitatem
1523 1334 1674 1386 nostram
1703 1344 1738 1374 et
1766 1337 1922 1374 animum

542 1406 626 1459 sunt
647 1403 790 1459 experti.
839 1403 929 1440 Cum
957 1399 1106 1438 onmium
1126 1398 1364 1451 bcllicqsiffimls
1383 1399 1506 1437 bellum
1521 1399 1615 1450 geffi,
1648 1400 1762 1437 multa
1781 1400 1920 1451 castella

551 1471 638 1524 cepi,
656 1470 767 1507 multa
788 1466 943 1519 vastavi.
969 1465 1137 1516 Nonsz'ne
1157 1464 1260 1516 causa
1280 1462 1331 1500 ad
1336 1462 1500 1515 senatum
1520 1463 1642 1502 literas
1662 1464 1745 1515 mfi.
1769 1464 1922 1517 Affuva

550 1550 608 1574 nos
628 1545 690 1573 tua
698 1532 876 1587 sententia
893 1545 904 1575 3
939 1529 1034 1584 quod
1055 1543 1132 1568 cum
1139 1527 1273 1583 facies,
1305 1542 1345 1566 cx
1364 1542 1496 1581 magna
1508 1537 1618 1580 parte
1637 1529 1807 1568 communi
1827 1544 1920 1567 com-

550 1599 647 1638 modo
667 1597 879 1653 itycrvicris.
913 1595 1011 1633 Vale.

619 1799 684 1838 M.
717 1799 944 1837 CICERO
984 1795 1040 1835 D.
1072 1795 1274 1835 BRUTO
1314 1796 1440 1834 ΙΜΡ.
1482 1794 1607 1833 Cos.
1650 1806 1769 1833 DES.
1811 1795 1850 1834 S.

551 1928 602 1966 V.
628 1925 744 1998 LU
763 1926 793 1963 P
807 1926 845 1962 U
863 1925 900 1968 S,
931 1922 1134 1961 familiaris
1164 1922 1304 1967 noster,
1334 1936 1427 1960 cum
1453 1935 1473 1959 a
1493 1930 1531 1960 te
1549 1920 1722 1966 venisset,
1753 1935 1924 1974 cumque

725 1992 862 2028 Romae
894 1988 1080 2040 quosdam
1113 1987 1193 2024 dies
1223 1995 1543 2031 commoraretur,
1574 1999 1647 2037 ego
1672 1999 1776 2024 eram
1805 1987 1846 2023 in
1875 1987 1923 2024 iis

549 2058 663 2102 locis,
685 2057 727 2094 in
747 2055 891 2108 quibus
909 2054 1078 2092 maxime
1093 2066 1157 2091 me
1172 2061 1259 2090 tuto
1275 2052 1346 2090 effe
1361 2052 1585 2090 arbitrabar.
1618 2052 1678 2089 Eo
1693 2050 1840 2089 factum
1856 2052 1923 2097 est,

552 2132 596 2160 ut
616 2122 663 2160 ad
683 2131 720 2159 te
741 2122 877 2172 Lupus
894 2120 970 2157 fine
986 2119 1082 2156 meis
1099 2118 1221 2156 literis
1238 2118 1393 2162 rediret,
1411 2131 1503 2155 cum
1520 2126 1648 2155 tamen
1666 2115 1825 2154 curasset
1842 2125 1925 2154 tuas

551 2188 598 2227 ad
618 2201 681 2226 me
706 2184 963 2239 perferendas.
1008 2185 1180 2222 Romam
1208 2193 1339 2221 autem
1368 2183 1455 2221 veni
1475 2197 1509 2220 a.
1533 2183 1571 2221 d.
1594 2197 1616 2220 v
1639 2182 1730 2220 Idus
1752 2183 1924 2220 Decern-

552 2254 647 2298 bris,
678 2266 748 2291 nec
769 2251 889 2289 habui
909 2249 1125 2302 quidquam
1145 2250 1359 2302 antiquius,
1390 2262 1509 2301 quam
1538 2257 1582 2286 ut
1612 2247 1772 2284 Pansam
1798 2247 1927 2284 statim

551 2319 827 2362 convenirem5
859 2330 905 2354 ex
926 2329 1005 2368 quo
1023 2330 1067 2353 ea
1086 2315 1132 2352 de
1153 2324 1190 2352 te
1211 2316 1392 2366 cognovi,
1424 2328 1509 2366 quae
1535 2313 1705 2351 maxime
1725 2313 1923 2364 optabam.

552 2387 681 2436 Qare
702 2382 921 2421 hortatione
942 2390 984 2419 tu
1005 2380 1167 2432 quidem
1187 2393 1267 2417 non
1287 2393 1389 2431 eges,
1421 2380 1446 2417 fi
1467 2392 1515 2417 ne
1535 2378 1603 2416 illa
1621 2377 1781 2429 quidem
1807 2377 1848 2414 in
1870 2391 1923 2421 re,

550 2465 636 2504 quae
666 2464 685 2487 a
712 2459 749 2487 te
777 2449 880 2501 gesta
907 2448 959 2485 est
986 2446 1069 2499 post
1095 2445 1305 2484 hominum
1326 2446 1554 2483 memoriam
1577 2444 1759 2489 maxima,
1790 2443 1924 2481 horta-

552 2526 678 2556 torem
699 2513 925 2553 defiderasti.
971 2511 1077 2550 Illud
1104 2521 1234 2550 tamen
1256 2511 1421 2549 breviter
1441 2509 1739 2563 fignificandum
1757 2508 1924 2550 videtur,
