<?xml version="1.0" encoding="UTF-8"?>
<!DOCTYPE html PUBLIC "-//W3C//DTD XHTML 1.0 Transitional//EN"
    "http://www.w3.org/TR/xhtml1/DTD/xhtml1-transitional.dtd">
<html xmlns="http://www.w3.org/1999/xhtml" xml:lang="en" lang="en">
 <head>
  <title>
</title>
<meta http-equiv="Content-Type" content="text/html;charset=utf-8" />
  <meta name='ocr-system' content='tesseract 3.04.00' />
  <meta name='ocr-capabilities' content='ocr_page ocr_carea ocr_par ocr_line ocrx_word'/>
</head>
<body>
  <div class='ocr_page' id='page_1' title='image "./operacumindicibu07ciceuoft_0054.png"; bbox 0 0 2351 2997; ppageno 0'>
   <div class='ocr_carea' id='block_1_1' title="bbox 549 273 1577 330">
    <p class='ocr_par' dir='ltr' id='par_1_1' title="bbox 549 273 1577 330">
     <span class='ocr_line' id='line_1_1' title="bbox 549 273 1577 330; baseline -0.005 -14"><span class='ocrx_word' id='word_1_1' title='bbox 549 290 599 330; x_wconf 85' lang='lat'>34</span> <span class='ocrx_word' id='word_1_2' title='bbox 891 273 1577 315; x_wconf 87' lang='lat' dir='ltr'><strong>EPISTOLARUM</strong></span> 
     </span>
    </p>
   </div>
   <div class='ocr_carea' id='block_1_2' title="bbox 517 370 1931 2456">
    <p class='ocr_par' dir='ltr' id='par_1_2' title="bbox 517 370 1931 2456">
     <span class='ocr_line' id='line_1_2' title="bbox 546 370 1924 424; baseline -0.004 -9"><span class='ocrx_word' id='word_1_3' title='bbox 546 377 738 421; x_wconf 90' lang='lat' dir='ltr'>animum,</span> <span class='ocrx_word' id='word_1_4' title='bbox 771 375 861 414; x_wconf 92' lang='lat' dir='ltr'>novi</span> <span class='ocrx_word' id='word_1_5' title='bbox 881 375 1087 413; x_wconf 90' lang='lat' dir='ltr'>confilium</span> <span class='ocrx_word' id='word_1_6' title='bbox 1109 382 1238 412; x_wconf 81' lang='lat' dir='ltr'>tuum.</span> <span class='ocrx_word' id='word_1_7' title='bbox 1284 373 1380 410; x_wconf 91' lang='lat' dir='ltr'>Non</span> <span class='ocrx_word' id='word_1_8' title='bbox 1408 386 1553 417; x_wconf 91' lang='lat' dir='ltr'>vereor,</span> <span class='ocrx_word' id='word_1_9' title='bbox 1586 385 1632 410; x_wconf 92' lang='lat' dir='ltr'>ne</span> <span class='ocrx_word' id='word_1_10' title='bbox 1652 370 1748 424; x_wconf 89' lang='lat' dir='ltr'>quid</span> <span class='ocrx_word' id='word_1_11' title='bbox 1769 370 1924 417; x_wconf 83' lang='lat' dir='ltr'>timide,</span> 
     </span>
     <span class='ocr_line' id='line_1_3' title="bbox 517 436 1924 495; baseline -0.003 -15"><span class='ocrx_word' id='word_1_12' title='bbox 517 487 522 491; x_wconf 38' lang='grc'>,</span> <span class='ocrx_word' id='word_1_13' title='bbox 547 456 594 480; x_wconf 90' lang='lat' dir='ltr'>ne</span> <span class='ocrx_word' id='word_1_14' title='bbox 615 442 711 495; x_wconf 88' lang='lat' dir='ltr'>quid</span> <span class='ocrx_word' id='word_1_15' title='bbox 731 440 859 485; x_wconf 85' lang='lat' dir='ltr'>stulte,</span> <span class='ocrx_word' id='word_1_16' title='bbox 878 439 1010 483; x_wconf 85' lang='lat' dir='ltr'>facias,</span> <span class='ocrx_word' id='word_1_17' title='bbox 1029 439 1054 476; x_wconf 79' lang='lat' dir='ltr'>si</span> <span class='ocrx_word' id='word_1_18' title='bbox 1075 452 1115 475; x_wconf 89' lang='lat' dir='ltr'>ea</span> <span class='ocrx_word' id='word_1_19' title='bbox 1137 437 1334 481; x_wconf 82' lang='lat' dir='ltr'>defendes,</span> <span class='ocrx_word' id='word_1_20' title='bbox 1353 450 1438 489; x_wconf 86' lang='lat' dir='ltr'>quae</span> <span class='ocrx_word' id='word_1_21' title='bbox 1460 437 1538 489; x_wconf 89' lang='lat' dir='ltr'>ipse</span> <span class='ocrx_word' id='word_1_22' title='bbox 1558 439 1658 475; x_wconf 68' lang='lat' dir='ltr'>recta</span> <span class='ocrx_word' id='word_1_23' title='bbox 1676 436 1748 475; x_wconf 83' lang='lat' dir='ltr'>effe</span> <span class='ocrx_word' id='word_1_24' title='bbox 1769 437 1924 476; x_wconf 87' lang='lat' dir='ltr'>senties.</span> 
     </span>
     <span class='ocr_line' id='line_1_4' title="bbox 547 502 1926 559; baseline -0.004 -15"><span class='ocrx_word' id='word_1_25' title='bbox 547 507 667 559; x_wconf 88' lang='lat' dir='ltr'>Qod</span> <span class='ocrx_word' id='word_1_26' title='bbox 689 507 729 544; x_wconf 88' lang='lat' dir='ltr'>in</span> <span class='ocrx_word' id='word_1_27' title='bbox 751 506 789 543; x_wconf 92' lang='lat' dir='ltr'>id</span> <span class='ocrx_word' id='word_1_28' title='bbox 813 505 1037 558; x_wconf 63' lang='lat' dir='ltr'>reipublicae</span> <span class='ocrx_word' id='word_1_29' title='bbox 1058 512 1213 555; x_wconf 86' lang='lat' dir='ltr'>tempus</span> <span class='ocrx_word' id='word_1_30' title='bbox 1235 516 1314 540; x_wconf 90' lang='lat' dir='ltr'>non</span> <span class='ocrx_word' id='word_1_31' title='bbox 1335 502 1533 547; x_wconf 89' lang='lat' dir='ltr'>incideris,</span> <span class='ocrx_word' id='word_1_32' title='bbox 1556 502 1619 540; x_wconf 94' lang='lat' dir='ltr'>sed</span> <span class='ocrx_word' id='word_1_33' title='bbox 1638 502 1802 547; x_wconf 91' lang='lat' dir='ltr'>veneris,</span> <span class='ocrx_word' id='word_1_34' title='bbox 1835 503 1926 554; x_wconf 89' lang='lat' dir='ltr'>(ju-</span> 
     </span>
     <span class='ocr_line' id='line_1_5' title="bbox 546 568 1928 622; baseline -0.004 -11"><span class='ocrx_word' id='word_1_35' title='bbox 546 573 651 611; x_wconf 86' lang='lat' dir='ltr'>dicio</span> <span class='ocrx_word' id='word_1_36' title='bbox 671 573 777 610; x_wconf 88' lang='lat' dir='ltr'>enim</span> <span class='ocrx_word' id='word_1_37' title='bbox 800 580 882 616; x_wconf 87' lang='lat' dir='ltr'>tuo,</span> <span class='ocrx_word' id='word_1_38' title='bbox 913 584 991 609; x_wconf 94' lang='lat' dir='ltr'>non</span> <span class='ocrx_word' id='word_1_39' title='bbox 1012 569 1114 614; x_wconf 87' lang='lat' dir='ltr'>casu,</span> <span class='ocrx_word' id='word_1_40' title='bbox 1137 570 1178 607; x_wconf 89' lang='lat' dir='ltr'>in</span> <span class='ocrx_word' id='word_1_41' title='bbox 1200 569 1328 622; x_wconf 89' lang='lat' dir='ltr'>ipsum</span> <span class='ocrx_word' id='word_1_42' title='bbox 1349 568 1555 606; x_wconf 84' lang='lat' dir='ltr'>discrimen</span> <span class='ocrx_word' id='word_1_43' title='bbox 1578 581 1707 606; x_wconf 88' lang='lat' dir='ltr'>rerum</span> <span class='ocrx_word' id='word_1_44' title='bbox 1726 568 1928 606; x_wconf 88' lang='lat' dir='ltr'>contulisti</span> 
     </span>
     <span class='ocr_line' id='line_1_6' title="bbox 548 632 1927 688; baseline -0.005 -12"><span class='ocrx_word' id='word_1_45' title='bbox 548 639 792 676; x_wconf 85' lang='lat' dir='ltr'>tribunatum</span> <span class='ocrx_word' id='word_1_46' title='bbox 815 636 947 687; x_wconf 88' lang='lat' dir='ltr'>tuum)</span> <span class='ocrx_word' id='word_1_47' title='bbox 971 634 1145 688; x_wconf 67' lang='lat' dir='ltr'>profe&amp;o</span> <span class='ocrx_word' id='word_1_48' title='bbox 1165 634 1286 680; x_wconf 88' lang='lat' dir='ltr'>vides,</span> <span class='ocrx_word' id='word_1_49' title='bbox 1304 643 1448 686; x_wconf 90' lang='lat' dir='ltr'>quanta</span> <span class='ocrx_word' id='word_1_50' title='bbox 1463 634 1519 671; x_wconf 90' lang='lat' dir='ltr'>vis</span> <span class='ocrx_word' id='word_1_51' title='bbox 1541 633 1581 670; x_wconf 93' lang='lat' dir='ltr'>in</span> <span class='ocrx_word' id='word_1_52' title='bbox 1603 632 1804 685; x_wconf 85' lang='lat' dir='ltr'>republica</span> <span class='ocrx_word' id='word_1_53' title='bbox 1823 641 1927 670; x_wconf 87' lang='lat' dir='ltr'>tem·-</span> 
     </span>
     <span class='ocr_line' id='line_1_7' title="bbox 547 698 1927 757; baseline -0.005 -15"><span class='ocrx_word' id='word_1_54' title='bbox 547 717 691 757; x_wconf 86' lang='lat' dir='ltr'>porum</span> <span class='ocrx_word' id='word_1_55' title='bbox 710 704 770 748; x_wconf 87' lang='lat' dir='ltr'>fit,</span> <span class='ocrx_word' id='word_1_56' title='bbox 801 711 944 754; x_wconf 84' lang='lat' dir='ltr'>quanta</span> <span class='ocrx_word' id='word_1_57' title='bbox 964 702 1123 739; x_wconf 86' lang='lat' dir='ltr'>varietas</span> <span class='ocrx_word' id='word_1_58' title='bbox 1145 713 1290 745; x_wconf 88' lang='lat' dir='ltr'>rerum,</span> <span class='ocrx_word' id='word_1_59' title='bbox 1320 713 1438 751; x_wconf 88' lang='lat' dir='ltr'>quam</span> <span class='ocrx_word' id='word_1_60' title='bbox 1466 699 1606 737; x_wconf 86' lang='lat' dir='ltr'>incerti</span> <span class='ocrx_word' id='word_1_61' title='bbox 1632 698 1776 744; x_wconf 85' lang='lat' dir='ltr'>exitus,</span> <span class='ocrx_word' id='word_1_62' title='bbox 1807 711 1927 750; x_wconf 88' lang='lat' dir='ltr'>quam</span> 
     </span>
     <span class='ocr_line' id='line_1_8' title="bbox 547 763 1928 818; baseline -0.005 -10"><span class='ocrx_word' id='word_1_63' title='bbox 547 769 738 808; x_wconf 81' lang='lat' dir='ltr'>flexibiles</span> <span class='ocrx_word' id='word_1_64' title='bbox 759 768 971 806; x_wconf 89' lang='lat' dir='ltr'>hominum</span> <span class='ocrx_word' id='word_1_65' title='bbox 990 767 1230 805; x_wconf 87' lang='lat' dir='ltr'>voluntates:</span> <span class='ocrx_word' id='word_1_66' title='bbox 1254 766 1349 818; x_wconf 91' lang='lat' dir='ltr'>quid</span> <span class='ocrx_word' id='word_1_67' title='bbox 1370 765 1609 810; x_wconf 88' lang='lat' dir='ltr'>infidiarum,</span> <span class='ocrx_word' id='word_1_68' title='bbox 1631 763 1728 816; x_wconf 91' lang='lat' dir='ltr'>quid</span> <span class='ocrx_word' id='word_1_69' title='bbox 1748 764 1928 803; x_wconf 84' lang='lat' dir='ltr'>vanitatis</span> 
     </span>
     <span class='ocr_line' id='line_1_9' title="bbox 548 830 1927 884; baseline -0.004 -11"><span class='ocrx_word' id='word_1_70' title='bbox 548 836 590 873; x_wconf 90' lang='lat' dir='ltr'>in</span> <span class='ocrx_word' id='word_1_71' title='bbox 610 835 703 879; x_wconf 85' lang='lat' dir='ltr'>vita,</span> <span class='ocrx_word' id='word_1_72' title='bbox 736 847 814 872; x_wconf 89' lang='lat' dir='ltr'>non</span> <span class='ocrx_word' id='word_1_73' title='bbox 835 833 976 871; x_wconf 90' lang='lat' dir='ltr'>dubito</span> <span class='ocrx_word' id='word_1_74' title='bbox 996 833 1093 884; x_wconf 89' lang='lat' dir='ltr'>quin</span> <span class='ocrx_word' id='word_1_75' title='bbox 1115 831 1278 883; x_wconf 86' lang='lat' dir='ltr'>cogites.</span> <span class='ocrx_word' id='word_1_76' title='bbox 1325 831 1411 875; x_wconf 86' lang='lat' dir='ltr'>Sed,</span> <span class='ocrx_word' id='word_1_77' title='bbox 1442 830 1580 868; x_wconf 89' lang='lat' dir='ltr'>amabo</span> <span class='ocrx_word' id='word_1_78' title='bbox 1604 839 1656 875; x_wconf 94' lang='lat' dir='ltr'>te,</span> <span class='ocrx_word' id='word_1_79' title='bbox 1687 843 1780 868; x_wconf 89' lang='lat' dir='ltr'>cura</span> <span class='ocrx_word' id='word_1_80' title='bbox 1798 837 1838 868; x_wconf 93' lang='lat' dir='ltr'>et</span> <span class='ocrx_word' id='word_1_81' title='bbox 1857 843 1927 868; x_wconf 91' lang='lat' dir='ltr'>co-</span> 
     </span>
     <span class='ocr_line' id='line_1_10' title="bbox 548 895 1928 953; baseline -0.004 -15"><span class='ocrx_word' id='word_1_82' title='bbox 548 901 630 953; x_wconf 88' lang='lat' dir='ltr'>gita</span> <span class='ocrx_word' id='word_1_83' title='bbox 649 898 752 938; x_wconf 91' lang='lat' dir='ltr'>nihil</span> <span class='ocrx_word' id='word_1_84' title='bbox 773 899 880 944; x_wconf 90' lang='lat' dir='ltr'>novi,</span> <span class='ocrx_word' id='word_1_85' title='bbox 911 898 974 936; x_wconf 92' lang='lat' dir='ltr'>sed</span> <span class='ocrx_word' id='word_1_86' title='bbox 995 898 1095 936; x_wconf 91' lang='lat' dir='ltr'>illud</span> <span class='ocrx_word' id='word_1_87' title='bbox 1115 897 1235 942; x_wconf 90' lang='lat' dir='ltr'>idem,</span> <span class='ocrx_word' id='word_1_88' title='bbox 1257 896 1363 950; x_wconf 91' lang='lat' dir='ltr'>quod</span> <span class='ocrx_word' id='word_1_89' title='bbox 1385 896 1501 934; x_wconf 89' lang='lat' dir='ltr'>initio</span> <span class='ocrx_word' id='word_1_90' title='bbox 1521 895 1650 947; x_wconf 88' lang='lat' dir='ltr'>scripfi</span> <span class='ocrx_word' id='word_1_91' title='bbox 1670 909 1679 933; x_wconf 78' lang='lat'>2</span> <span class='ocrx_word' id='word_1_92' title='bbox 1712 904 1843 933; x_wconf 90' lang='lat' dir='ltr'>tecum</span> <span class='ocrx_word' id='word_1_93' title='bbox 1864 895 1928 933; x_wconf 92' lang='lat' dir='ltr'>lo-</span> 
     </span>
     <span class='ocr_line' id='line_1_11' title="bbox 548 960 1929 1019; baseline -0.004 -15"><span class='ocrx_word' id='word_1_94' title='bbox 548 979 681 1019; x_wconf 86' lang='lat' dir='ltr'>quere,</span> <span class='ocrx_word' id='word_1_95' title='bbox 704 974 741 1003; x_wconf 90' lang='lat' dir='ltr'>te</span> <span class='ocrx_word' id='word_1_96' title='bbox 761 964 903 1003; x_wconf 87' lang='lat' dir='ltr'>adhibe</span> <span class='ocrx_word' id='word_1_97' title='bbox 923 965 964 1002; x_wconf 92' lang='lat' dir='ltr'>in</span> <span class='ocrx_word' id='word_1_98' title='bbox 985 963 1207 1008; x_wconf 90' lang='lat' dir='ltr'>confilium,</span> <span class='ocrx_word' id='word_1_99' title='bbox 1239 970 1278 1001; x_wconf 87' lang='lat' dir='ltr'>te</span> <span class='ocrx_word' id='word_1_100' title='bbox 1297 961 1401 1008; x_wconf 90' lang='lat' dir='ltr'>audi,</span> <span class='ocrx_word' id='word_1_101' title='bbox 1431 961 1505 1001; x_wconf 90' lang='lat' dir='ltr'>tibi</span> <span class='ocrx_word' id='word_1_102' title='bbox 1525 961 1766 1013; x_wconf 89' lang='lat' dir='ltr'>obtempera.</span> <span class='ocrx_word' id='word_1_103' title='bbox 1798 960 1929 999; x_wconf 82' lang='lat' dir='ltr'>Alteri</span> 
     </span>
     <span class='ocr_line' id='line_1_12' title="bbox 548 1026 1930 1085; baseline -0.004 -16"><span class='ocrx_word' id='word_1_104' title='bbox 548 1032 619 1085; x_wconf 93' lang='lat' dir='ltr'>qui</span> <span class='ocrx_word' id='word_1_105' title='bbox 639 1031 780 1069; x_wconf 83' lang='lat' dir='ltr'>melius</span> <span class='ocrx_word' id='word_1_106' title='bbox 801 1030 888 1068; x_wconf 88' lang='lat' dir='ltr'>dare</span> <span class='ocrx_word' id='word_1_107' title='bbox 909 1029 1116 1068; x_wconf 84' lang='lat' dir='ltr'>confilium</span> <span class='ocrx_word' id='word_1_108' title='bbox 1136 1028 1265 1081; x_wconf 87' lang='lat' dir='ltr'>poffit,</span> <span class='ocrx_word' id='word_1_109' title='bbox 1296 1041 1415 1080; x_wconf 91' lang='lat' dir='ltr'>quam</span> <span class='ocrx_word' id='word_1_110' title='bbox 1436 1036 1494 1071; x_wconf 91' lang='lat' dir='ltr'>tu,</span> <span class='ocrx_word' id='word_1_111' title='bbox 1526 1040 1607 1067; x_wconf 89' lang='lat' dir='ltr'>non</span> <span class='ocrx_word' id='word_1_112' title='bbox 1626 1026 1742 1064; x_wconf 90' lang='lat' dir='ltr'>facile</span> <span class='ocrx_word' id='word_1_113' title='bbox 1761 1026 1930 1064; x_wconf 88' lang='lat' dir='ltr'>inveniri</span> 
     </span>
     <span class='ocr_line' id='line_1_13' title="bbox 549 1091 1926 1151; baseline -0.004 -15"><span class='ocrx_word' id='word_1_114' title='bbox 549 1097 693 1151; x_wconf 91' lang='lat' dir='ltr'>potest:</span> <span class='ocrx_word' id='word_1_115' title='bbox 717 1096 791 1134; x_wconf 91' lang='lat' dir='ltr'>tibi</span> <span class='ocrx_word' id='word_1_116' title='bbox 811 1109 901 1133; x_wconf 90' lang='lat' dir='ltr'>vero</span> <span class='ocrx_word' id='word_1_117' title='bbox 921 1095 991 1147; x_wconf 83' lang='lat' dir='ltr'>ipfi</span> <span class='ocrx_word' id='word_1_118' title='bbox 1007 1103 1110 1132; x_wconf 90' lang='lat' dir='ltr'>certe</span> <span class='ocrx_word' id='word_1_119' title='bbox 1129 1106 1247 1132; x_wconf 88' lang='lat' dir='ltr'>nemo</span> <span class='ocrx_word' id='word_1_120' title='bbox 1267 1093 1408 1131; x_wconf 87' lang='lat' dir='ltr'>melius</span> <span class='ocrx_word' id='word_1_121' title='bbox 1425 1092 1547 1131; x_wconf 84' lang='lat' dir='ltr'>dabit.</span> <span class='ocrx_word' id='word_1_122' title='bbox 1571 1091 1643 1130; x_wconf 93' lang='lat' dir='ltr'>Dii</span> <span class='ocrx_word' id='word_1_123' title='bbox 1663 1091 1926 1130; x_wconf 84' lang='lat' dir='ltr'>immortales!</span> 
     </span>
     <span class='ocr_line' id='line_1_14' title="bbox 549 1157 1928 1215; baseline -0.005 -14"><span class='ocrx_word' id='word_1_124' title='bbox 549 1175 620 1201; x_wconf 91' lang='lat' dir='ltr'>cur</span> <span class='ocrx_word' id='word_1_125' title='bbox 637 1176 711 1215; x_wconf 86' lang='lat' dir='ltr'>ego</span> <span class='ocrx_word' id='word_1_126' title='bbox 732 1174 810 1200; x_wconf 92' lang='lat' dir='ltr'>non</span> <span class='ocrx_word' id='word_1_127' title='bbox 830 1160 963 1199; x_wconf 87' lang='lat' dir='ltr'>adsum</span> <span class='ocrx_word' id='word_1_128' title='bbox 984 1159 1044 1198; x_wconf 92' lang='lat' dir='ltr'>vel</span> <span class='ocrx_word' id='word_1_129' title='bbox 1066 1159 1253 1212; x_wconf 64' lang='lat' dir='ltr'>spectator</span> <span class='ocrx_word' id='word_1_130' title='bbox 1272 1158 1434 1197; x_wconf 88' lang='lat' dir='ltr'>laudum</span> <span class='ocrx_word' id='word_1_131' title='bbox 1450 1167 1620 1202; x_wconf 87' lang='lat' dir='ltr'>tuarum,</span> <span class='ocrx_word' id='word_1_132' title='bbox 1636 1157 1698 1195; x_wconf 93' lang='lat' dir='ltr'>vel</span> <span class='ocrx_word' id='word_1_133' title='bbox 1718 1157 1928 1209; x_wconf 86' lang='lat' dir='ltr'>particeps,</span> 
     </span>
     <span class='ocr_line' id='line_1_15' title="bbox 548 1222 1931 1273; baseline -0.005 -6"><span class='ocrx_word' id='word_1_134' title='bbox 548 1229 610 1267; x_wconf 91' lang='lat' dir='ltr'>vel</span> <span class='ocrx_word' id='word_1_135' title='bbox 632 1228 772 1273; x_wconf 89' lang='lat' dir='ltr'>socius,</span> <span class='ocrx_word' id='word_1_136' title='bbox 790 1227 850 1265; x_wconf 92' lang='lat' dir='ltr'>vel</span> <span class='ocrx_word' id='word_1_137' title='bbox 871 1226 1060 1270; x_wconf 88' lang='lat' dir='ltr'>minister,</span> <span class='ocrx_word' id='word_1_138' title='bbox 1078 1225 1356 1263; x_wconf 80' lang='lat' dir='ltr'>consiliorum?</span> <span class='ocrx_word' id='word_1_139' title='bbox 1380 1224 1551 1263; x_wconf 91' lang='lat' dir='ltr'>Tametfi</span> <span class='ocrx_word' id='word_1_140' title='bbox 1571 1222 1648 1261; x_wconf 92' lang='lat' dir='ltr'>hoc</span> <span class='ocrx_word' id='word_1_141' title='bbox 1669 1222 1834 1261; x_wconf 88' lang='lat' dir='ltr'>minime</span> <span class='ocrx_word' id='word_1_142' title='bbox 1855 1222 1931 1260; x_wconf 89' lang='lat' dir='ltr'>tibi</span> 
     </span>
     <span class='ocr_line' id='line_1_16' title="bbox 550 1287 1928 1341; baseline -0.005 -10"><span class='ocrx_word' id='word_1_143' title='bbox 550 1293 678 1339; x_wconf 80' lang='lat' dir='ltr'>deest3</span> <span class='ocrx_word' id='word_1_144' title='bbox 711 1292 773 1331; x_wconf 93' lang='lat' dir='ltr'>sed</span> <span class='ocrx_word' id='word_1_145' title='bbox 794 1301 923 1330; x_wconf 87' lang='lat' dir='ltr'>tamen</span> <span class='ocrx_word' id='word_1_146' title='bbox 944 1291 1114 1329; x_wconf 86' lang='lat' dir='ltr'>efficeret</span> <span class='ocrx_word' id='word_1_147' title='bbox 1134 1289 1366 1341; x_wconf 86' lang='lat' dir='ltr'>magnitudo</span> <span class='ocrx_word' id='word_1_148' title='bbox 1385 1298 1423 1326; x_wconf 93' lang='lat' dir='ltr'>et</span> <span class='ocrx_word' id='word_1_149' title='bbox 1444 1289 1500 1326; x_wconf 89' lang='lat' dir='ltr'>vis</span> <span class='ocrx_word' id='word_1_150' title='bbox 1522 1288 1664 1326; x_wconf 86' lang='lat' dir='ltr'>amoris</span> <span class='ocrx_word' id='word_1_151' title='bbox 1684 1287 1778 1332; x_wconf 90' lang='lat' dir='ltr'>mei,</span> <span class='ocrx_word' id='word_1_152' title='bbox 1800 1287 1928 1325; x_wconf 90' lang='lat' dir='ltr'>confi-</span> 
     </span>
     <span class='ocr_line' id='line_1_17' title="bbox 550 1353 1930 1411; baseline -0.005 -14"><span class='ocrx_word' id='word_1_153' title='bbox 550 1360 605 1397; x_wconf 91' lang='lat' dir='ltr'>lio</span> <span class='ocrx_word' id='word_1_154' title='bbox 627 1367 663 1397; x_wconf 93' lang='lat' dir='ltr'>te</span> <span class='ocrx_word' id='word_1_155' title='bbox 684 1368 726 1396; x_wconf 91' lang='lat' dir='ltr'>ut</span> <span class='ocrx_word' id='word_1_156' title='bbox 748 1358 892 1411; x_wconf 85' lang='lat' dir='ltr'>poffem</span> <span class='ocrx_word' id='word_1_157' title='bbox 908 1358 1057 1409; x_wconf 88' lang='lat' dir='ltr'>juvare.</span> <span class='ocrx_word' id='word_1_158' title='bbox 1081 1356 1258 1394; x_wconf 86' lang='lat' dir='ltr'>Scribam</span> <span class='ocrx_word' id='word_1_159' title='bbox 1277 1355 1323 1393; x_wconf 88' lang='lat' dir='ltr'>ad</span> <span class='ocrx_word' id='word_1_160' title='bbox 1345 1364 1382 1393; x_wconf 91' lang='lat' dir='ltr'>te</span> <span class='ocrx_word' id='word_1_161' title='bbox 1402 1354 1514 1407; x_wconf 88' lang='lat' dir='ltr'>plura</span> <span class='ocrx_word' id='word_1_162' title='bbox 1532 1354 1638 1392; x_wconf 87' lang='lat' dir='ltr'>alias.</span> <span class='ocrx_word' id='word_1_163' title='bbox 1662 1353 1800 1391; x_wconf 88' lang='lat' dir='ltr'>Paucis</span> <span class='ocrx_word' id='word_1_164' title='bbox 1821 1353 1930 1391; x_wconf 82' lang='lat' dir='ltr'>enim</span> 
     </span>
     <span class='ocr_line' id='line_1_18' title="bbox 550 1418 1930 1471; baseline -0.003 -9"><span class='ocrx_word' id='word_1_165' title='bbox 550 1424 688 1462; x_wconf 88' lang='lat' dir='ltr'>diebus</span> <span class='ocrx_word' id='word_1_166' title='bbox 709 1437 813 1462; x_wconf 84' lang='lat' dir='ltr'>eram</span> <span class='ocrx_word' id='word_1_167' title='bbox 833 1423 1013 1461; x_wconf 87' lang='lat' dir='ltr'>missurus</span> <span class='ocrx_word' id='word_1_168' title='bbox 1035 1421 1265 1459; x_wconf 88' lang='lat' dir='ltr'>domesticos</span> <span class='ocrx_word' id='word_1_169' title='bbox 1287 1420 1532 1465; x_wconf 64' lang='lat' dir='ltr'>tabellarios,</span> <span class='ocrx_word' id='word_1_170' title='bbox 1555 1428 1614 1464; x_wconf 90' lang='lat' dir='ltr'>ut,</span> <span class='ocrx_word' id='word_1_171' title='bbox 1636 1419 1823 1471; x_wconf 89' lang='lat' dir='ltr'>quoniam</span> <span class='ocrx_word' id='word_1_172' title='bbox 1844 1418 1930 1458; x_wconf 84' lang='lat' dir='ltr'>sane</span> 
     </span>
     <span class='ocr_line' id='line_1_19' title="bbox 551 1484 1928 1539; baseline -0.005 -11"><span class='ocrx_word' id='word_1_173' title='bbox 551 1489 720 1528; x_wconf 83' lang='lat' dir='ltr'>feliciter</span> <span class='ocrx_word' id='word_1_174' title='bbox 747 1498 786 1527; x_wconf 91' lang='lat' dir='ltr'>et</span> <span class='ocrx_word' id='word_1_175' title='bbox 815 1503 862 1527; x_wconf 85' lang='lat' dir='ltr'>ex</span> <span class='ocrx_word' id='word_1_176' title='bbox 892 1502 977 1526; x_wconf 89' lang='lat' dir='ltr'>mea</span> <span class='ocrx_word' id='word_1_177' title='bbox 1006 1487 1194 1526; x_wconf 89' lang='lat' dir='ltr'>sententia</span> <span class='ocrx_word' id='word_1_178' title='bbox 1223 1486 1510 1539; x_wconf 85' lang='lat' dir='ltr'>rempublicam</span> <span class='ocrx_word' id='word_1_179' title='bbox 1538 1484 1735 1537; x_wconf 74' lang='lat' dir='ltr'>geffimuS‚</span> <span class='ocrx_word' id='word_1_180' title='bbox 1767 1484 1855 1522; x_wconf 88' lang='lat' dir='ltr'>unis</span> <span class='ocrx_word' id='word_1_181' title='bbox 1876 1484 1928 1522; x_wconf 55' lang='lat' dir='ltr'>li&lt;</span> 
     </span>
     <span class='ocr_line' id='line_1_20' title="bbox 552 1550 1930 1605; baseline -0.004 -12"><span class='ocrx_word' id='word_1_182' title='bbox 552 1556 642 1594; x_wconf 89' lang='lat' dir='ltr'>teris</span> <span class='ocrx_word' id='word_1_183' title='bbox 678 1555 799 1593; x_wconf 88' lang='lat' dir='ltr'>totius</span> <span class='ocrx_word' id='word_1_184' title='bbox 831 1554 967 1593; x_wconf 85' lang='lat' dir='ltr'>aestatis</span> <span class='ocrx_word' id='word_1_185' title='bbox 1002 1567 1059 1591; x_wconf 87' lang='lat' dir='ltr'>res</span> <span class='ocrx_word' id='word_1_186' title='bbox 1089 1552 1208 1605; x_wconf 86' lang='lat' dir='ltr'>gestas</span> <span class='ocrx_word' id='word_1_187' title='bbox 1241 1552 1287 1590; x_wconf 88' lang='lat' dir='ltr'>ad</span> <span class='ocrx_word' id='word_1_188' title='bbox 1318 1552 1494 1590; x_wconf 86' lang='lat' dir='ltr'>senatum</span> <span class='ocrx_word' id='word_1_189' title='bbox 1524 1550 1816 1603; x_wconf 88' lang='lat' dir='ltr'>perscriberem.</span> <span class='ocrx_word' id='word_1_190' title='bbox 1867 1550 1930 1588; x_wconf 94' lang='lat' dir='ltr'>De</span> 
     </span>
     <span class='ocr_line' id='line_1_21' title="bbox 552 1614 1931 1671; baseline -0.005 -13"><span class='ocrx_word' id='word_1_191' title='bbox 552 1619 762 1658; x_wconf 89' lang='lat' dir='ltr'>sacerdotio</span> <span class='ocrx_word' id='word_1_192' title='bbox 783 1628 852 1657; x_wconf 90' lang='lat' dir='ltr'>tuo</span> <span class='ocrx_word' id='word_1_193' title='bbox 873 1628 1058 1671; x_wconf 89' lang='lat' dir='ltr'>quantam</span> <span class='ocrx_word' id='word_1_194' title='bbox 1079 1631 1213 1656; x_wconf 84' lang='lat' dir='ltr'>curam</span> <span class='ocrx_word' id='word_1_195' title='bbox 1232 1616 1495 1661; x_wconf 87' lang='lat' dir='ltr'>adhibuerim,</span> <span class='ocrx_word' id='word_1_196' title='bbox 1526 1628 1751 1668; x_wconf 88' lang='lat' dir='ltr'>quanquam</span> <span class='ocrx_word' id='word_1_197' title='bbox 1775 1614 1931 1652; x_wconf 89' lang='lat' dir='ltr'>difficili</span> 
     </span>
     <span class='ocr_line' id='line_1_22' title="bbox 550 1679 1930 1737; baseline -0.005 -14"><span class='ocrx_word' id='word_1_198' title='bbox 550 1686 591 1724; x_wconf 85' lang='lat' dir='ltr'>in</span> <span class='ocrx_word' id='word_1_199' title='bbox 613 1699 651 1723; x_wconf 91' lang='lat' dir='ltr'>re</span> <span class='ocrx_word' id='word_1_200' title='bbox 671 1694 787 1737; x_wconf 83' lang='lat' dir='ltr'>atque</span> <span class='ocrx_word' id='word_1_201' title='bbox 807 1684 930 1729; x_wconf 91' lang='lat' dir='ltr'>causa,</span> <span class='ocrx_word' id='word_1_202' title='bbox 961 1683 1169 1736; x_wconf 81' lang='lat' dir='ltr'>cognosces</span> <span class='ocrx_word' id='word_1_203' title='bbox 1194 1696 1240 1720; x_wconf 86' lang='lat' dir='ltr'>ex</span> <span class='ocrx_word' id='word_1_204' title='bbox 1262 1683 1309 1720; x_wconf 87' lang='lat' dir='ltr'>iis</span> <span class='ocrx_word' id='word_1_205' title='bbox 1330 1682 1467 1726; x_wconf 88' lang='lat' dir='ltr'>literis,</span> <span class='ocrx_word' id='word_1_206' title='bbox 1499 1694 1593 1733; x_wconf 84' lang='lat' dir='ltr'>quas</span> <span class='ocrx_word' id='word_1_207' title='bbox 1615 1679 1847 1724; x_wconf 86' lang='lat' dir='ltr'>Tharasoni,</span> <span class='ocrx_word' id='word_1_208' title='bbox 1877 1679 1930 1717; x_wconf 87' lang='lat' dir='ltr'>li-</span> 
     </span>
     <span class='ocr_line' id='line_1_23' title="bbox 552 1744 1929 1799; baseline -0.005 -11"><span class='ocrx_word' id='word_1_209' title='bbox 552 1751 662 1788; x_wconf 85' lang='lat' dir='ltr'>berto</span> <span class='ocrx_word' id='word_1_210' title='bbox 684 1759 765 1794; x_wconf 86' lang='lat' dir='ltr'>tuo,</span> <span class='ocrx_word' id='word_1_211' title='bbox 797 1749 901 1787; x_wconf 91' lang='lat' dir='ltr'>dedi.</span> <span class='ocrx_word' id='word_1_212' title='bbox 938 1750 1014 1794; x_wconf 91' lang='lat' dir='ltr'>Te,</span> <span class='ocrx_word' id='word_1_213' title='bbox 1045 1749 1101 1786; x_wconf 93' lang='lat' dir='ltr'>mi</span> <span class='ocrx_word' id='word_1_214' title='bbox 1124 1748 1261 1793; x_wconf 89' lang='lat' dir='ltr'>Curio,</span> <span class='ocrx_word' id='word_1_215' title='bbox 1292 1760 1363 1799; x_wconf 90' lang='lat' dir='ltr'>pro</span> <span class='ocrx_word' id='word_1_216' title='bbox 1384 1756 1450 1784; x_wconf 88' lang='lat' dir='ltr'>tua</span> <span class='ocrx_word' id='word_1_217' title='bbox 1468 1745 1693 1785; x_wconf 90' lang='lat' dir='ltr'>incredibili</span> <span class='ocrx_word' id='word_1_218' title='bbox 1713 1745 1754 1782; x_wconf 91' lang='lat' dir='ltr'>in</span> <span class='ocrx_word' id='word_1_219' title='bbox 1775 1757 1838 1782; x_wconf 90' lang='lat' dir='ltr'>me</span> <span class='ocrx_word' id='word_1_220' title='bbox 1859 1744 1929 1782; x_wconf 84' lang='lat' dir='ltr'>be-</span> 
     </span>
     <span class='ocr_line' id='line_1_24' title="bbox 552 1812 1931 1865; baseline -0.005 -11"><span class='ocrx_word' id='word_1_221' title='bbox 552 1816 786 1859; x_wconf 89' lang='lat' dir='ltr'>nevolentia,</span> <span class='ocrx_word' id='word_1_222' title='bbox 818 1827 979 1865; x_wconf 89' lang='lat' dir='ltr'>meaque</span> <span class='ocrx_word' id='word_1_223' title='bbox 1009 1815 1105 1851; x_wconf 92' lang='lat' dir='ltr'>item</span> <span class='ocrx_word' id='word_1_224' title='bbox 1133 1814 1174 1850; x_wconf 89' lang='lat' dir='ltr'>in</span> <span class='ocrx_word' id='word_1_225' title='bbox 1204 1822 1242 1851; x_wconf 92' lang='lat' dir='ltr'>te</span> <span class='ocrx_word' id='word_1_226' title='bbox 1270 1812 1469 1864; x_wconf 87' lang='lat' dir='ltr'>fingulari,</span> <span class='ocrx_word' id='word_1_227' title='bbox 1489 1825 1596 1863; x_wconf 74' lang='lat' dir='ltr'>rogo</span> <span class='ocrx_word' id='word_1_228' title='bbox 1624 1818 1740 1861; x_wconf 89' lang='lat' dir='ltr'>atque</span> <span class='ocrx_word' id='word_1_229' title='bbox 1766 1823 1850 1854; x_wconf 88' lang='lat' dir='ltr'>oro,</span> <span class='ocrx_word' id='word_1_230' title='bbox 1881 1822 1931 1848; x_wconf 90' lang='lat' dir='ltr'>ne</span> 
     </span>
     <span class='ocr_line' id='line_1_25' title="bbox 551 1874 1929 1935; baseline -0.005 -17"><span class='ocrx_word' id='word_1_231' title='bbox 551 1881 694 1935; x_wconf 87' lang='lat' dir='ltr'>patiare</span> <span class='ocrx_word' id='word_1_232' title='bbox 715 1879 932 1932; x_wconf 89' lang='lat' dir='ltr'>quidquam</span> <span class='ocrx_word' id='word_1_233' title='bbox 953 1878 1055 1916; x_wconf 90' lang='lat' dir='ltr'>mihi</span> <span class='ocrx_word' id='word_1_234' title='bbox 1083 1878 1130 1915; x_wconf 91' lang='lat' dir='ltr'>ad</span> <span class='ocrx_word' id='word_1_235' title='bbox 1159 1877 1259 1915; x_wconf 90' lang='lat' dir='ltr'>hanc</span> <span class='ocrx_word' id='word_1_236' title='bbox 1286 1876 1567 1930; x_wconf 89' lang='lat' dir='ltr'>provincialem</span> <span class='ocrx_word' id='word_1_237' title='bbox 1588 1874 1805 1914; x_wconf 87' lang='lat' dir='ltr'>molestiam</span> <span class='ocrx_word' id='word_1_238' title='bbox 1825 1883 1929 1912; x_wconf 91' lang='lat' dir='ltr'>tem-</span> 
     </span>
     <span class='ocr_line' id='line_1_26' title="bbox 552 1940 1930 2000; baseline -0.005 -15"><span class='ocrx_word' id='word_1_239' title='bbox 552 1947 657 2000; x_wconf 88' lang='lat' dir='ltr'>poris</span> <span class='ocrx_word' id='word_1_240' title='bbox 688 1946 900 1998; x_wconf 83' lang='lat' dir='ltr'>prorogari.</span> <span class='ocrx_word' id='word_1_241' title='bbox 948 1944 1114 1983; x_wconf 88' lang='lat' dir='ltr'>Praesens</span> <span class='ocrx_word' id='word_1_242' title='bbox 1142 1953 1273 1982; x_wconf 88' lang='lat' dir='ltr'>tecum</span> <span class='ocrx_word' id='word_1_243' title='bbox 1293 1943 1371 1995; x_wconf 89' lang='lat' dir='ltr'>egi,</span> <span class='ocrx_word' id='word_1_244' title='bbox 1403 1956 1495 1980; x_wconf 90' lang='lat' dir='ltr'>cum</span> <span class='ocrx_word' id='word_1_245' title='bbox 1516 1951 1554 1980; x_wconf 93' lang='lat' dir='ltr'>te</span> <span class='ocrx_word' id='word_1_246' title='bbox 1575 1941 1782 1980; x_wconf 89' lang='lat' dir='ltr'>tribunum</span> <span class='ocrx_word' id='word_1_247' title='bbox 1803 1940 1930 1992; x_wconf 90' lang='lat' dir='ltr'>plebis</span> 
     </span>
     <span class='ocr_line' id='line_1_27' title="bbox 551 2006 1927 2063; baseline -0.004 -13"><span class='ocrx_word' id='word_1_248' title='bbox 551 2012 623 2051; x_wconf 89' lang='lat' dir='ltr'>isto</span> <span class='ocrx_word' id='word_1_249' title='bbox 642 2025 744 2049; x_wconf 83' lang='lat' dir='ltr'>anno</span> <span class='ocrx_word' id='word_1_250' title='bbox 764 2010 846 2049; x_wconf 86' lang='lat' dir='ltr'>fore</span> <span class='ocrx_word' id='word_1_251' title='bbox 868 2024 944 2048; x_wconf 91' lang='lat' dir='ltr'>non</span> <span class='ocrx_word' id='word_1_252' title='bbox 967 2019 1167 2063; x_wconf 84' lang='lat' dir='ltr'>putarem:</span> <span class='ocrx_word' id='word_1_253' title='bbox 1195 2010 1369 2061; x_wconf 90' lang='lat' dir='ltr'>itemque</span> <span class='ocrx_word' id='word_1_254' title='bbox 1389 2009 1509 2061; x_wconf 89' lang='lat' dir='ltr'>petivi</span> <span class='ocrx_word' id='word_1_255' title='bbox 1531 2007 1664 2060; x_wconf 85' lang='lat' dir='ltr'>saepius</span> <span class='ocrx_word' id='word_1_256' title='bbox 1686 2020 1754 2059; x_wconf 89' lang='lat' dir='ltr'>per</span> <span class='ocrx_word' id='word_1_257' title='bbox 1774 2006 1927 2045; x_wconf 85' lang='lat' dir='ltr'>literas:</span> 
     </span>
     <span class='ocr_line' id='line_1_28' title="bbox 554 2070 1930 2128; baseline -0.006 -13"><span class='ocrx_word' id='word_1_258' title='bbox 554 2077 616 2115; x_wconf 90' lang='lat' dir='ltr'>sed</span> <span class='ocrx_word' id='word_1_259' title='bbox 638 2087 723 2114; x_wconf 91' lang='lat' dir='ltr'>tum</span> <span class='ocrx_word' id='word_1_260' title='bbox 744 2076 847 2128; x_wconf 78' lang='lat' dir='ltr'>quasi</span> <span class='ocrx_word' id='word_1_261' title='bbox 868 2089 889 2113; x_wconf 85' lang='lat' dir='ltr'>a</span> <span class='ocrx_word' id='word_1_262' title='bbox 909 2075 1078 2113; x_wconf 88' lang='lat' dir='ltr'>senatore</span> <span class='ocrx_word' id='word_1_263' title='bbox 1100 2074 1353 2118; x_wconf 88' lang='lat' dir='ltr'>nobiliffimo‚</span> <span class='ocrx_word' id='word_1_264' title='bbox 1384 2082 1422 2110; x_wconf 87' lang='lat' dir='ltr'>et</span> <span class='ocrx_word' id='word_1_265' title='bbox 1442 2072 1680 2110; x_wconf 86' lang='lat' dir='ltr'>adolescente</span> <span class='ocrx_word' id='word_1_266' title='bbox 1709 2070 1930 2123; x_wconf 85' lang='lat' dir='ltr'>gratiofiffi·</span> 
     </span>
     <span class='ocr_line' id='line_1_29' title="bbox 552 2135 1930 2193; baseline -0.005 -13"><span class='ocrx_word' id='word_1_267' title='bbox 552 2156 646 2187; x_wconf 80' lang='lat' dir='ltr'>mo3</span> <span class='ocrx_word' id='word_1_268' title='bbox 678 2155 784 2179; x_wconf 90' lang='lat' dir='ltr'>nunc</span> <span class='ocrx_word' id='word_1_269' title='bbox 804 2155 825 2179; x_wconf 90' lang='lat' dir='ltr'>a</span> <span class='ocrx_word' id='word_1_270' title='bbox 845 2141 1005 2179; x_wconf 90' lang='lat' dir='ltr'>tribuno</span> <span class='ocrx_word' id='word_1_271' title='bbox 1025 2140 1166 2193; x_wconf 88' lang='lat' dir='ltr'>plebis,</span> <span class='ocrx_word' id='word_1_272' title='bbox 1188 2148 1226 2178; x_wconf 91' lang='lat' dir='ltr'>et</span> <span class='ocrx_word' id='word_1_273' title='bbox 1246 2153 1266 2177; x_wconf 89' lang='lat' dir='ltr'>a</span> <span class='ocrx_word' id='word_1_274' title='bbox 1287 2138 1460 2177; x_wconf 88' lang='lat' dir='ltr'>Curione</span> <span class='ocrx_word' id='word_1_275' title='bbox 1481 2138 1665 2177; x_wconf 85' lang='lat' dir='ltr'>tribuno:</span> <span class='ocrx_word' id='word_1_276' title='bbox 1698 2150 1777 2174; x_wconf 91' lang='lat' dir='ltr'>non</span> <span class='ocrx_word' id='word_1_277' title='bbox 1798 2145 1841 2173; x_wconf 91' lang='lat' dir='ltr'>ut</span> <span class='ocrx_word' id='word_1_278' title='bbox 1862 2135 1930 2173; x_wconf 92' lang='lat' dir='ltr'>de-</span> 
     </span>
     <span class='ocr_line' id='line_1_30' title="bbox 552 2201 1931 2260; baseline -0.005 -14"><span class='ocrx_word' id='word_1_279' title='bbox 552 2216 731 2247; x_wconf 87' lang='lat' dir='ltr'>cernatur</span> <span class='ocrx_word' id='word_1_280' title='bbox 750 2207 900 2260; x_wconf 90' lang='lat' dir='ltr'>aliquid</span> <span class='ocrx_word' id='word_1_281' title='bbox 921 2208 1026 2251; x_wconf 90' lang='lat' dir='ltr'>novi,</span> <span class='ocrx_word' id='word_1_282' title='bbox 1045 2206 1152 2259; x_wconf 92' lang='lat' dir='ltr'>quod</span> <span class='ocrx_word' id='word_1_283' title='bbox 1171 2205 1266 2243; x_wconf 93' lang='lat' dir='ltr'>solet</span> <span class='ocrx_word' id='word_1_284' title='bbox 1286 2204 1358 2243; x_wconf 86' lang='lat' dir='ltr'>effe</span> <span class='ocrx_word' id='word_1_285' title='bbox 1379 2204 1604 2249; x_wconf 69' lang='lat' dir='ltr'>difficilius3</span> <span class='ocrx_word' id='word_1_286' title='bbox 1627 2202 1690 2241; x_wconf 88' lang='lat' dir='ltr'>sed</span> <span class='ocrx_word' id='word_1_287' title='bbox 1710 2211 1753 2241; x_wconf 92' lang='lat' dir='ltr'>ut</span> <span class='ocrx_word' id='word_1_288' title='bbox 1770 2215 1818 2239; x_wconf 90' lang='lat' dir='ltr'>ne</span> <span class='ocrx_word' id='word_1_289' title='bbox 1834 2201 1931 2254; x_wconf 90' lang='lat' dir='ltr'>quid</span> 
     </span>
     <span class='ocr_line' id='line_1_31' title="bbox 554 2266 1929 2321; baseline -0.006 -10"><span class='ocrx_word' id='word_1_290' title='bbox 554 2273 644 2311; x_wconf 90' lang='lat' dir='ltr'>novi</span> <span class='ocrx_word' id='word_1_291' title='bbox 665 2272 915 2317; x_wconf 84' lang='lat' dir='ltr'>decernatur;</span> <span class='ocrx_word' id='word_1_292' title='bbox 939 2281 977 2310; x_wconf 88' lang='lat' dir='ltr'>et</span> <span class='ocrx_word' id='word_1_293' title='bbox 998 2281 1041 2309; x_wconf 91' lang='lat' dir='ltr'>ut</span> <span class='ocrx_word' id='word_1_294' title='bbox 1061 2269 1431 2309; x_wconf 89' lang='lat' dir='ltr'>senati-consultum</span> <span class='ocrx_word' id='word_1_295' title='bbox 1452 2278 1490 2307; x_wconf 90' lang='lat' dir='ltr'>et</span> <span class='ocrx_word' id='word_1_296' title='bbox 1510 2269 1612 2321; x_wconf 86' lang='lat' dir='ltr'>leges</span> <span class='ocrx_word' id='word_1_297' title='bbox 1634 2266 1844 2311; x_wconf 79' lang='lat' dir='ltr'>defenda83</span> <span class='ocrx_word' id='word_1_298' title='bbox 1866 2279 1929 2304; x_wconf 89' lang='lat' dir='ltr'>ea-</span> 
     </span>
     <span class='ocr_line' id='line_1_32' title="bbox 553 2330 1930 2392; baseline -0.004 -16"><span class='ocrx_word' id='word_1_299' title='bbox 553 2352 629 2392; x_wconf 90' lang='lat' dir='ltr'>que</span> <span class='ocrx_word' id='word_1_300' title='bbox 650 2337 750 2376; x_wconf 85' lang='lat' dir='ltr'>mihi</span> <span class='ocrx_word' id='word_1_301' title='bbox 771 2338 947 2376; x_wconf 90' lang='lat' dir='ltr'>conditio</span> <span class='ocrx_word' id='word_1_302' title='bbox 967 2346 1134 2382; x_wconf 86' lang='lat' dir='ltr'>maneat,</span> <span class='ocrx_word' id='word_1_303' title='bbox 1165 2350 1242 2389; x_wconf 89' lang='lat' dir='ltr'>qua</span> <span class='ocrx_word' id='word_1_304' title='bbox 1261 2334 1457 2389; x_wconf 62' lang='lat' dir='ltr'>profecffms</span> <span class='ocrx_word' id='word_1_305' title='bbox 1478 2335 1579 2374; x_wconf 84' lang='lat' dir='ltr'>sum.</span> <span class='ocrx_word' id='word_1_306' title='bbox 1625 2335 1717 2373; x_wconf 93' lang='lat' dir='ltr'>Hoc</span> <span class='ocrx_word' id='word_1_307' title='bbox 1747 2341 1785 2372; x_wconf 86' lang='lat' dir='ltr'>te</span> <span class='ocrx_word' id='word_1_308' title='bbox 1810 2330 1930 2371; x_wconf 74' lang='lat' dir='ltr'>vehe-</span> 
     </span>
     <span class='ocr_line' id='line_1_33' title="bbox 554 2402 1387 2456; baseline -0.002 -14"><span class='ocrx_word' id='word_1_309' title='bbox 554 2413 703 2443; x_wconf 88' lang='lat' dir='ltr'>menter</span> <span class='ocrx_word' id='word_1_310' title='bbox 724 2405 841 2443; x_wconf 90' lang='lat' dir='ltr'>etiam</span> <span class='ocrx_word' id='word_1_311' title='bbox 862 2412 977 2456; x_wconf 87' lang='lat' dir='ltr'>atque</span> <span class='ocrx_word' id='word_1_312' title='bbox 997 2403 1115 2442; x_wconf 87' lang='lat' dir='ltr'>etiam</span> <span class='ocrx_word' id='word_1_313' title='bbox 1135 2416 1245 2456; x_wconf 83' lang='lat' dir='ltr'>rogo.</span> <span class='ocrx_word' id='word_1_314' title='bbox 1276 2402 1387 2440; x_wconf 86' lang='lat' dir='ltr'>Vale.</span> 
     </span>
    </p>
   </div>
  </div>
 </body>
</html>
