2351 2997
629 242 723 280 AD
779 240 1242 280 FAMILIARES
1302 243 1577 282 LIB.X11.
1713 261 1789 299 309

412 342 544 386 essent,
576 341 736 379 consilio
756 350 872 393 atque
892 342 1117 379 auctoritate
1139 351 1219 387 tua,
1242 343 1296 380 fin
1318 343 1415 395 quid
1436 342 1538 382 forte
1560 344 1790 392 titubatum,

413 417 457 445 ut
478 408 521 445 fit
546 407 585 443 in
615 406 734 451 bello,
764 407 937 444 exercitu
972 416 1054 451 tuo,
1086 408 1314 447 niteremur.
1361 410 1494 460 Qem
1526 410 1688 462 quidem
1719 426 1791 464 ego

411 472 643 516 exercitum,
674 472 973 524 quibuscunque
1008 482 1171 524 potuero
1205 475 1336 519 rebus,
1371 475 1545 521 ornabo,
1590 478 1701 528 cujus
1736 479 1790 516 rei

413 546 503 575 tum
532 546 686 588 tempus
718 538 806 582 erit,
838 551 945 582 cum,
977 538 1073 589 quid
1102 539 1186 590 opis
1209 540 1433 591 reipublicae
1455 540 1602 580 laturus
1624 542 1654 579 is
1677 556 1788 580 exer-

412 603 513 640 citus
535 603 595 647 fit,
626 610 691 641 aut
712 602 808 654 quid
823 603 907 653 jam
928 603 1077 648 tulerit,
1109 613 1250 642 notum
1269 605 1340 642 effe
1361 607 1538 657 coeperit.
1586 608 1691 645 Nam
1718 608 1787 645 ad-

410 667 489 706 huc
510 677 664 705 tantum
685 677 847 705 conatus
868 668 1094 712 audiuntur,
1126 669 1270 720 optimi
1298 670 1359 707 illi
1389 671 1548 721 quidem
1569 681 1607 709 et
1626 674 1786 724 praecla-

412 733 561 776 riffimi,
593 732 655 769 sed
684 731 786 783 gesta
816 745 874 769 res
902 734 1153 783 expediatur,
1186 747 1304 785 quam
1333 735 1494 786 quidem
1525 745 1590 773 aut
1613 738 1697 788 jam
1717 738 1788 776 effe

408 798 594 848 aliquam,
627 805 692 834 aut
723 797 1049 849 appropinquare,
1081 798 1252 837 confido.
1298 800 1388 837 Tua
1411 800 1555 838 virtute
1574 810 1612 838 et
1633 804 1787 854 magni·

411 862 547 900 tudine
567 862 688 899 animi
710 861 810 899 nihil
832 863 884 899 est
905 862 1093 901 nobilius.
1128 864 1263 916 Itaque
1283 874 1479 916 optamus,
1503 874 1545 903 ut
1565 880 1683 918 quam
1704 868 1787 919 pri-

410 941 522 966 mum
543 936 580 965 te
600 927 640 964 in
663 927 776 964 Italia
795 927 993 965 videamus
1014 943 1022 965 ε
1056 930 1341 981 rempublicam
1371 944 1440 967 nos
1461 929 1602 968 habere
1622 932 1785 970 arbitra-

409 993 555 1036 bimur,
587 991 614 1028 fi
634 1004 701 1028 vos
723 990 971 1030 habebimus.
1005 993 1190 1031 Praeclare
1211 995 1440 1039 viceramus,
1470 996 1539 1033 nisi
1561 996 1785 1047 spoliatum,

409 1059 618 1101 inermem,
650 1055 886 1107 fugientem,
926 1057 1098 1109 Lepidus
1134 1060 1331 1111 recepiffet
1365 1061 1604 1099 Antonium.
1650 1063 1787 1115 ltaque

408 1136 611 1175 nunquam
632 1130 740 1159 tanto
760 1122 851 1160 odio
871 1123 1031 1160 clvitati.
1050 1125 1248 1162 Antonius
1279 1124 1371 1170 fuit,
1404 1136 1552 1178 quanto
1581 1127 1633 1164 est
1663 1129 1785 1180 Lepi-

407 1189 478 1227 dus
498 1203 506 1226 :
538 1188 606 1225 ille
626 1188 732 1225 enim
753 1201 800 1225 ex
821 1188 1048 1226 turbulenta
1067 1190 1282 1242 republica,
1313 1190 1379 1228 hic
1409 1205 1455 1229 ex
1483 1206 1576 1244 pace
1603 1201 1640 1230 et
1661 1194 1785 1232 victo-

409 1256 478 1299 ria,
511 1254 661 1291 bellum
682 1254 881 1292 excitavit.
926 1255 1039 1292 Huic
1063 1257 1259 1307 oppositos
1280 1257 1456 1294 consules
1478 1258 1692 1310 defignatos
1713 1258 1785 1297 ha-

406 1320 569 1364 bemus;
600 1320 641 1356 in
663 1318 807 1370 quibus
828 1319 882 1356 est
901 1333 1041 1371 magna
1061 1320 1129 1358 illa
1148 1321 1309 1372 quidem
1331 1322 1428 1374 spes,
1451 1323 1514 1360 sed
1534 1337 1673 1376 anceps
1695 1338 1787 1362 cura

402 1394 561 1438 propter
580 1385 750 1421 incertos
771 1385 898 1422 exitus
920 1386 1167 1437 proeliorum.
1214 1388 1402 1425 Persuade
1423 1389 1497 1426 tibi
1518 1389 1654 1441 igitur,
1686 1391 1727 1428 in
1750 1401 1786 1429 te

405 1460 444 1488 et
476 1451 516 1488 in
543 1451 666 1487 Bruto
692 1458 761 1487 tuo
780 1450 855 1488 effe
880 1451 1040 1496 omnia3
1072 1465 1140 1490 vos
1171 1454 1392 1505 expediari3
1424 1455 1593 1493 Brutum
1622 1456 1786 1507 quidem

398 1517 481 1569 jam
498 1517 674 1567 jamque.
711 1514 832 1566 Qod
850 1515 903 1560 fi„
924 1525 968 1554 ut
988 1516 1121 1568 spero„
1143 1517 1255 1556 vietis
1276 1517 1453 1556 hostibus
1474 1519 1614 1557 nostris
1632 1523 1785 1559 veneri-

406 1581 455 1618 tis
473 1600 484 1625 ;
518 1589 647 1617 tamen
669 1580 894 1618 auetoritate
914 1581 1035 1619 vestra
1052 1582 1272 1634 respublica
1290 1585 1484 1636 exsurget,
1515 1594 1554 1623 et
1584 1586 1624 1623 in
1652 1586 1786 1638 aliquo

403 1644 500 1683 statu
523 1643 717 1682 tolerabili
737 1644 928 1684 confistet.
961 1647 1059 1684 Sunt
1079 1647 1186 1684 enim
1206 1650 1415 1700 permulta,
1439 1650 1583 1701 quibus
1604 1652 1677 1688 erit
1698 1665 1783 1689 me-

405 1710 591 1754 dendum,
622 1709 739 1747 etiam
760 1709 786 1746 fi
807 1710 1024 1763 respublica
1044 1711 1131 1750 satis
1153 1712 1224 1751 effe
1244 1714 1441 1752 videbitur
1461 1714 1669 1754 sceleribus
1690 1715 1784 1754 hos-

405 1776 505 1814 tium
527 1775 700 1812 liberata¹
734 1774 858 1813 Vale.⁴

506 1977 553 2013 C.
588 1976 856 2015 CAss1us
899 1977 1155 2016 PRocos.
1198 1978 1266 2018 M.
1300 1980 1353 2018 T.
1388 1981 1436 2019 C.
1471 1981 1508 2019 S.
1542 1981 1586 2019 P.
1620 1982 1676 2019 D‘.

404 2104 476 2140 XI.
500 2103 598 2175 SI
619 2104 728 2147 vales,
760 2104 843 2142 bene
861 2103 906 2153 est
920 2119 933 2140 .·
965 2118 1024 2156 ego
1044 2105 1178 2156 quidem
1198 2106 1310 2144 valeo.
1342 2109 1387 2145 In
1409 2107 1548 2160 Syriam
1568 2123 1620 2146 me
1632 2109 1780 2161 prqfec-

585 2176 661 2205 tum
682 2166 842 2220 effescito
861 2167 911 2205 ad
926 2169 977 2206 L.
1001 2171 1175 2208 Murcum
1201 2179 1235 2207 et
1257 2172 1305 2222 Q
1327 2172 1504 2224 Grypum,
1536 2173 1779 2225 imperatores.

402 2232 608 2284 Virifhrtes
627 2233 813 2286 optimique
831 2233 939 2277 cives,
954 2234 1072 2285 pcstea
1090 2249 1194 2287 quam
1213 2236 1418 2281 audierunt,
1436 2252 1514 2290 quae
1534 2239 1656 2277 Roma>
1672 2253 1778 2290 gere-

401 2307 544 2342 rentur,
570 2298 742 2336 exercitus
775 2298 863 2336 mihi
894 2299 1123 2338 tradiderunt
1140 2316 1152 2338 :
1184 2301 1310 2353 z‘pstque
1341 2317 1471 2341 mecum
1502 2317 1572 2341 una
1588 2304 1779 2356 sbrtq‘ffimo

400 2362 514 2400 animo
534 2362 780 2414 rempublicam
800 2362 1060 2415 administrant.
1101 2367 1193 2414 Item
1213 2366 1391 2417 legionem,
1422 2381 1526 2418 quam
1546 2369 1595 2419 Q
1618 2367 1779 2405 Caecilius

401 2427 526 2479 Bcgffits
557 2427 695 2471 habuit,
726 2427 776 2465 ad
804 2443 855 2465 me
885 2430 971 2467 veni
994 2445 1011 2467 e
1023 2430 1148 2482 scito:
1179 2440 1399 2484 quatuorque
1426 2432 1585 2484 legiones,
1616 2446 1702 2484 quas
1721 2433 1777 2469 A.

399 2493 562 2531 Allienus
586 2507 628 2531 ex
645 2494 808 2546 AEgypto
827 2493 961 2540 eduxit,
991 2494 1150 2533 traditas
1169 2495 1215 2534 ab
1233 2510 1269 2535 eo
1289 2497 1377 2535 mihi
1392 2496 1566 2548 effistito.
1611 2498 1723 2535 Nunc
1742 2505 1779 2533 te
