2351 2997
590 319 662 371 178
930 313 1611 354 EPISTOLARUM

585 417 760 454 videatur
780 415 934 467 coepiffe
955 413 1168 451 consistere.
1201 414 1260 449 Ita
1275 425 1365 462 ego,
1395 412 1463 463 qui
1484 426 1546 449 me
1567 411 1697 450 ostreIS
1719 421 1756 450 et
1776 412 1959 450 muraenis

586 483 700 520 facile
726 481 979 523 abstinebam,
1011 493 1030 516 a
1057 479 1144 515 beta
1170 487 1208 514 et
1235 491 1255 514 a
1285 478 1411 514 malva
1437 477 1620 529 deceptus
1652 477 1750 516 sum.
1796 478 1959 516 Posthac

586 549 709 599 igitur
737 547 881 583 erimus
911 545 1115 581 cautiores.
1162 544 1229 580 Tu
1264 550 1393 578 tamen
1427 555 1518 579 cum
1548 542 1706 580 audiffes
1736 542 1783 580 ab
1814 543 1960 580 Anicio

590 612 705 664 (vidit
726 612 832 648 enim
853 624 915 647 me
936 606 1199 656 nauseantem)
1233 620 1309 644 non
1341 607 1458 644 modo
1488 607 1672 644 mittendi
1701 607 1851 645 causam
1873 608 1957 659 jus-

588 687 668 714 tam
695 676 878 720 habuisti,
910 675 972 712 sed
999 675 1117 711 etiam
1146 672 1308 710 visendi.
1355 673 1442 724 Ego
1471 671 1536 710 hic
1566 672 1699 724 cogito
1728 674 1960 711 commorari

587 743 714 795 quoad
733 756 796 779 me
816 741 987 779 reficiam
1005 755 1013 778 z
1038 752 1128 776 nam
1148 748 1186 775 et
1206 738 1303 775 vires
1324 747 1363 775 et
1383 751 1523 790 corpus
1544 738 1664 776 amifi.
1698 738 1784 783 Sed,
1806 738 1832 776 fi
1852 751 1960 776 mor-

587 809 684 846 bum
705 807 903 859 depulero,
935 805 1063 849 facile,
1095 813 1138 841 ut
1159 802 1281 855 spero,
1313 803 1381 840 illa
1400 803 1602 841 revocabo.
1632 803 1745 841 Vale.

939 1007 1178 1043 <310an
1218 1005 1434 1042 GALLO
1476 1003 1514 1041 S.
1546 1003 1605 1041 D.

586 1133 764 1170 XXVII,
782 1131 873 1202 M
887 1131 904 1168 I
920 1131 1067 1174 ROR,
1099 1144 1168 1167 cur
1188 1143 1251 1167 me
1270 1128 1437 1172 accuses,
1469 1141 1562 1164 cum
1583 1126 1656 1164 tibi
1677 1126 1717 1164 id
1736 1125 1861 1164 facere
1882 1140 1960 1165 non

904 1196 1043 1233 liceat:
1076 1194 1181 1246 quod
1201 1194 1229 1232 fi
1248 1193 1397 1238 liceret,
1420 1202 1549 1230 tamen
1569 1205 1649 1229 non
1669 1191 1848 1230 debebas.
1879 1193 1959 1244 Ego

584 1262 674 1300 enim
693 1271 729 1300 te
747 1260 784 1298 in
804 1260 984 1306 conliclcztu
1002 1259 1242 1312 olstrvaram.
1281 1259 1335 1297 Et
1355 1259 1424 1303 ais,
1454 1257 1553 1302 fore,
1583 1265 1627 1295 ut
1648 1265 1685 1294 te
1706 1257 1830 1294 Caesar
1849 1257 1958 1294 resti-

586 1338 683 1366 tuat.
727 1327 860 1365 Multa
881 1335 921 1363 tu
945 1324 1105 1377 quidem
1126 1324 1239 1368 dicis,
1270 1323 1332 1360 sed
1353 1323 1428 1361 tibi
1448 1336 1564 1360 nemo
1583 1322 1721 1360 credit.
1757 1322 1958 1359 Tribuna-

586 1403 672 1430 tum
694 1392 822 1445 plebei
843 1391 940 1428 dicis
962 1399 998 1428 te
1018 1403 1103 1427 mea
1122 1389 1233 1427 causa
1250 1388 1396 1441 petiffe.
1420 1388 1586 1426 Utinam
1606 1387 1754 1439 semper
1773 1387 1862 1424 effes
1885 1387 1956 1424 tri-

587 1460 744 1497 bunus:
777 1455 1062 1495 intercessorem
1083 1469 1161 1493 non
1182 1467 1382 1506 quaerereS.
1429 1454 1560 1505 Negas
1588 1467 1651 1491 me
1671 1452 1821 1497 audere,
1853 1453 1959 1504 quod

585 1524 748 1563 sentiam
768 1522 911 1560 dicere.
941 1520 1057 1571 Qafi
1079 1520 1166 1564 tibi,
1185 1533 1278 1557 cum
1297 1518 1545 1571 impudenter
1560 1532 1622 1556 me
1638 1531 1804 1569 rogares,
1821 1531 1959 1569 parum

584 1588 739 1628 fortiter
760 1586 1036 1639 responderim.
1082 1585 1180 1623 Haec
1201 1585 1275 1622 tibi
1305 1584 1448 1636 scripfi,
1480 1593 1523 1621 ut
1549 1583 1621 1621 isto
1641 1582 1723 1634 ipso
1743 1583 1783 1619 in
1804 1596 1956 1634 genere,

585 1655 625 1692 in
647 1667 726 1705 quo
746 1651 896 1704 aliquid
915 1649 1017 1703 poffe
1038 1651 1109 1695 vis,
1128 1660 1165 1687 te
1186 1648 1287 1687 nihil
1307 1649 1377 1686 effe
1398 1648 1661 1699 cognoscereS.
1695 1647 1813 1697 Qod
1834 1648 1859 1684 fi
1880 1646 1957 1684 hu-

583 1720 750 1756 maniter
770 1729 927 1754 mecum
949 1715 1102 1767 questus
1124 1714 1229 1759 effes,
1246 1714 1414 1752 libenter
1434 1713 1508 1750 tibi
1528 1726 1591 1750 me
1611 1721 1649 1749 et
1668 1711 1783 1749 facile
1799 1713 1958 1765 purgas-

584 1784 662 1821 sem
681 1798 689 1821 ε
720 1796 799 1820 non
819 1782 924 1819 enim
946 1781 1094 1832 ingrata
1115 1779 1216 1817 mihi
1237 1779 1339 1824 sunt,
1361 1793 1446 1831 quae
1466 1777 1616 1822 fecisti;
1649 1777 1711 1815 sed
1731 1791 1816 1829 quae
1836 1777 1957 1830 scrip-

584 1849 673 1892 fisti,
695 1846 868 1885 molesta.
900 1846 970 1882 Me
991 1855 1136 1889 autem,
1158 1853 1317 1897 propter
1337 1857 1457 1895 quern
1477 1843 1604 1881 caeteri
1624 1842 1738 1880 liberi
1758 1842 1860 1886 sunt,
1884 1843 1958 1880 tibi

584 1914 754 1951 liberum
775 1925 853 1949 non
874 1910 1000 1948 visum
1020 1910 1203 1947 demiror.
1250 1909 1355 1946 Nam
1376 1909 1402 1945 fi
1428 1907 1520 1945 falsa
1539 1907 1713 1951 fuerunt,
1744 1920 1829 1958 quae
1850 1916 1891 1944 tu
1912 1908 1957 1944 ad

585 1993 663 2021 me,
686 1987 728 2014 ut
749 1979 817 2021 ais,
849 1975 1033 2019 detulisti,
1065 1975 1160 2027 quid
1182 1975 1255 2012 tibi
1275 1987 1347 2026 ego
1368 1973 1518 2011 debeo?
1549 1974 1576 2011 fi
1597 1986 1696 2017 vera,
1729 1982 1769 2010 tu
1792 1986 1829 2010 es
1851 1974 1956 2025 opti-

587 2057 673 2081 mus
695 2042 813 2087 testis,
845 2041 940 2094 quid
961 2039 1060 2078 mihi
1082 2041 1251 2093 populus
1274 2041 1475 2077 Romanus
1497 2039 1646 2076 debeat.

895 2243 957 2280 M.
992 2243 1234 2280 CICERO
1276 2242 1479 2279 CUR10
1521 2242 1558 2279 S.
1591 2240 1646 2278 D.

585 2371 781 2410 XXVIII.
807 2369 896 2441 M
916 2369 948 2406 E
967 2369 1014 2406 M
1032 2369 1049 2405 I
1068 2368 1143 2406 NI
1177 2381 1269 2405 cum
1298 2366 1399 2405 mihi
1433 2367 1599 2419 defipere
1629 2366 1820 2411 videbare,
1851 2366 1956 2418 quod

928 2447 1021 2472 cum
1041 2433 1120 2471 istis
1141 2434 1272 2485 potius
1293 2433 1453 2478 viveres,
1475 2446 1593 2486 quam
1613 2432 1818 2471 nobiscum
1837 2447 1845 2470 :
1877 2441 1956 2469 erat

583 2501 691 2539 enim
711 2500 839 2538 multo
859 2499 1109 2538 domicilium
1128 2498 1246 2550 hujus
1268 2499 1375 2536 urbis
1399 2500 1510 2551 (cum
1539 2498 1700 2552 quidem
1730 2496 1812 2536 haec
1842 2496 1952 2545 urbs)

581 2566 708 2620 aptius
736 2565 973 2605 humanitati
1002 2574 1040 2603 et
1069 2563 1246 2603 suavitati
1275 2572 1365 2611 tuae‚
1396 2578 1514 2618 quam
1543 2573 1625 2603 tota
1650 2561 1953 2616 Peloponnesu8‚
