2351 2997
588 230 680 267 AD
738 228 1204 266 FAMILIARES
1264 229 1395 268 LIB.
1447 231 1498 269 V.
1672 248 1746 287 117

372 326 494 365 videri
514 327 665 364 miseria
684 327 835 371 debeat,
853 341 939 379 quae
960 341 1037 365 non
1061 328 1266 367 sentiatur:
1290 328 1365 367 hoc
1387 339 1515 368 tamen
1539 345 1617 369 non
1635 332 1754 369 dubi-

372 401 457 429 tans
478 390 706 428 confirmare
726 392 893 444 poffum,
915 406 957 430 ea
977 393 1145 437 misceri,
1167 394 1304 445 parari,
1328 395 1567 447 impendere,
1590 396 1753 448 reipub-

372 456 472 500 licae,
503 469 589 506 quae
620 456 689 507 qui
722 457 938 508 reliquerit,
971 459 1082 496 nullo
1112 459 1231 497 modo
1258 459 1359 497 mihi
1387 461 1549 513 quidem
1570 461 1754 513 deceptus

372 520 444 559 effe
463 519 653 559 videatur.
695 522 804 572 Qid
825 523 877 559 est
898 524 1004 561 enim
1020 526 1103 575 jam
1124 538 1203 562 non
1225 525 1343 562 modo
1364 526 1519 577 pudori,
1551 526 1754 578 probitati,

373 585 525 629 virtuti,
545 587 656 623 rectis
678 587 829 631 studiis,
854 588 964 625 bonis
986 589 1148 633 artibus,
1171 590 1234 627 sed
1255 592 1420 628 omnino
1441 592 1612 629 libertati
1633 605 1675 629 ac
1697 592 1756 629 sa-

373 649 464 694 luti,
495 650 573 687 loci
591 652 603 687 ?
636 651 746 695 Non,
768 651 1006 697 mehercule,
1029 667 1270 705 quemquam
1291 655 1422 692 audivi
1442 655 1517 693 hoc
1538 657 1757 707 graviffimo

372 724 410 751 et
438 715 745 767 pestilentiffimo
772 729 874 754 anno
902 718 1236 756 adolescentulum
1263 729 1329 757 aut
1349 734 1515 772 puerum
1537 732 1754 766 mortuum,

373 780 442 830 qui
463 779 564 817 mihi
587 794 666 817 non
686 794 706 818 a
726 781 799 818 diis
821 781 1112 821 immortalibus
1134 793 1287 836 ereptus
1309 798 1356 822 ex
1377 785 1439 822 his
1456 785 1619 823 miseriis
1641 796 1757 837 atque

373 858 420 881 ex
441 845 681 896 iniquiffima
700 846 927 884 conditione
948 849 1036 886 vitae
1056 848 1265 887 videretur.
1310 851 1454 901 Qare,
1487 851 1513 888 fi
1536 851 1609 888 tibi
1631 864 1758 888 unum

371 908 449 947 hoc
471 909 620 947 detrahi
641 911 778 962 potest,
811 925 859 949 ne
880 913 976 964 quid
997 914 1059 957 iis,
1086 927 1184 965 quos
1205 915 1352 959 amasti,
1375 916 1467 953 mali
1490 926 1601 968 putes
1624 918 1756 953 conti-

372 973 488 1025 giffe3
511 976 755 1026 permultum
771 977 845 1014 erit
864 991 911 1015 ex
932 992 1097 1016 moerore
1115 988 1183 1016 tuo
1200 979 1458 1018 diminutum.
1492 981 1757 1032 Relinquetur

372 1039 480 1077 enim
502 1040 664 1092 fimplex
685 1041 754 1079 illa
767 1043 850 1093 jam
873 1056 963 1080 cura
979 1043 1123 1082 doloris
1146 1045 1218 1090 tui,
1238 1059 1323 1096 quae
1341 1060 1419 1084 non
1437 1060 1528 1083 cum
1546 1046 1624 1083 illis
1642 1060 1756 1084 com—

372 1104 656 1150 municabitur,
679 1106 743 1143 sed
762 1107 808 1144 ad
829 1116 866 1144 te
888 1108 1014 1160 ipsum
1035 1109 1191 1161 proprie
1212 1109 1421 1148 referetur:
1446 1111 1486 1148 in
1507 1124 1583 1162 qua
1604 1125 1681 1149 non
1704 1111 1757 1149 est

365 1170 450 1220 jam
466 1170 664 1220 gravitatis
681 1184 723 1207 ac
739 1171 933 1223 sapientiae
950 1182 1038 1217 tuae,
1055 1187 1174 1225 quam
1191 1183 1233 1212 tu
1250 1188 1269 1211 a
1286 1188 1406 1226 puero
1421 1175 1642 1227 praestitisti,
1657 1175 1757 1214 ferre

372 1233 669 1272 immoderatius
686 1236 816 1273 casum
836 1237 1183 1276 incommodorum
1201 1248 1375 1284 tuorum,
1393 1241 1462 1292 qui
1478 1240 1524 1278 fit
1539 1240 1586 1277 ab
1603 1254 1754 1285 eorum,

373 1311 471 1350 quos
493 1298 689 1345 dilexeris,
711 1300 864 1339 miseria
883 1303 1066 1355 maloque
1087 1303 1297 1355 sejunctus.
1326 1306 1484 1343 Etenim
1500 1319 1591 1343 eum
1609 1306 1758 1358 semper

375 1372 413 1401 te
432 1373 471 1402 et
492 1365 651 1416 privatis
673 1367 713 1403 in
734 1367 849 1404 rebus
870 1377 908 1405 et
929 1368 1100 1420 publicis
1121 1369 1343 1421 praestitisti,
1376 1372 1519 1408 tuenda
1545 1372 1619 1409 tibi
1647 1381 1690 1410 ut
1711 1372 1757 1409 fit

373 1430 554 1481 gravitas,
572 1440 610 1468 et
631 1432 854 1471 constantiae
874 1432 1134 1472 serviendum.
1168 1436 1274 1473 Nam
1296 1437 1402 1488 quod
1423 1437 1583 1474 allatura
1603 1437 1655 1474 est
1676 1438 1757 1489 ipsa

372 1493 623 1540 diuturnitas,
646 1510 730 1549 quae
750 1498 943 1536 maximos
964 1499 1092 1537 luctus
1114 1500 1299 1538 vetustate
1321 1501 1442 1546 tollit,
1465 1501 1505 1538 id
1527 1516 1595 1539 nos
1616 1503 1756 1554 praeci—

374 1572 463 1610 pere
483 1561 644 1598 confilio
664 1563 949 1615 prudentiaque
969 1564 1171 1603 debemus.
1219 1566 1382 1603 Etenim
1407 1567 1433 1603 fi
1454 1567 1563 1604 nulla
1584 1580 1758 1619 unquam

375 1624 452 1662 fuit
473 1625 606 1663 liberis
627 1627 767 1665 amiffis
790 1637 868 1666 tam
890 1630 1094 1668 imbecillo
1114 1630 1257 1668 mulier
1281 1632 1427 1676 animo,
1459 1646 1544 1683 quae
1574 1646 1652 1670 non
1682 1633 1756 1670 ali-

375 1691 530 1741 quando
551 1690 713 1743 lugendi
734 1693 897 1731 modum
918 1694 1082 1733 fecerit:
1115 1705 1219 1734 certe
1251 1710 1336 1741 nos,
1368 1698 1475 1748 quod
1506 1697 1558 1734 est
1590 1698 1669 1734 dies
1697 1699 1756 1734 al-

375 1754 512 1799 latura,
545 1755 585 1792 id
617 1757 778 1795 confilio
805 1758 994 1797 anteferre
1022 1760 1236 1805 debemus,
1269 1775 1395 1814 neque
1422 1765 1621 1814 expectare
1652 1772 1761 1800 tem-

376 1821 480 1871 poris
513 1821 764 1867 medicinam,
800 1838 918 1875 quam
951 1826 1217 1877 repraesentare
1250 1828 1396 1865 ratione
1428 1827 1628 1879 poffimuS.
1676 1829 1754 1865 His

374 1898 446 1936 ego
466 1885 589 1923 literis
607 1886 632 1923 fi
649 1887 745 1938 quid
764 1888 1023 1940 profecissem,
1041 1891 1310 1929 existimabam
1327 1893 1543 1944 optandum
1566 1892 1755 1944 quiddam

375 1963 437 1987 me
458 1949 529 1986 effe
549 1950 783 1990 affecutum:
807 1954 861 1990 fin
882 1957 1014 1992 minus
1035 1954 1135 1993 forte
1156 1956 1372 2002 valuifl‘ent,
1391 1957 1522 1994 officio
1540 1966 1667 1994 tamen
1685 1957 1759 1994 esse

377 2014 558 2052 functum
588 2015 936 2056 benevolentissimi
957 2028 1073 2071 atque
1099 2021 1346 2067 amiciffimi3
1380 2036 1498 2075 quem
1527 2036 1589 2059 me
1617 2022 1691 2059 tibi
1719 2032 1761 2060 et.

375 2079 486 2117 fuiffe
506 2079 655 2132 semper
674 2083 868 2121 existimes
890 2086 1023 2131 velim,
1054 2095 1093 2124 et
1112 2086 1294 2126 futurum
1314 2087 1385 2126 effe
1405 2088 1591 2126 confidas.
1625 2087 1743 2126 Vale2.

567 2280 629 2319 M.
664 2284 893 2322 C1CERO
931 2286 975 2324 P.
1009 2287 1235 2325 SExT10
1277 2288 1321 2325 P.
1355 2288 1401 2326 F.
1436 2289 1472 2326 S.
1507 2289 1560 2325 D.

376 2409 509 2447 XVII.
524 2408 610 2481 N
623 2410 711 2448 ΟΝ
736 2411 934 2451 oblivione
954 2415 1137 2453 amicitiae
1158 2415 1309 2460 nostrae,
1327 2429 1454 2467 neque
1474 2415 1753 2453 intermiffione

641 2474 931 2516 consuetudinis
960 2492 1069 2524 meae,
1100 2479 1362 2531 superioribus
1386 2480 1627 2533 temporibus
1648 2479 1694 2516 ad
1716 2488 1754 2517 te
