2351 2997
594 233 687 271 AD
745 231 1215 271 FAMILIARES
1274 234 1407 273 LIB.
1458 237 1553 277 XII.
1688 256 1758 294 311

387 340 436 377 te,
470 340 582 370 tuere.
628 332 728 370 Nam
754 330 880 383 Bafflcs
899 331 1018 384 mss’re
1040 332 1152 371 noluit
1171 333 1260 371 mibi
1275 333 1439 386 legionem
1459 337 1616 377 tradere.
1665 342 1773 393 Qcod

385 398 453 449 nisi
479 398 605 435 milites
632 397 748 435 invito
774 412 809 436 eo
827 397 960 450 legatos
979 398 1031 437 ad
1045 413 1097 437 me
1115 399 1287 452 mgfiſjent,
1318 402 1470 454 clausam
1490 406 1689 456 Apameam
1708 417 1764 446 te—

386 461 522 514 nufft,
543 461 662 514 quoad
675 463 720 500 vi
734 461 812 514 effit
828 472 1048 516 expugnata.
1080 466 1175 504 Haec
1193 481 1216 503 a
1243 474 1279 503 te
1290 475 1388 518 peto,
1410 482 1477 506 non
1481 470 1599 521 solum
1619 473 1764 525 reipub-

384 527 475 570 licae,
505 540 585 579 quae
603 526 673 565 tibi
674 527 817 579 semper
821 528 908 579 ficit
929 528 1112 579 cargffima,
1130 530 1204 581 st'd
1218 530 1325 568 etiam
1345 532 1513 572 amicitiae
1531 535 1667 585 nostrae,
1698 553 1762 576 no-

384 592 486 637 mine,
509 607 613 645 quam
632 592 759 643 confido
778 593 877 645 apud
891 602 927 632 te
939 595 1136 645 plurimum
1148 594 1255 647 poffi’.
1287 596 1400 634 Crede
1418 599 1516 643 mihi,
1547 601 1641 640 hunc
1660 618 1764 642 exer-

381 659 505 703 citum,
536 673 634 711 quem
666 658 786 703 habea,
805 660 960 710 senatus
985 669 1093 711 atque
1121 660 1248 712 optimi
1267 661 1427 715 cujusque
1447 663 1519 714 effe,
1550 668 1764 721 maximeque

382 734 484 762 tuum
498 739 511 762 :
542 723 583 761 de
609 723 706 775 cujus
734 724 922 761 voluntate
949 724 1074 774 cff'due
1098 724 1280 769 audiendo,
1311 727 1455 778 mirfice
1482 737 1517 766 te
1536 729 1667 782 diligit,
1698 747 1762 772 ca-

381 802 529 841 rumque
546 788 666 826 habet.
712 788 838 838 Qtist
862 788 1090 834 intellexerit,
1122 790 1294 829 commoda
1299 792 1375 841 sua
1394 806 1493 830 curce
1512 794 1582 832 tibi
1597 797 1668 846 effe,
1699 798 1761 836 de-

381 853 462 893 bere
477 854 583 893 etiam
590 855 634 906 st’
653 853 723 892 tibi
738 854 852 892 omnia
864 854 1029 907 putabit.
1076 856 1217 894 Literis
1221 856 1390 909 scriptis,
1421 858 1522 897 audii
1537 861 1764 902 Dolabellam

380 919 418 958 in
439 920 600 958 Ciliciam
619 918 745 971 venff’
775 933 852 958 cum
863 920 946 971 suis
970 921 1089 974 copiis.
1134 922 1348 976 Proficiscar
1377 923 1414 962 in
1448 925 1621 965 Ciliciam.
1666 930 1768 981 Qid

382 987 525 1040 egerim,
556 986 718 1025 celeriter
737 994 779 1023 ut
785 985 897 1038 scias,
926 986 1013 1025 dabo
1034 997 1188 1040 operam.
1234 990 1295 1027 Ac
1320 990 1438 1034 velim,
1469 1000 1512 1029 ut
1528 1006 1703 1032 meremur
1721 995 1762 1034 de

381 1051 573 1105 republica,
590 1051 648 1104 sic
650 1051 782 1102 felices
784 1052 913 1101 simus.
960 1054 1040 1093 Fac
1058 1055 1194 1101 valeas,
1224 1069 1342 1108 meque
1360 1070 1467 1096 ames.
1509 1059 1626 1098 Nonis
1644 1061 1758 1107 Maii,

379 1132 422 1157 ex
450 1117 586 1170 castris.

571 1314 840 1354 CASSIUS
883 1316 1033 1367 QM.
1067 1317 1388 1356 CICERONI
1430 1320 1468 1358 S.
1502 1321 1556 1360 D.

375 1443 493 1482 XIII.
514 1442 583 1515 S
587 1444 616 1481 I
636 1443 748 1487 vales,
778 1443 861 1482 bene
881 1443 925 1495 ⁶ss
937 1458 950 1481 .·
980 1457 1041 1496 ego
1060 1457 1192 1497 quoque
1211 1446 1323 1484 valeo.
1367 1448 1458 1486 Cum
1478 1448 1680 1501 reipublicae
1698 1453 1765 1492 vel

579 1507 715 1562 salute,
737 1508 801 1546 vel
814 1509 980 1553 victoria,
998 1508 1191 1561 gaudemus
1205 1527 1217 1554 3
1240 1519 1316 1549 tum
1335 1511 1588 1564 iissauratione
1607 1525 1756 1556 tuarum

368 1573 525 1618 laudum,
555 1573 648 1626 quod
661 1573 834 1612 maximus
854 1575 1044 1627 coificlaris
1062 1576 1253 1614 maximum
1272 1578 1437 1632 consulem
1467 1588 1503 1617 te
1530 1580 1600 1633 ipse
1623 1583 1752 1634 vicssi,

373 1649 409 1677 et
427 1639 609 1684 laetamur,
640 1647 675 1677 et
704 1639 836 1678 mirari
846 1640 946 1692 satis
973 1655 1040 1679 non
1060 1640 1247 1693 pffcmus.
1294 1644 1426 1682 Fatale
1452 1646 1558 1698 mstio
1577 1647 1667 1698 quid
1679 1659 1755 1687 tuce

373 1705 516 1743 virtuti
530 1704 679 1748 datum5
710 1704 811 1757 idque
815 1707 915 1758 sa'pe
924 1705 1005 1760 jam
1031 1706 1173 1758 experti
1174 1707 1313 1760 ficmus.
1359 1709 1425 1762 Est
1453 1710 1542 1748 enim
1573 1722 1639 1750 tua
1667 1722 1753 1766 toga

371 1770 522 1808 omnium
539 1770 650 1808 armis
653 1770 801 1822 filicior
814 1789 825 1815 3
858 1785 936 1823 quae
954 1785 1048 1809 nunc
1066 1786 1198 1824 quoque
1214 1772 1310 1811 nobis
1321 1782 1412 1826 pene
1431 1775 1565 1814 vietam
1583 1779 1750 1830 rempub-

369 1835 472 1873 licam
491 1850 533 1874 ex
551 1835 710 1874 manibus
729 1836 871 1887 hcstimn
901 1837 1034 1889 eripuit
1064 1851 1108 1875 ac
1131 1837 1296 1877 reddidit.
1341 1841 1452 1879 Nunc
1477 1856 1560 1894 ergo
1589 1844 1751 1883 vivemus

370 1900 499 1938 liberi:
529 1915 622 1939 nunc
654 1909 702 1945 te,
738 1901 887 1939 omnium
918 1902 1067 1940 maxime
1092 1903 1182 1941 civis
1210 1913 1244 1941 et
1274 1904 1362 1942 mihi
1386 1906 1565 1956 cargffinie,
1599 1908 1640 1946 id
1662 1910 1756 1961 quod

370 1966 518 2004 maxime
537 1965 739 2018 reipublicae
758 1966 910 2005 tenebris
928 1967 1131 2020 comperssi,
1152 1983 1246 2007 nunc
1264 1978 1299 2008 te
1319 1969 1517 2009 habebimus
1537 1972 1651 2023 testem
1670 1976 1749 2026 nos-

370 2031 426 2068 tri
444 2039 478 2070 et
498 2031 534 2070 in
554 2041 589 2069 te
608 2040 643 2069 et
662 2031 699 2069 in
718 2032 1020 2083 conjundir'gfflmam
1050 2034 1120 2072 tibi
1141 2034 1389 2087 rempublicam
1408 2038 1535 2076 amoris
1551 2053 1565 2075 .·
1595 2048 1643 2084 et,
1671 2055 1752 2092 quae

355 2097 457 2148 saepe
468 2096 647 2148 pollicitus
667 2110 714 2140 es,
744 2106 780 2135 te
795 2106 831 2135 et
850 2097 1062 2144 taciturum,
1093 2098 1419 2152 dumfirviremus,
1451 2111 1486 2140 et
1505 2103 1683 2143 dicturum
1709 2106 1750 2145 de

369 2175 421 2199 me
439 2170 528 2205 tum,
559 2168 635 2200 c'um
654 2161 743 2199 mihi
753 2162 953 2214 profutura
974 2162 1089 2214 efflent,
1120 2178 1213 2203 nunc
1244 2165 1306 2204 illa
1334 2181 1402 2206 non
1429 2182 1489 2219 ego
1517 2170 1650 2221 quidem
1679 2171 1752 2210 dici

365 2234 550 2278 tantopere
569 2225 774 2276 defiderabo,
797 2241 902 2279 quam
907 2228 1048 2280 sentiri
1063 2243 1086 2266 a
1106 2238 1141 2267 te
1159 2230 1240 2282 ipso.
1272 2233 1398 2284 Neque
1413 2233 1501 2271 enim
1517 2235 1666 2274 omnium
1675 2237 1746 2287 ju-

370 2291 456 2329 dicio
475 2292 592 2329 malim
612 2306 663 2330 me
681 2307 704 2330 a
722 2301 758 2330 te
776 2293 1021 2337 commendari,
1057 2308 1161 2347 quam
1180 2296 1247 2348 ipſs
1267 2305 1327 2335 tuo
1334 2296 1470 2347 judicio
1489 2298 1592 2351 digne
1610 2315 1654 2339 ac
1674 2317 1747 2340 me-

368 2370 449 2394 reor
469 2357 723 2395 commendatus
743 2357 802 2409 effi
818 2372 831 2395 .·
861 2367 903 2396 ut
922 2359 998 2397 haec
1027 2360 1206 2410 novgffima
1232 2362 1348 2413 nostra
1361 2364 1490 2414 sac‘t‘a,
1522 2380 1589 2403 non
1630 2367 1744 2411 abita,

367 2436 430 2460 nec
449 2422 742 2466 inconvenientia,
744 2423 817 2474 sed
811 2423 948 2471 similia
966 2425 1034 2464 illis
1053 2427 1336 2478 cogitationibus,
1353 2443 1504 2481 quarum
1524 2439 1565 2468 tu
1585 2432 1677 2482 testis
1695 2446 1743 2475 es,

353 2487 621 2540 fiiffjudices,
652 2502 768 2542 meque
786 2487 836 2527 ad
850 2489 1017 2542 optimam
1023 2492 1128 2544 spem
1138 2493 1280 2545 patria>
1298 2509 1365 2534 non
1395 2496 1572 2535 minimum
1598 2496 1669 2535 tibi
1684 2497 1748 2550 ipst
