2351 2997
684 304 775 341 AD
834 300 1296 339 FAMILIARES
1357 300 1489 339 LIB.
1540 302 1612 340 VI.
1770 320 1841 358 ³47

465 411 503 441 et
524 402 660 445 virtus,
692 410 729 438 et
750 401 886 452 pietas,
917 409 955 438 et
975 413 1082 438 amor
1102 400 1141 437 in
1166 409 1201 438 te
1223 400 1439 452 singularis,
1471 411 1509 438 et
1530 402 1670 439 afiidua
1691 410 1728 439 et
1755 416 1843 454 per-

465 476 579 519 petua
599 479 690 503 cura
710 466 841 504 salutis
864 476 952 510 tuae,
977 475 1129 503 tantum
1149 465 1320 518 proficit,
1353 475 1396 503 ut
1418 466 1517 504 nihil
1540 467 1599 512 fit,
1632 468 1737 520 quod
1763 482 1844 505 non

463 532 590 584 ipsum
614 532 801 582 Caesarem
824 533 1066 569 tributurum
1087 532 1319 570 existimem.
1354 532 1425 570 Sed
1442 533 1467 570 fi
1486 533 1630 571 tardius
1647 533 1706 578 fit,
1726 547 1843 585 quam

462 598 670 643 volumus;
704 599 855 650 magnis
877 598 1202 650 occupationibus
1224 600 1321 650 ejus,
1347 613 1368 636 a
1388 613 1467 651 quo
1487 600 1619 637 omnia
1639 609 1841 652 petuntur,

462 663 589 701 aditus
619 663 665 701 ad
696 678 785 701 eum
817 663 1055 700 difficiliores
1086 662 1275 708 fuerunt,
1307 673 1345 701 et
1376 664 1487 701 simul
1511 663 1705 702 Africanae
1725 665 1843 703 causae

463 729 609 774 iratior,
642 729 789 767 diutius
812 729 910 766 velle
931 728 1083 766 videtur
1104 742 1167 766 eos
1189 728 1330 766 habere
1351 729 1554 774 sollicitos,
1585 744 1606 767 a
1634 731 1779 782 quibus
1809 731 1845 769 se

463 803 573 846 putat
594 794 906 832 diuturnioribus
923 793 994 831 effe
1015 793 1201 831 molestiis
1218 794 1502 832 conflictatum.
1536 794 1608 832 Sed
1623 793 1699 833 hoc
1717 796 1845 848 ipsum

462 859 725 910 intelligimus
747 873 836 896 eum
858 859 1034 910 quotidie
1055 859 1242 897 remissius
1272 869 1311 897 et
1339 860 1527 912 placatius
1556 859 1669 899 ferre.
1714 863 1845 912 Qare

462 923 712 969 mihicrede,
743 933 781 962 et
812 925 1010 962 memoriae
1039 924 1192 969 manda,
1224 938 1287 962 me
1318 925 1391 962 tibi
1420 925 1461 963 id
1490 925 1704 971 affirmasse,
1737 935 1774 964 te
1803 928 1842 964 in

460 989 542 1027 istis
564 990 749 1028 molestiis
771 990 919 1028 diutius
941 1004 1018 1028 non
1040 989 1236 1029 futurum.
1275 992 1395 1035 Cum,
1428 991 1524 1043 quid
1546 991 1743 1037 sentirem,
1774 1006 1843 1030 ex-

462 1056 598 1108 posui;
631 1056 727 1108 quid
747 1056 889 1095 vellem
911 1067 976 1094 tua
996 1057 1120 1103 causa,
1151 1071 1191 1094 re
1212 1057 1343 1108 potius
1365 1057 1582 1103 declarabo,
1615 1072 1734 1111 quam
1754 1073 1839 1098 ora-

461 1124 593 1160 tione:
626 1133 678 1167 et,
711 1123 736 1160 fi
759 1132 912 1160 tantum
932 1122 1093 1175 poffem,
1125 1132 1317 1174 quantum
1339 1124 1379 1160 in
1400 1137 1443 1161 ea
1464 1124 1677 1177 republica,
1700 1126 1746 1163 de
1767 1139 1844 1178 qua

461 1189 516 1226 ita
536 1188 619 1226 sum
640 1189 818 1232 meritus,
837 1197 880 1226 ut
902 1197 944 1226 tu
965 1188 1175 1233 existimas,
1197 1188 1300 1240 poffe
1321 1188 1525 1235 debebam,
1548 1203 1596 1227 ne
1617 1200 1659 1228 tu
1680 1191 1843 1244 quidem

461 1253 500 1290 in
522 1253 602 1290 istis
624 1254 886 1291 incommodis
908 1253 996 1291 effes
1017 1269 1025 1291 z
1058 1254 1191 1291 eadem
1211 1255 1318 1291 enim
1337 1255 1448 1292 causa
1466 1268 1557 1307 opes
1583 1269 1686 1294 meas
1708 1255 1841 1308 fregit,

460 1333 546 1371 quae
579 1328 686 1356 tuam
718 1319 880 1357 salutem
910 1320 950 1357 in
978 1320 1186 1357 discrimen
1217 1320 1393 1359 adduxit.
1441 1321 1513 1359 Sed
1545 1330 1691 1367 tamen,
1722 1323 1841 1374 quid-

460 1384 557 1436 quid
586 1384 716 1436 imago
746 1385 884 1422 veteris
915 1398 1009 1422 meae
1040 1385 1257 1437 dignitatis,
1289 1386 1485 1438 quidquid
1512 1387 1686 1440 reliquiae
1711 1388 1843 1440 gratia:

461 1449 674 1495 valebunt,
707 1449 894 1494 studium,
926 1450 1148 1495 confilium,
1180 1464 1308 1502 opera,
1334 1452 1470 1503 gratia,
1494 1451 1588 1490 fides
1606 1466 1708 1497 mea,
1731 1453 1843 1491 nullo

461 1514 549 1553 loco
571 1514 692 1553 deerit
714 1516 790 1553 tuis
820 1516 982 1568 optimis
1012 1514 1212 1554 fratribus.
1260 1518 1326 1554 Tu
1348 1515 1409 1554 fac
1430 1516 1569 1555 habeas
1590 1516 1736 1556 fortem
1756 1518 1842 1556 ani-

460 1595 588 1626 mum,
625 1595 743 1633 quem
773 1582 922 1634 semper
952 1581 1146 1627 habuisti;
1183 1582 1374 1635 primum,
1411 1583 1462 1621 ob
1490 1597 1551 1622 eas
1572 1583 1716 1629 causas,
1747 1598 1842 1636 quas

460 1646 617 1698 scripfi3
650 1647 803 1692 deinde,
835 1647 940 1698 quod
973 1661 1014 1684 ea
1046 1648 1093 1685 de
1125 1648 1326 1699 republica
1357 1649 1506 1702 semper
1536 1649 1692 1688 voluisti
1727 1658 1844 1702 atque

460 1711 617 1756 sensisti,
647 1721 689 1750 ut
711 1726 789 1749 non
811 1712 929 1749 modo
951 1726 1055 1750 nunc
1078 1713 1242 1751 secunda
1261 1713 1407 1765 sperare
1427 1714 1563 1752 debeas
1581 1734 1592 1759 ;
1625 1714 1688 1752 sed
1707 1715 1841 1761 etiam,

460 1777 487 1815 fi
508 1778 640 1815 omnia
659 1778 810 1816 adversa
829 1778 961 1822 essent,
994 1788 1122 1816 tamen
1144 1779 1382 1817 conscientia
1400 1790 1439 1818 et
1465 1779 1658 1818 fastorum
1678 1789 1716 1819 et
1742 1795 1841 1819 con-

460 1842 634 1881 filiorum
656 1852 829 1888 tuorum,
852 1857 1096 1896 quaecunque
1117 1845 1351 1890 acciderent,
1381 1844 1589 1884 fortiffimo
1608 1854 1647 1884 et
1667 1847 1843 1886 maximo

459 1908 590 1946 animo
610 1906 709 1947 ferre
730 1908 901 1947 deberes.
936 1908 1046 1948 Vale.

843 2111 1072 2148 CicERo
1115 2111 1409 2149 LIGARIO,

461 2236 574 2274 XIV.
597 2236 685 2308 M
703 2237 735 2273 E
768 2237 864 2275 scito
892 2251 1052 2276 omnem
1083 2238 1270 2283 laborem,
1302 2252 1462 2276 omnem
1489 2253 1660 2292 operam,
1691 2253 1839 2287 curam,

718 2302 904 2348 studium,
936 2304 976 2341 in
1010 2313 1075 2342 tua
1107 2304 1226 2341 salute
1258 2304 1498 2343 consumere.
1542 2306 1648 2343 Nam
1680 2319 1773 2344 cum
1804 2315 1843 2345 te

462 2367 611 2419 semper
631 2367 802 2406 maxime
822 2368 966 2414 dilexi,
991 2378 1076 2407 tum
1097 2368 1262 2407 fratrum
1285 2379 1458 2415 tuorum,
1481 2383 1577 2422 quos
1599 2384 1707 2422 aeque
1727 2380 1843 2423 atque

462 2441 499 2470 te
520 2432 670 2470 summa
690 2433 959 2473 benevolentia
979 2435 1065 2474 sum
1085 2435 1331 2488 complexus,
1350 2436 1550 2488 singularis
1568 2437 1688 2489 pietas
1710 2450 1839 2475 amor—

461 2512 538 2550 que
554 2498 745 2537 fraternus
767 2500 924 2539 nullum
940 2515 1003 2539 me
1023 2502 1169 2555 patitur
1184 2502 1305 2540 officii
1325 2516 1415 2555 erga
1431 2512 1467 2540 te
1488 2502 1681 2554 studiique
1697 2515 1841 2541 munus

460 2573 528 2603 aut
549 2573 704 2617 tempus
725 2567 1034 2619 praetermittere.
1067 2567 1154 2612 Sed,
1173 2581 1258 2619 quae
1279 2567 1418 2606 faciam
1441 2568 1681 2621 fecerimque
1699 2582 1770 2621 pro
1788 2577 1839 2614 te,

1448 2635 1487 2671 T
1518 2646 1539 2672 2
