2351 2997
506 347 584 399 336
852 343 1537 382 EPISTOLARUM
1789 352 1802 372 a

506 446 647 483 tiflime
669 444 768 482 mihi
789 445 952 496 gratiam
974 442 1188 480 retulerunt
1207 457 1215 479 :
1249 454 1337 478 nam
1369 455 1438 478 nec
1468 443 1507 479 in
1533 441 1748 480 honoribus
1769 443 1882 488 meis,

508 525 580 548 nec
615 512 654 547 in
688 510 902 552 laboribus,
935 521 1108 559 unquam
1138 505 1362 543 defuerunt.
1407 508 1515 543 'Cum
1545 508 1690 558 quibus
1723 509 1748 545 fi
1783 508 1884 546 mihi

508 576 618 614 nulla
638 575 746 612 causa
766 573 1035 617 intercederet,
1054 582 1197 616 tamen,
1215 572 1321 623 quod
1344 581 1380 608 te
1395 571 1726 610 vehementiffime
1746 573 1884 625 diligo,

507 639 693 692 quodque
715 653 777 676 me
798 652 818 675 a
839 649 875 675 te
896 639 1059 690 plurimi
1078 637 1161 674 fieri
1182 637 1318 681 sentio,
1350 646 1388 673 et
1409 651 1608 674 monerem
1631 647 1667 674 te
1694 647 1731 675 et
1751 637 1886 675 horta-

509 718 583 749 rer,
616 713 659 742 ut
687 717 822 741 eorum
847 702 1016 740 fortunis
1039 701 1271 745 consuleres,
1301 701 1513 752 praesertim
1535 716 1626 739 cum
1648 716 1767 754 prope
1786 717 1886 754 prae-

510 771 668 821 cipuam
689 769 839 806 causam
860 768 1047 805 haberent
1079 767 1124 804 ad
1147 768 1213 818 jus
1241 766 1528 804 obtinendum:
1561 768 1750 819 primum,
1782 767 1889 820 quod

513 835 658 885 Syllani
680 835 865 886 temporis
886 834 1137 871 acerbitatem
1158 832 1320 870 deorum
1340 832 1625 870 immortalium
1647 833 1888 884 benignitate

511 899 856 951 subterfugerunt5
888 898 1041 943 deinde,
1073 897 1179 949 quod
1200 897 1353 934 summo
1374 896 1499 934 studio
1519 898 1657 949 populi
1678 898 1848 935 Romani
1869 912 1889 934 a

512 979 574 1002 me
595 966 635 1002 in
657 964 859 1002 consulatu
881 977 969 1001 meo
989 962 1133 1000 defenfi
1153 962 1257 1000 sunt.
1305 963 1410 1000 Cum
1437 962 1587 999 tribuni
1615 963 1739 1014 plebis
1761 963 1890 1014 legem

514 1030 793 1081 iniquiffimam
821 1029 867 1066 de
893 1043 1028 1066 eorum
1055 1029 1154 1079 agris
1183 1026 1555 1079 promulgaviffent5
1587 1027 1702 1064 facile
1734 1028 1891 1065 Senatui

512 1095 740 1146 populoque
761 1095 942 1131 Romano
963 1093 1139 1145 persuafi,
1171 1102 1215 1129 ut
1244 1105 1307 1129 eos
1330 1092 1447 1136 cives,
1477 1092 1623 1144 quibus
1645 1091 1801 1129 fortuna
1821 1106 1890 1144 pe-

513 1160 703 1211 percisset,
735 1160 855 1197 salvos
876 1159 947 1196 effe
968 1159 1127 1197 vellent.
1174 1159 1291 1195 Hanc
1319 1158 1510 1195 actionem
1538 1172 1665 1195 meam
1696 1160 1743 1195 C.
1768 1158 1892 1195 Caesar

515 1225 643 1276 primo
671 1225 737 1262 suo
765 1225 967 1262 consulatu
995 1225 1035 1262 in
1063 1224 1148 1276 lege
1169 1223 1331 1275 Agraria
1360 1223 1646 1275 comprobavit,
1677 1237 1893 1275 agrumque

515 1290 814 1327 Volaterranum
834 1299 872 1327 et
892 1289 1084 1342 oppidum
1105 1289 1215 1325 omni
1235 1287 1411 1340 periculo
1435 1289 1475 1325 in
1498 1297 1730 1340 perpetuum
1750 1288 1894 1325 libera-

516 1355 595 1392 vit:
627 1364 669 1392 ut
691 1354 791 1392 mihi
813 1354 979 1392 dubium
1000 1368 1078 1391 non
1101 1353 1160 1398 fit,
1183 1353 1279 1405 quin
1301 1353 1347 1397 is,
1371 1353 1439 1404 qui
1461 1367 1576 1390 novas
1598 1353 1892 1391 ncceffitudines

514 1420 714 1471 adjungat,
737 1429 863 1457 vetera
882 1419 947 1457 sua
967 1419 1154 1456 beneficia
1174 1417 1388 1455 conservari
1409 1418 1517 1456 velit.
1550 1418 1818 1469 Qamobrem
1841 1418 1894 1455 est

516 1496 589 1524 tuae
610 1487 840 1538 prudentiae,
863 1495 928 1523 aut
948 1485 1053 1537 sequi
1075 1486 1158 1536 ejus
1179 1483 1463 1528 auctoritatem,
1486 1485 1597 1536 cujus
1620 1484 1758 1522 sectam
1778 1494 1895 1535 atque

513 1552 727 1603 imperium
747 1551 898 1588 summa
918 1564 1011 1588 cum
1032 1560 1098 1587 tua
1118 1549 1308 1601 dignitate
1329 1549 1481 1586 secutus
1503 1563 1540 1587 es
1558 1568 1569 1593 ς
1602 1559 1667 1587 aut
1700 1558 1802 1587 certe
1833 1549 1894 1586 illi

513 1617 708 1667 integram
734 1628 894 1653 omnem
922 1614 1074 1652 causam
1101 1614 1300 1651 reservare.
1349 1613 1455 1650 Illud
1485 1627 1575 1651 vero
1607 1613 1784 1651 dubitare
1816 1627 1895 1651 non

513 1681 647 1725 debes,
678 1680 774 1732 quin
795 1689 877 1717 tam
896 1693 1024 1731 grave,
1057 1688 1136 1716 tam
1156 1678 1332 1723 firmum,
1364 1687 1444 1715 tam
1468 1677 1689 1723 honestum,
1721 1678 1895 1716 munici-

514 1745 627 1797 pium
660 1745 734 1782 tibi
764 1754 831 1782 tuo
862 1744 1015 1782 summo
1046 1742 1237 1781 beneficio
1265 1744 1305 1780 in
1333 1752 1567 1796 perpetuum
1597 1744 1763 1795 obligari
1783 1744 1894 1781 velis.

516 1811 589 1848 Sed
619 1810 716 1855 haec,
748 1824 832 1861 quae
863 1810 975 1862 supra
995 1810 1135 1862 scripta
1155 1809 1258 1854 sunt,
1290 1823 1335 1847 eo
1368 1809 1553 1861 spectant,
1585 1819 1628 1847 ut
1650 1819 1686 1847 te
1706 1809 1838 1848 horter
1858 1819 1897 1847 et

516 1874 707 1912 suadeam.
755 1874 925 1926 Reliqua
945 1874 1048 1918 sunt,
1079 1887 1165 1925 quae
1186 1874 1384 1924 pertinent
1405 1873 1451 1910 ad
1471 1874 1715 1924 rogandum3
1749 1883 1792 1911 ut
1817 1887 1896 1911 non

516 1940 643 1978 solum
664 1950 728 1977 tua
747 1940 857 1977 causa
878 1940 952 1976 tibi
973 1940 1179 1977 confilium
1201 1952 1264 1976 me
1285 1939 1372 1976 dare
1392 1947 1520 1990 putes,
1552 1939 1614 1975 sed
1635 1940 1767 1984 etiam,
1790 1939 1896 1990 quod

516 2004 617 2042 mihi
639 2018 736 2056 opus
758 2004 816 2048 fit,
849 2017 912 2040 me
938 2017 958 2040 a
988 2013 1024 2040 te
1053 2012 1181 2055 petere
1207 2012 1246 2040 et
1278 2017 1423 2055 rogare.
1472 2003 1741 2041 Gratiffimum
1775 2005 1898 2055 igitur

516 2069 617 2107 mihi
639 2068 790 2113 feceris,
823 2068 847 2105 fi
880 2068 1152 2106 Volaterranos
1181 2068 1367 2105 omnibus
1398 2068 1511 2106 rebus
1540 2069 1711 2120 integros
1740 2069 1897 2106 incolu-

518 2134 675 2186 mesque
695 2133 766 2171 effe
786 2133 969 2171 volueris.
1003 2135 1153 2171 Eorum
1174 2146 1246 2184 ego
1268 2132 1483 2177 domicilia,
1506 2133 1625 2178 sedes,
1648 2147 1744 2178 rem,
1767 2133 1897 2171 fortu-

518 2213 600 2244 nas,
632 2212 716 2250 quae
746 2208 783 2236 et
813 2211 833 2235 a
859 2198 932 2235 diis
961 2198 1251 2236 immortalibus
1279 2208 1317 2236 et
1337 2212 1357 2235 a
1377 2198 1690 2250 praestantiffimis
1712 2200 1752 2236 in
1775 2198 1900 2236 nostra

518 2264 718 2316 republica
738 2263 904 2306 civibus,
938 2262 1092 2300 summo
1123 2264 1282 2300 Senatus
1312 2262 1530 2314 populique
1558 2263 1730 2300 Romani
1755 2263 1896 2308 studio,

515 2328 746 2366 conservatae
777 2328 879 2372 sunt,
913 2337 987 2365 tuae
1015 2328 1120 2372 fidei,
1146 2327 1321 2380 justitiae,
1354 2328 1613 2379 bonitatique,
1645 2328 1896 2367 commendo.

519 2394 559 2431 Si
579 2407 649 2445 pro
671 2394 767 2430 meis
789 2393 959 2445 pristinis
980 2394 1121 2445 opibus
1143 2392 1371 2430 facultatem
1401 2392 1502 2430 mihi
1533 2407 1589 2431 res
1620 2393 1696 2431 hoc
1725 2402 1900 2445 tempore

516 2459 639 2503 daret,
671 2467 715 2496 ut
746 2458 800 2494 ita
833 2457 1038 2496 defendere
1071 2457 1216 2510 poffem
1246 2458 1535 2503 Volaterranos,
1566 2458 1898 2510 quemadmodum

518 2522 701 2561 consuevi
722 2522 822 2560 tueri
842 2536 948 2561 meos
966 2542 977 2568 ;
1011 2523 1168 2560 nullum
1186 2522 1379 2568 officium,
1406 2523 1564 2561 nullum
1583 2523 1751 2574 denique
1772 2531 1896 2559 certa—

518 2602 625 2633 men,
644 2589 684 2626 in
705 2602 784 2641 quo
804 2588 883 2627 illis
900 2588 1070 2641 prodeffe
1091 2588 1252 2641 poffem,
1271 2590 1621 2642 praetermitterem.
1656 2588 1726 2626 Sed
1743 2587 1898 2639 quando
