2351 2997
659 224 751 261 AD
810 220 1281 259 FAMILIARES
1342 221 1473 259 LIB.
1519 222 1551 259 Ι.
1753 238 1795 264 11

412 328 528 366 etiam
548 323 696 363 salutis.
732 323 889 361 Poterat
909 332 1123 375 utrumque
1143 323 1339 376 praeclare,
1370 324 1396 361 sl
1418 323 1507 361 effet
1528 323 1638 367 fides,
1662 324 1688 361 fi
1710 337 1799 376 gra*

412 394 523 436 vitas,
546 390 587 428 in
608 389 840 428 hominibus
863 389 1157 427 consularibus:
1182 389 1244 427 sed
1267 398 1372 427 tanta
1391 389 1444 427 est
1465 390 1505 427 in
1527 389 1721 442 plerisque
1742 390 1800 427 le-

412 458 523 502 vitas,
556 465 599 494 ut
620 469 699 501 eos,
732 469 811 494 non
833 465 911 494 tam
933 455 1148 493 constantia
1176 456 1217 493 in
1248 455 1450 508 republica
1475 455 1600 493 nostra
1620 455 1799 501 deleoet,

411 536 531 575 quarn
553 522 735 575 splendor
754 521 940 559 offendat.
973 521 1095 572 Qod
1116 535 1160 559 eo
1182 521 1371 560 libentius
1392 521 1439 559 ad
1461 531 1498 560 te
1520 522 1661 567 scribo,
1693 522 1801 575 quod

412 598 454 627 tu
473 603 550 627 non
569 588 696 626 solum
713 588 958 640 temporibus
980 588 1042 633 iis,
1061 602 1147 640 quae
1164 601 1232 640 per
1249 597 1285 625 te
1301 588 1387 625 sum
1404 589 1581 640 adeptus,
1599 588 1663 626 sed
1683 589 1802 627 etiam

411 655 510 693 olim
535 655 707 692 nascenti
738 667 859 706 prope
889 653 1024 691 nostrae
1053 653 1174 698 laudi,
1205 653 1406 706 dignitati,
1438 654 1669 707 virtutique,
1701 669 1801 707 prae-

410 720 546 765 fuisti;
580 721 773 773 simulque
793 720 899 773 quod
922 720 1048 765 video,
1083 734 1175 765 non,
1209 730 1252 758 ut
1273 720 1436 758 antehac
1457 721 1660 773 putabam,
1687 724 1802 759 novi-

411 787 482 824 tati
503 785 575 824 effe
597 787 765 824 invisum
788 799 905 830 meae;
930 786 970 823 in
992 795 1030 823 te
1050 787 1158 824 enim
1179 785 1342 824 homine
1358 788 1540 824 omnium
1562 787 1803 825 nobiliflimo

412 853 553 890 similia
573 852 798 891 invidorum
821 853 915 890 vitia
936 852 1135 905 perspexi;
1159 866 1278 905 quem
1300 862 1431 891 tamen
1453 853 1514 891 illi
1535 853 1607 892 effe
1627 853 1668 891 in
1691 855 1802 905 prin·-

412 919 568 971 cipibus
591 918 706 956 facile
728 918 817 956 sunt
838 919 943 971 pafli,
975 919 1125 957 evolare
1151 919 1267 957 altius
1290 928 1394 957 certe
1415 919 1641 958 noluerunt.
1690 920 1802 957 Gau-

413 985 485 1023 deo
506 995 615 1023 tuam
645 985 871 1022 diffimilem
901 984 1014 1022 fuisse
1042 984 1273 1030 fortunam5
1305 986 1481 1024 multum
1502 986 1608 1024 enim
1630 986 1804 1029 interest,

414 1061 549 1089 utrum
570 1052 652 1089 laus
678 1051 953 1096 imminuatur,
986 1065 1033 1088 an
1063 1052 1160 1089 salus
1189 1051 1396 1090 deseratur.
1444 1052 1515 1089 Me
1547 1066 1642 1091 meae
1674 1062 1805 1091 tamen

414 1130 462 1154 ne
483 1117 602 1154 nimis
624 1117 847 1168 poeniteret‚
881 1125 946 1154 tua
975 1118 1120 1154 virtute
1150 1117 1368 1169 perfectum
1398 1117 1478 1162 est3
1511 1118 1651 1156 curasti
1680 1120 1803 1162 enim,

414 1191 458 1220 ut
479 1182 568 1234 plus
589 1182 768 1220 additum
790 1182 835 1219 ad
859 1183 1091 1220 memoriam
1114 1183 1285 1220 nominis
1308 1183 1442 1228 nostri,
1460 1197 1579 1235 quarn
1597 1184 1805 1237 demptum

415 1248 461 1286 de
481 1247 655 1293 fortuna,
673 1248 883 1286 videretur.
908 1250 970 1286 Te
985 1262 1076 1286 vero
1092 1262 1250 1294 moneo,
1269 1263 1361 1287 cum
1383 1249 1583 1287 beneficiis
1606 1251 1700 1295 tuis,
1719 1260 1806 1290 tum

414 1327 545 1352 amore
565 1314 752 1352 incitatus
774 1328 876 1359 meo,
910 1323 954 1352 ut
983 1327 1144 1352 omnem
1174 1315 1356 1366 gloriam,
1387 1315 1434 1353 ad
1458 1329 1578 1367 quam
1598 1329 1619 1354 a
1638 1317 1807 1370 pueritia

414 1381 681 1419 inflammatus
698 1380 820 1425 fuisti,
838 1381 949 1419 omni
970 1395 1062 1419 cura
1078 1391 1193 1433 atque
1209 1381 1397 1419 industria
1411 1382 1668 1435 consequare;
1692 1397 1805 1437 mag-

414 1447 721 1500 nitudinemque
756 1448 879 1485 animi
914 1448 987 1492 tui,
1020 1461 1140 1500 quam
1174 1462 1247 1500 ego
1277 1448 1427 1501 semper
1458 1449 1544 1487 sum
1575 1449 1805 1496 admiratus,

416 1515 645 1568 semperque
683 1516 832 1560 amavi,
874 1529 921 1553 ne
957 1529 1133 1568 unquam
1174 1515 1346 1554 inficetas
1380 1516 1613 1569 cujusquam
1647 1517 1805 1569 injuria.

416 1582 568 1633 Magna
591 1581 644 1619 est
675 1580 887 1619 hominum
918 1582 1054 1634 opinio
1076 1582 1122 1619 de
1144 1591 1195 1627 te,
1228 1596 1370 1635 magna
1390 1583 1683 1622 commendatio
1703 1584 1807 1623 libe-

418 1647 596 1691 ralitatis,
628 1661 769 1699 magna
790 1648 979 1685 memoria
999 1648 1222 1686 consulatus
1246 1649 1318 1687 tui.
1366 1649 1464 1687 Haec
1495 1649 1670 1702 profe&o
1701 1650 1808 1690 vides

417 1722 566 1765 quanto
604 1712 834 1765 expreffiora
873 1722 1101 1766 quantoque
1143 1714 1353 1752 illustriora
1397 1714 1530 1753 futura
1569 1716 1642 1754 fint
1656 1745 1668 1761 ‚
1713 1731 1809 1756 cum

418 1779 666 1831 aliquantum
696 1792 745 1817 ex
777 1779 979 1831 provincia
1010 1789 1126 1832 atque
1157 1793 1204 1818 ex
1236 1780 1404 1833 imperio
1436 1781 1561 1820 laudis
1595 1782 1807 1823 accesserit.

418 1845 659 1898 Qanquam
692 1854 730 1883 te
761 1845 815 1883 ita
845 1859 976 1898 gerere
1007 1846 1112 1891 volo,
1144 1860 1231 1899 quae
1259 1860 1329 1898 per
1352 1847 1571 1886 exercitum
1592 1857 1710 1902 atque
1729 1850 1809 1888 im-

419 1912 572 1965 perium
593 1910 760 1963 gerenda
780 1911 884 1958 sunt,
917 1920 961 1950 ut
981 1911 1064 1951 haec
1086 1912 1216 1950 multo
1235 1921 1324 1951 ante
1344 1912 1548 1959 meditere,
1579 1913 1659 1954 huc
1681 1924 1719 1953 te
1738 1930 1808 1968 pa-

419 1991 493 2023 res,
516 1977 598 2015 haec
619 1977 783 2030 cogites,
807 1978 853 2016 ad
874 1977 956 2016 haec
979 1988 1016 2016 te
1036 1992 1237 2024 εχει-06353
1261 1979 1475 2032 sentiasque
1497 1980 1551 2026 id,
1574 1981 1696 2033 quod,
1719 1982 1813 2035 quia

419 2043 571 2096 semper
591 2044 759 2097 sperasti,
792 2058 870 2082 non
892 2045 1034 2083 dubito
1055 2046 1152 2098 quin
1173 2045 1336 2098 adeptus
1358 2046 1572 2099 intelligas,
1603 2056 1641 2085 te
1662 2047 1811 2087 facilli-

420 2124 484 2148 me
506 2110 608 2162 poffe
629 2110 807 2149 obtinere
828 2111 1028 2149 summum
1050 2121 1167 2165 atque
1187 2112 1417 2152 altifiimum
1438 2114 1603 2166 gradum
1623 2115 1811 2155 civitatis.

421 2176 521 2227 Qae
542 2176 705 2229 quidem
727 2191 812 2215 mea
833 2177 1054 2216 cohortatio
1075 2193 1123 2216 ne
1145 2179 1220 2216 tibi
1241 2179 1383 2224 inanis,
1415 2190 1481 2218 aut
1502 2181 1579 2219 fine
1600 2181 1710 2219 causa
1730 2181 1813 2220 sus-

421 2251 548 2294 cepta,
576 2243 777 2289 videatur3
810 2244 878 2282 illa
910 2259 974 2282 me
1001 2246 1100 2283 ratio
1126 2245 1267 2291 movit,
1301 2255 1344 2283 ut
1366 2255 1402 2283 te
1423 2260 1470 2284 ex
1499 2247 1636 2285 nostris
1665 2248 1813 2286 eventis

423 2310 704 2348 communibus
725 2310 1020 2350 admonendum
1048 2322 1242 2365 putarem,
1275 2321 1319 2351 ut
1348 2313 1605 2352 confiderares
1634 2315 1676 2352 in
1704 2315 1815 2353 omni

425 2374 576 2426 reliqua
596 2376 674 2414 vita
694 2377 840 2430 quibus
862 2378 1052 2424 crederes,
1085 2393 1183 2432 quos
1205 2393 1373 2418 caveres.

482 2440 603 2492 Qod
624 2441 760 2481 scribis
782 2454 819 2482 te
839 2445 939 2483 velle
961 2445 1070 2491 scire,
1103 2446 1172 2498 qui
1203 2446 1249 2484 fit
1280 2446 1507 2499 reipublicae
1527 2447 1644 2485 status
1663 2466 1674 2492 ;
1707 2447 1814 2485 sum-

427 2521 492 2545 ma
511 2506 688 2548 diffenfio
707 2510 774 2555 est,
807 2511 869 2549 sed
891 2513 1095 2552 contentio
1115 2512 1256 2566 dispar.
1305 2514 1411 2551 Nam
1442 2514 1512 2565 qui
1542 2515 1631 2566 plus
1657 2513 1813 2566 opibus,

1434 2580 1461 2616 B
1494 2592 1515 2617 2
