2351 2997
682 300 775 337 AD
834 296 1305 335 FAMILIARES
1365 298 1498 336 LIB.
1551 301 1624 339 IX.
1770 315 1847 356 Q

459 397 724 437 verecundos:
758 396 857 435 nosti
877 397 984 434 enim
1005 396 1181 450 profecto
1209 410 1252 435 os
1284 398 1367 450 ejus
1398 398 1712 438 adolescentioris
1743 401 1850 438 Aca-

460 463 611 501 demiae.
658 463 719 500 Ex
752 476 795 500 ea
826 462 949 514 igitur
979 463 1108 501 media
1135 464 1324 502 excitatos
1354 465 1454 510 misi,
1487 465 1556 517 qui
1586 474 1722 504 metuo
1744 480 1791 503 ne
1814 475 1852 503 te

460 528 567 566 forte
587 527 765 579 flagitent
783 543 792 566 :
825 541 898 580 ego
918 536 1050 566 autem
1071 529 1266 575 mandavi,
1289 538 1332 567 ut
1354 540 1548 582 rogarent.
1584 531 1852 583 Expectabam

459 592 624 630 omnino
650 591 820 644 jamdiu,
852 606 994 644 meque
1026 592 1275 639 sustinebam,
1307 607 1355 632 ne
1381 594 1427 631 ad
1457 604 1493 632 te
1522 595 1630 647 prius
1653 595 1733 648 ipse
1754 594 1853 648 quid

461 657 684 703 scriberem,
716 671 834 710 quam
855 658 1006 710 aliquid
1026 658 1269 710 accepissem,
1302 669 1344 698 ut
1371 660 1517 711 poffem
1546 669 1583 697 te
1612 661 1852 699 remunerari

462 737 582 776 quam
605 723 809 769 fimillimo
839 737 1015 762 munere.
1063 724 1150 769 Sed,
1181 738 1274 762 cum
1296 733 1339 762 tu
1362 725 1507 763 tardius
1529 724 1689 771 faceres,
1721 727 1761 764 id
1781 726 1850 771 est,

462 800 506 827 ut
538 803 610 841 ego
642 789 891 841 interpretor,
923 789 1179 841 diligentius,
1213 791 1336 829 teneri
1362 804 1439 828 non
1462 793 1590 844 potui,
1623 793 1720 844 quin
1753 806 1852 830 con-

455 856 705 908 junctionem
727 854 944 893 studiorum
965 855 1185 908 amorisque
1207 856 1340 901 nostri,
1374 871 1453 909 quo
1474 857 1619 909 possem
1649 858 1853 896 literarum

461 933 617 972 genere,
649 919 898 958 declararem.
944 921 1036 958 Feci
1067 921 1189 972 igitur
1214 921 1432 959 sermonem
1453 922 1555 959 inter
1576 935 1646 960 nos
1667 922 1852 960 habitum

462 986 504 1023 in
527 986 723 1030 Cumano,
755 998 849 1023 cum
869 984 959 1023 effet
980 999 1056 1023 una
1078 986 1349 1039 Pomponius:
1383 987 1457 1024 tibi
1489 987 1578 1025 dedi
1607 997 1732 1040 partes
1763 989 1852 1025 An-

463 1049 673 1095 tiochinas,
705 1063 799 1102 quas
831 1063 851 1088 a
880 1060 917 1088 te
945 1051 1102 1103 probari
1131 1051 1364 1090 intellexisse
1396 1051 1497 1089 mihi
1530 1053 1715 1091 videbar:
1749 1052 1853 1091 mihi

466 1115 607 1167 sumpfi
636 1114 832 1153 Philonis.
880 1115 982 1153 Puto
1011 1115 1110 1161 fore,
1142 1125 1200 1161 ut,
1232 1130 1325 1154 cum
1346 1117 1501 1168 legeris,
1533 1118 1687 1163 mirere,
1721 1132 1789 1156 nos
1812 1118 1853 1155 id

464 1180 619 1218 locutos
640 1180 712 1218 effe
733 1180 835 1218 inter
855 1194 940 1226 nos,
971 1181 1077 1233 quod
1099 1195 1301 1234 nunquam
1322 1182 1446 1220 locuti
1470 1182 1601 1220 sumus
1621 1199 1628 1221 :
1662 1183 1725 1221 sed
1754 1183 1853 1221 nosti

465 1260 615 1284 morem
637 1246 897 1298 dialogorum.
945 1246 1034 1284 Post
1054 1246 1136 1285 haec
1158 1257 1303 1293 autem,
1336 1249 1392 1285 mi
1415 1249 1552 1294 Varro,
1584 1263 1701 1300 quam
1723 1250 1852 1302 pluri·

464 1325 541 1356 ma,
574 1312 599 1349 fi
620 1311 787 1356 videtur,
819 1321 856 1349 et
878 1312 924 1349 de
945 1312 1058 1350 nobis
1081 1313 1182 1350 inter
1204 1327 1272 1351 nos
1293 1329 1301 1351 ε
1335 1313 1415 1351 sero
1437 1313 1589 1352 fortaffe
1609 1330 1617 1352 ε
1651 1314 1713 1352 sed
1736 1315 1852 1367 supe-

464 1378 612 1414 riorum
644 1385 868 1428 temporum
899 1376 1057 1414 fortuna
1086 1378 1313 1430 reipublicae
1344 1379 1496 1416 causam
1530 1379 1736 1418 sustineat:
1769 1379 1852 1419 haec

462 1443 533 1495 ipfi
554 1443 726 1495 praestare
748 1443 950 1481 debemus.
997 1446 1132 1496 Atque
1153 1444 1306 1482 utinam
1327 1446 1471 1497 quietis
1494 1447 1756 1498 temporibus,
1789 1457 1850 1485 at-

463 1522 540 1561 que
571 1509 720 1561 aliquo,
753 1508 779 1546 fi
800 1522 880 1546 non
902 1509 1035 1554 bono,
1053 1518 1091 1547 at
1112 1509 1247 1547 saltem
1268 1520 1390 1555 certo,
1423 1511 1520 1548 statu
1551 1513 1736 1557 civitatis,
1768 1512 1852 1551 haec

464 1574 566 1612 inter
587 1587 657 1612 nos
685 1574 809 1611 studia
837 1588 1013 1613 exercere
1043 1575 1251 1627 possemus.
1299 1578 1538 1629 Qanquam
1572 1586 1658 1615 tum
1690 1578 1854 1630 quidem

465 1640 527 1678 vel
557 1640 639 1677 aliae
666 1641 860 1691 quaepiam
891 1641 1057 1678 rationes
1089 1640 1265 1679 honestas
1289 1643 1402 1680 nobis
1423 1652 1461 1681 et
1482 1656 1590 1681 curas
1618 1653 1657 1681 et
1683 1645 1852 1682 affiones

466 1705 626 1743 darent:
660 1718 765 1742 nunc
797 1714 926 1742 autern
958 1706 1054 1757 quid
1084 1706 1151 1750 est,
1184 1707 1261 1745 fine
1295 1707 1357 1745 his
1389 1722 1460 1746 cur
1494 1710 1620 1746 vivere
1649 1710 1850 1748 velimus?

468 1768 578 1808 Mihi
599 1784 687 1808 vero
708 1784 800 1808 cum
822 1769 882 1808 his
906 1771 993 1823 ipfis
1015 1772 1080 1809 vix
1100 1787 1125 1809 :-
1140 1770 1202 1808 his
1224 1782 1354 1810 autem
1376 1773 1571 1818 detractis,
1603 1788 1650 1812 ne
1672 1776 1736 1812 vix
1758 1776 1850 1827 qui-

468 1836 572 1873 dem.
620 1835 691 1873 Sed
719 1834 800 1873 haec
828 1849 958 1874 coram
979 1846 1017 1874 et
1044 1837 1195 1889 saepius.
1242 1838 1527 1890 Migrationem
1548 1849 1586 1877 et
1607 1840 1853 1892 emptionem

467 1899 637 1938 feliciter
674 1901 826 1938 evenire
860 1901 964 1946 volo,
1009 1911 1202 1953 tuumque
1238 1903 1277 1939 in
1312 1916 1355 1940 ea
1389 1917 1427 1941 re
1462 1904 1671 1942 confilium
1707 1906 1850 1957 probo.

468 1966 573 2003 Cura
593 1974 636 2003 ut
657 1966 794 2004 valeas.

689 2167 1086 2206 DOLABELLA
1128 2170 1456 2208 CICERONI
1499 2171 1537 2209 S.
1571 2172 1626 2209 D.

471 2295 544 2333 IX.
563 2294 660 2367 SI
682 2293 793 2337 vales,
812 2294 947 2346 gaudeo
962 2311 975 2333 :
1006 2303 1040 2333 et
1061 2295 1129 2348 ipse
1150 2295 1263 2339 valeo,
1294 2304 1329 2334 et
1350 2294 1469 2335 Tullia
1488 2297 1604 2349 nostra
1625 2301 1717 2337 reffffe
1736 2299 1849 2338 valet.

643 2355 812 2397 ‘Terentia
832 2360 946 2398 minus
966 2359 1049 2398 belle
1068 2359 1194 2399 habuit
1207 2376 1220 2398 .·
1230 2359 1301 2414 sed
1315 2370 1452 2401 certum
1457 2363 1536 2414 scio
1542 2363 1625 2413 jam
1645 2364 1852 2416 convalztff

469 2439 557 2464 eam.
590 2426 780 2463 Praeterea
799 2425 976 2475 reffffme
982 2425 1076 2479 sunt
1095 2425 1194 2478 apud
1209 2435 1244 2464 te
1262 2426 1390 2465 omnia.
1429 2428 1514 2477 Ezst
1530 2429 1623 2466 nullo
1642 2438 1794 2481 tempore
1814 2430 1852 2467 in

453 2490 687 2543 ficspicionem
707 2488 776 2527 tibi
791 2489 895 2527 debui
910 2491 1047 2534 venire,
1070 2491 1238 2543 partium
1257 2493 1363 2543 cazfsa
1374 2492 1510 2545 potius,
1541 2508 1646 2545 quam
1676 2503 1754 2537 tua,
1785 2494 1856 2532 tibi

454 2555 623 2610 ficadere,
646 2564 689 2594 ut
707 2564 743 2594 te
760 2563 826 2594 aut
845 2569 922 2594 cum
945 2556 1086 2607 Caesare
1101 2556 1339 2609 nobfizcmque
1358 2559 1597 2610 conjungeres,
1615 2566 1681 2596 aut
1700 2566 1794 2597 certe
1813 2558 1851 2598 in
