2351 2997
519 272 594 312 228
863 271 1542 310 EPISTOLARUM

516 374 709 411 abierunt.
744 373 849 410 Nam
869 385 1027 408 omnem
1048 370 1213 407 nostram
1235 369 1280 406 de
1301 369 1500 420 republica
1515 382 1662 413 curam,
1680 369 1886 420 cogitatio-

518 452 607 476 nem
625 438 670 474 de
687 436 848 474 dicenda
863 436 903 472 in
921 435 1050 472 senatu
1068 434 1268 476 sententia,
1287 434 1659 471 commentationem
1675 435 1887 478 causarum,

518 503 747 553 abjecimus.
782 501 828 537 In
850 500 1012 550 Epicuri
1035 511 1104 535 nos
1125 497 1323 535 adversarii
1346 497 1463 534 nostri
1483 497 1600 535 castra
1619 499 1859 550 conjecimus
1878 514 1886 537 :

517 580 588 604 nec
611 574 737 602 tamen
759 564 805 601 ad
825 563 925 601 hanc
947 562 1192 600 insolentiam
1210 580 1220 606 3
1254 561 1314 599 sed
1347 561 1392 598 ad
1422 561 1531 598 illam
1553 571 1659 599 tuam
1679 563 1887 607 lautitiam,

516 641 684 669 veterem
707 630 809 674 dico,
841 643 933 667 cum
955 629 993 665 in
1017 628 1217 680 sumptum
1238 627 1404 664 habebas
1423 642 1432 665 ε
1464 627 1530 664 etfi
1559 641 1759 678 nunquam
1780 628 1891 679 plura

517 695 657 748 praedia
677 694 859 732 habuisti.
906 692 1073 731 Proinde
1102 702 1137 729 te
1169 705 1255 743 para
1275 707 1282 730 ε
1315 705 1406 729 cum
1428 691 1588 729 homine
1608 692 1714 728 edaci
1738 692 1809 728 tibi
1832 705 1889 728 res

515 762 582 806 est,
601 770 637 798 et
654 761 722 813 qui
737 761 819 811 jam
837 759 985 810 aliquid
1007 758 1213 808 intelligat.
1246 751 1452 803 (δ’ψμυιθέις
1471 767 1600 794 autem
1618 757 1796 794 homines
1818 757 1888 794 scis

515 841 632 878 quam
654 825 861 863 insolentes
884 824 969 861 fint.
1018 821 1268 860 Dediscendae
1291 821 1363 858 tibi
1391 821 1478 858 sunt
1499 822 1688 873 sportellae
1717 832 1755 859 et
1784 831 1887 859 arto-

516 891 643 943 lagani
666 891 736 927 tui.
770 890 854 927 Nos
872 890 953 940 jam
975 889 1063 925 artis
1087 897 1239 924 tantum
1260 885 1463 930 habemus,
1491 895 1534 923 ut
1555 887 1736 923 Verrium
1759 896 1887 930 tuum,

515 965 553 994 et
575 955 816 998 Camillum„
839 967 914 1005 qua
938 952 1132 989 munditia
1158 951 1337 988 homines
1357 951 1369 987 ?
1402 964 1477 1001 qua
1505 951 1724 1001 elegantia?
1756 965 1890 988 vocare

517 1021 652 1072 saepius
683 1019 904 1057 audeamus,
952 1017 1023 1054 Sed
1054 1016 1140 1054 vide
1170 1015 1396 1053 audaciam:
1429 1015 1547 1052 etiam
1574 1015 1711 1052 Hirtio
1738 1029 1890 1053 coenam

515 1086 631 1129 dedi,
665 1085 741 1122 fine
761 1096 908 1135 pavone
929 1092 1071 1120 tamen.
1119 1083 1164 1118 In
1190 1094 1231 1117 ea
1251 1093 1360 1117 ccena
1380 1093 1496 1116 cocus
1518 1093 1642 1124 meus,
1673 1089 1809 1132 praeter
1823 1082 1889 1132 jus

515 1150 681 1194 fervens,
713 1148 814 1186 nihil
836 1148 965 1200 potuit
986 1147 1146 1184 imitari.
1193 1146 1290 1183 Haec
1312 1145 1432 1196 igitur
1453 1144 1505 1181 est
1526 1158 1630 1182 nunc
1652 1145 1729 1182 vita
1749 1145 1887 1184 nostra.

516 1216 634 1252 Mane
657 1213 863 1251 salutamus
881 1212 989 1249 domi
1009 1221 1045 1249 et
1068 1212 1189 1248 bonos
1206 1211 1307 1247 viros
1330 1209 1491 1253 multos,
1514 1208 1576 1246 sed
1598 1209 1735 1254 tristes,
1758 1219 1796 1247 et
1816 1209 1888 1248 hos

514 1281 622 1318 laetos
643 1280 833 1322 victore&
866 1278 935 1329 qui
964 1291 1027 1314 me
1053 1276 1214 1328 quidem
1238 1273 1476 1327 perofficiose
1496 1283 1533 1311 et
1555 1284 1794 1325 peramanter
1814 1275 1887 1312 ob-

515 1345 677 1383 servant.
711 1343 792 1380 Ubi
814 1342 991 1380 salutatio
1012 1341 1189 1386 defluxit,
1218 1340 1340 1377 literis
1361 1352 1423 1376 me
1444 1338 1601 1375 involvo
1616 1358 1628 1382 5
1660 1348 1725 1376 aut
1746 1339 1886 1384 scribo,

515 1419 579 1448 aut
600 1410 701 1461 lego.
730 1409 907 1445 Veniunt
927 1407 1059 1450 etiam,
1077 1406 1146 1457 qui
1165 1418 1228 1442 me
1248 1404 1426 1447 audiunt,
1448 1403 1552 1455 quasi
1573 1403 1732 1458 doQum
1753 1402 1886 1441 homi-

515 1489 620 1520 nem,
647 1475 737 1527 quia
756 1473 872 1526 paulo
893 1473 992 1517 sum,
1024 1485 1142 1524 quam
1162 1470 1246 1523 ipfi,
1278 1469 1439 1507 doetior.
1484 1468 1578 1506 Inde
1599 1460 1751 1520 coipori
1772 1480 1887 1508 omne

513 1551 668 1594 tempus
690 1539 814 1577 datur.
862 1538 1029 1576 Patriam
1057 1537 1163 1575 eluxi
1182 1538 1265 1588 jam
1286 1544 1323 1573 et
1343 1535 1495 1586 gravius
1515 1543 1554 1571 et
1574 1534 1738 1578 diutius,
1768 1549 1886 1586 quam

514 1607 592 1643 ulla
614 1614 735 1643 mater
755 1604 918 1642 unicum
940 1603 1082 1640 filium.
1115 1602 1186 1639 Sed
1207 1614 1311 1644 cura,
1335 1601 1360 1636 fi
1382 1613 1444 1636 me
1464 1611 1581 1642 amaS,
1605 1608 1648 1636 ut
1668 1599 1809 1637 valeas:
1840 1614 1888 1638 ne

512 1685 598 1722 ego,
618 1680 653 1708 te
668 1672 837 1722 jacente,
861 1664 961 1706 bona
982 1677 1046 1706 tua
1066 1666 1277 1706 comedim.
1312 1658 1562 1703 Statui'enim
1584 1663 1658 1702 tibi
1678 1677 1726 1702 ne
1745 1674 1889 1716 aegroto

512 1736 672 1787 quidem
693 1748 861 1788 parcere.

908 1936 1166 1972 Gremio
1218 1934 1404 1971 PAETo
1455 1932 1491 1968 S.

513 2063 733 2134 XXI.AI
752 2062 804 2100 N'
836 2061 1021 2099 tandem?
1044 2060 1207 2098 insanire
1228 2059 1303 2096 tibi
1323 2059 1478 2102 videris,
1501 2058 1607 2111 quod
1627 2057 1779 2096 imitere
1800 2073 1886 2097 ver-

735 2127 875 2164 borum
896 2139 1089 2169 meorum,
1107 2133 1150 2161 ut
1170 2123 1320 2167 scribis,
1344 2122 1536 2160 fulmina?
1559 2124 1670 2160 Tum
1685 2122 1887 2168 insanires,

511 2195 536 2232 fi
558 2192 742 2244 consequi
763 2205 841 2229 non
863 2190 981 2243 poss‘es
1002 2206 1010 2228 2
1043 2203 1134 2228 curn
1156 2202 1245 2226 vero
1266 2188 1384 2225 etiam
1405 2188 1550 2233 vincas,
1582 2201 1645 2225 me
1666 2188 1772 2239 prius
1793 2188 1884 2226 irri—

511 2261 612 2304 deas,
655 2271 773 2310 quarn
808 2266 858 2301 te,
901 2265 1068 2308 oportet.
1115 2254 1243 2303 Qare
1276 2252 1378 2290 nihil
1411 2253 1485 2290 tibi
1517 2266 1614 2304 opus
1648 2252 1700 2290 est
1734 2252 1835 2290 illud
1868 2266 1889 2290 a

510 2325 675 2367 Trabea,
694 2323 756 2359 sed
777 2322 909 2373 potius
929 2318 1129 2367 ἀπότευγμα
1149 2332 1297 2357 meum.
1320 2319 1586 2355 Veruntamen
1603 2317 1700 2369 quid
1721 2317 1795 2355 tibi
1815 2331 1888 2370 ego

509 2392 550 2428 in
570 2388 739 2441 epistolis
762 2386 893 2425 videor
912 2387 924 2423 ?
956 2397 1085 2422 nonne
1106 2384 1261 2436 plebeio
1282 2383 1455 2421 sermone
1481 2396 1590 2434 agere
1621 2392 1752 2420 tecum
1771 2383 1784 2419 ?
1816 2396 1887 2421 nec

509 2457 615 2494 enim
636 2454 783 2505 semper
803 2452 939 2490 eodem
960 2450 1092 2487 modo.
1116 2448 1226 2501 Qid
1247 2449 1352 2486 enim
1370 2448 1493 2486 simile
1508 2447 1626 2486 habet
1643 2447 1802 2500 epistola
1820 2457 1889 2485 aut

504 2520 670 2573 judicio,
701 2528 766 2557 aut
786 2516 1000 2556 concioni?
1032 2515 1143 2566 Qin
1173 2514 1252 2567 ipsa
1274 2514 1424 2567 judicia
1453 2526 1533 2552 non
1561 2513 1729 2552 solemus
1755 2512 1888 2551 omnia
