2351 2997
682 259 974 299 VARIAE

415 366 477 434 1{⁸⁶90
502 355 534 432 ¹13
558 395 675 422 vestrum
691 393 712 422 P
727 395 836 431 nostrum

502 444 539 470 14
560 435 685 462 nondum
702 434 728 470 ψ
743 437 770 464 d.

501 484 534 512 15
559 482 608 502 tuo
626 487 639 502 v
653 486 698 511 quo

500 523 532 542 21
560 524 594 541 ne
609 527 622 541 v
636 525 663 542 ne
678 525 706 542 ln

500 563 534 590 27
559 553 681 591 Syllanis
696 554 721 588 ψ
735 553 833 582 Sillani

421 603 473 632 291
523 603 537 621 2
560 593 659 621 habuit
673 607 686 621 υ
702 593 822 622 habuerit

519 644 537 668 4
559 633 626 660 scire
639 647 652 660 v
666 640 692 661 ff.

519 682 533 710 5
558 673 630 700 Vale
645 674 665 700 P
679 687 692 700 υ
707 675 735 701 d.

495 727 535 733 -
557 712 697 749 Eporedia
712 713 731 740 P
746 712 781 740 ab
795 713 922 749 Eporedia
932 724 956 745 v,
970 713 994 747 ψ
1006 712 1033 739 d.

518 753 534 779 8
556 751 605 788 qui
621 751 683 779 sunt
697 765 710 778 υ
724 753 750 780 d.

512 800 530 828 9
553 791 656 823 solum,
684 799 733 820 aut
759 803 773 818 υ
793 792 875 829 solum
900 790 1008 820 locutum
1037 797 1129 829 putas,

604 839 650 858 aut

500 879 533 906 ¹3
558 870 638 907 queri
653 870 673 897 P
689 871 754 898 dicit
767 873 841 908 queri

500 910 535 937 16
557 909 643 937 iidem
658 923 671 937 v
686 911 748 938 idem

500 959 538 984 24
558 949 593 977 de
608 949 650 977 his
666 948 692 983 ψ
707 951 734 977 α’.

495 1003 535 1010 -
557 989 597 1016 ita
612 989 728 1024 valdexla
742 989 768 1017 d.

498 1038 533 1065 ²5
556 1029 631 1056 enim
649 1030 667 1056 P
682 1043 706 1063 v,
719 1028 745 1063 ψ
758 1031 848 1057 etenim

495 1078 532 1106 27
553 1069 694 1106 praecipis.
722 1069 775 1096 Sed
790 1069 815 1103 ψ
826 1071 950 1106 praecipis
964 1077 992 1096 ut
1007 1078 1128 1097 caveam.

607 1109 657 1136 Sed

497 1157 535 1185 30
556 1158 648 1186 neque
664 1156 787 1177 metuam
804 1147 823 1175 P
838 1159 880 1177 nec
894 1154 972 1176 metuo

494 1189 723 1223 —etvfllfsed

417 1237 474 1266 292
517 1236 536 1264 4
557 1228 678 1256 maxime
704 1228 724 1256 P
747 1229 858 1256 maxime
884 1227 989 1265 coffiliis
1011 1231 1063 1257 tui:
1074 1230 1128 1265 ju-

599 1271 678 1300 vari,
701 1276 723 1295 et

516 1307 534 1335 6
554 1308 671 1336 vestrum
688 1321 700 1335 u
715 1309 820 1344 nostrum

515 1349 531 1375 8
554 1347 634 1375 vobis
651 1347 675 1381 ψ
687 1347 756 1374 nobir

498 1396 533 1415 10
554 1387 636 1414 Vale.
662 1387 756 1414 Pridie
772 1387 792 1414 P
807 1387 841 1414 II
852 1400 865 1415 υ
879 1387 969 1415 Pridie

496 1435 530 1463 13
553 1426 617 1454 Caii
633 1427 653 1454 P
668 1427 813 1464 C.fralris

495 1475 528 1494 21
555 1466 581 1494 se
595 1480 621 1498 υ,
637 1467 662 1500 ψ
675 1475 713 1493 me

495 1515 530 1543 23
555 1506 652 1534 Nutus
668 1514 730 1533 tuus
744 1519 758 1533 ν
773 1507 859 1535 Natus
873 1504 899 1541 ψ
914 1507 1005 1535 Nitius

493 1555 528 1581 27
551 1546 624 1573 Vale
639 1545 660 1573 P
674 1559 687 1572 υ
700 1547 727 1573 d.

514 1585 532 1613 6
553 1585 676 1613 debebas
691 1599 705 1612 v
719 1585 817 1614 debebis

497 1634 532 1653 10
553 1625 677 1662 poterint
691 1633 833 1663 upoterunt

498 1674 507 1692 1
520 1674 529 1692 1
555 1665 636 1692 Italia
652 1663 678 1699 ψ
692 1666 799 1693 Italiam

491 1719 532 1727 -—
552 1704 691 1742 Eporedia
707 1705 728 1732 P
742 1705 776 1733 ab
791 1705 915 1742 Eporeida
929 1705 955 1740 ψ
969 1706 998 1733 d.

496 1753 529 1781 13
553 1745 647 1773 Narro
661 1757 673 1771 υ
689 1745 788 1773 Parum

496 1784 532 1812 16
554 1784 703 1812 commode
717 1785 742 1819 ψ
756 1785 782 1814 d.

494 1834 525 1853 21
552 1835 585 1852 ne
601 1837 624 1857 v,
641 1825 665 1859 ψ
680 1836 727 1853 non

495 1874 530 1892 22
553 1872 581 1892 te
595 1877 608 1892 υ
620 1873 657 1892 me

493 1913 530 1938 24
553 1904 601 1933 Sin
618 1904 637 1931 P
653 1905 710 1938 ειμι
726 1905 755 1932 Si
766 1905 794 1931 in

494 1944 530 1971 26
546 1944 673 1972 Servium
687 1959 700 1973 v
713 1944 855 1973 Ser-vilium

491 1999 532 2005 —
553 1994 607 2011 non
623 1998 636 2011 υ
651 1987 678 2011 d.

494 2033 529 2060 27
554 2023 625 2050 Vale
643 2025 661 2051 P
676 2037 688 2051 υ
703 2026 731 2052 d.

490 2078 530 2085 —
551 2063 594 2090 Id.
612 2063 708 2099 Junias
722 2065 785 2098 ψᾰ.

413 2112 472 2142 294
515 2113 530 2130 2
551 2103 680 2141 quotidie
695 2104 719 2138 ψ
733 2105 760 2133 d.

515 2152 528 2179 3
554 2151 579 2171 te
594 2156 606 2170 v
623 2149 646 2170 te
657 2144 741 2173 habita

511 2183 529 2210 6
551 2182 737 2218 injucundum
753 2197 766 2211 υ
782 2185 976 2221 nonjucundam

512 2232 530 2259 9
553 2232 702 2251 commune
716 2237 728 2252 υ
742 2224 769 2251 d.

496 2271 532 2290 10
553 2262 654 2290 adeffet
669 2277 682 2291 u
697 2265 803 2300 adffnt

496 2311 528 2339 ¹3
553 2312 608 2330 xw
626 2303 693 2331 Kal.
710 2304 811 2342 Qint.
826 2301 853 2338 ψ
865 2304 893 2331 d.

496 2352 528 2377 17
552 2349 579 2371 et
594 2355 607 2370 v
621 2351 645 2370 te

496 2383 530 2410 18
551 2383 684 2411 arcessant
698 2383 724 2417 ψ
734 2383 861 2419 accersant

492 2431 530 2450 20
552 2423 592 2450 ita
607 2436 619 2450 u
635 2424 662 2450 d.

493 2471 526 2490 21
553 2462 715 2490 hominibus
731 2461 758 2498 ψ
772 2465 798 2491 d.

490 2515 531 2524 ε-
550 2502 622 2532 detis
637 2501 664 2539 ψ
678 2503 768 2532 deditis

415 1594 469 1623 ²93

1068 258 1631 299 LECTIONES.

1179 364 1210 392 p.
1272 354 1293 384 l.

1182 404 1238 432 295
1284 403 1300 431 7
1323 402 1387 421 cum
1408 407 1422 421 v
1436 403 1492 422 tum
1505 402 1548 431 ego

1282 444 1299 471 9
1321 433 1387 461 novi
1405 434 1424 460 P
1438 435 1497 461 novi
1511 434 1618 472 aliquid

1265 483 1300 502 ιο
1321 473 1476 510 respondeo
1491 472 1517 506 ψ
1533 473 1690 511 respondeam

1260 528 1300 535 -
1320 522 1484 550 praeponam
1499 513 1520 540 P
1535 512 1709 551 approponam

1265 562 1301 589 ¹4
1321 552 1400 590 isque
1413 566 1427 581 υ
1441 555 1500 581 inde

1265 592 1300 620 16
1322 593 1427 630 agnovi
1443 607 1456 621 v
1470 595 1580 631 cognovi

1264 641 1299 670 ¹9
1321 632 1453 670 diligeret
1468 646 1481 661 u
1497 633 1633 672 diligenter

1263 681 1294 700 21
1322 671 1384 700 sunt
1399 672 1490 709 xlaeſsnt

1183 711 1240 750 296
1288 720 1298 740 1
1328 718 1354 739 te
1370 709 1396 746 ψ
1411 713 1438 740 d.

1284 760 1298 788 3
1320 751 1449 779 Tarento
1464 750 1488 785 ψ
1505 759 1578 779 tanto

1260 806 1295 812 —
1319 800 1383 828 quae
1398 791 1418 818 P
1434 790 1477 818 vel
1488 800 1548 828 quae

1275 839 1294 866 4
1315 831 1510 858 communium
1525 844 1538 858 v
1552 833 1660 860 omnium

1281 880 1298 907 9
1321 870 1392 907 saepe
1407 870 1432 903 ψ
1445 869 1471 897 d.

1259 925 1299 931 —
1321 918 1381 938 tum
1397 919 1462 937 cum
1478 922 1491 936 v
1506 915 1560 937 tum
1571 910 1596 943 ψ
1607 916 1661 938 tum
1674 920 1729 939 eum

1264 958 1300 978 10
1319 950 1508 986 φιλοπφέμηκ
1530 949 1677 979 scriberem
1704 964 1729 985 v,
1744 951 1769 986 ψ
1784 950 1894 990 philost-

1362 990 1441 1026 phum
1455 1000 1484 1017 en
1495 989 1663 1025 adscriberent

1265 1038 1294 1057 11
1322 1029 1378 1056 fuit
1396 1043 1409 1056 v
1424 1030 1450 1057 d.

1266 1078 1299 1097 12
1321 1078 1406 1106 quarn
1423 1082 1435 1096 v
1450 1069 1525 1106 quast

1262 1118 1294 1146 ¹3
1318 1117 1447 1146 putaram
1462 1109 1487 1142 ψ
1497 1112 1614 1146 putarim

1264 1157 1295 1186 ις
1320 1157 1420 1186 praeter
1432 1162 1445 1176 υ
1459 1151 1486 1177 d.

1264 1190 1298 1216 16
1319 1197 1347 1216 et
1361 1202 1374 1216 υ
1389 1195 1417 1216 ut

1258 1243 1299 1250 —
1319 1228 1411 1256 multo
1425 1229 1449 1263 ψ
1460 1230 1543 1258 multa

1265 1270 1298 1296 18
1321 1268 1448 1296 maxime
1463 1268 1631 1308 -laepraecipae

1258 1323 1299 1330 —
1320 1308 1388 1335 fides
1404 1307 1491 1345 -Lflde

1263 1357 1298 1386 19
1319 1348 1474 1376 constantia
1489 1363 1502 1377 υ
1516 1351 1543 1378 d.

1261 1397 1295 1425 ²3
1320 1387 1406 1415 facias
1421 1401 1434 1415 υ
1447 1389 1472 1417 d.

1260 1437 1298 1464 24
1319 1427 1371 1455 fint
1386 1428 1475 1463 vfimt

1261 1476 1296 1504 27
1318 1467 1429 1504 liquido
1441 1481 1465 1501 υ,
1477 1469 1502 1503 ψ
1517 1468 1655 1507 aliquando

1260 1516 1292 1544 31
1319 1507 1434 1544 quidem
1450 1522 1463 1535 v
1478 1511 1587 1546 equidem

1261 1556 1296 1584 32
1319 1547 1392 1574 soleo
1407 1548 1522 1581 vsbleam

1260 1596 1297 1624 34
1319 1586 1402 1614 amici
1417 1600 1430 1614 v
1444 1590 1569 1616 amiciriae

1282 1636 1291 1654 1
1319 1627 1362 1653 Ex
1377 1628 1401 1660 ψ
1418 1627 1453 1654 Et

1277 1675 1294 1702 9
1316 1675 1366 1692 nec
1385 1675 1410 1694 re
1425 1679 1448 1698 v,
1462 1667 1486 1700 ψ
1502 1678 1543 1694 nec
1555 1678 1573 1694 α
1586 1675 1611 1695 te

1262 1715 1290 1734 11
1318 1706 1425 1733 Matius
1442 1708 1460 1734 P
1477 1706 1585 1734 Marsus

1261 1755 1269 1773 1
1278 1756 1292 1783 3
1316 1745 1453 1782 speraram
1468 1746 1639 1783 xla-sperabam

1261 1795 1297 1822 14
1318 1794 1372 1812 non
1389 1799 1402 1813 υ
1418 1786 1442 1814 d.

1261 1834 1295 1861 ¹7
1319 1825 1428 1853 artibus
1440 1839 1454 1854 v
1467 1826 1540 1855 rebus

1261 1866 1295 1893 18
1318 1866 1435 1902 potuisse
1450 1879 1463 1893 υ
1474 1866 1539 1903 ροβὲ

1260 1914 1295 1942 19
1317 1914 1380 1932 cum
1397 1905 1417 1932 P
1429 1907 1528 1943 quando

1259 1954 1295 1972 22
1318 1946 1488 1973 contulerint
1504 1959 1528 1978 v,
1544 1947 1569 1980 ψ
1583 1946 1740 1974 contulerunt

1259 1995 1296 2020 24
1316 1985 1435 2021 patriam
1453 1986 1478 2018 ῴ
1490 1988 1591 2022 patriae

1258 2034 1293 2062 25
1316 2024 1433 2061 perinde
1448 2026 1472 2058 ψ
1483 2029 1587 2062 proinde

1254 2078 1295 2086 -—·
1316 2064 1433 2093 vicerint
1447 2066 1472 2098 ψ
1486 2067 1603 2093 viderint

1257 2106 1292 2132 28
1315 2113 1343 2131 re
1357 2107 1437 2141 vfere

1177 2145 1233 2183 298
1280 2153 1289 2171 1
1316 2144 1423 2180 possent
1438 2144 1564 2182 sspffm

1274 2194 1293 2220 4
1315 2183 1428 2212 civibus
1442 2198 1454 2212 v
1469 2185 1561 2221 quibus

1276 2234 1294 2261 3
1314 2223 1422 2251 Possum
1437 2237 1450 2251 v
1466 2225 1555 2260 Pqffim

1275 2273 1292 2299 7
1316 2272 1380 2290 cum
1396 2264 1415 2290 P
1432 2264 1457 2298 ψ
1471 2264 1570 2300 quando

1274 2312 1292 2340 9
1314 2302 1455 2339 impunite
1472 2304 1491 2330 P
1505 2306 1604 2342 impune

1253 2358 1294 2364 ·—
1314 2343 1353 2370 At
1367 2356 1380 2370 v
1394 2343 1438 2370 Ad

1258 2391 1291 2410 ¹2
1314 2390 1390 2410 metu
1407 2396 1420 2410 υ
1437 2391 1527 2411 melun!

1253 2436 1294 2444 ·—
1315 2422 1397 2450 nobis
1413 2424 1432 2450 P
1447 2435 1464 2451 a
1479 2422 1549 2451 nob1‘s

1259 2471 1292 2498 13
1314 2462 1431 2491 Nullius
1447 2464 1466 2491 P
1482 2461 1570 2490 Nullis

1253 2515 1294 2524 —
1314 2501 1462 2531 desciscam
1477 2516 1500 2534 u,
1514 2502 1539 2536 sla
1553 2500 1665 2540 dfistam
