2351 2997
571 234 663 272 AD
721 232 1189 272 FAMILIARES
1249 234 1382 273 LIB.
1433 236 1486 274 X.
1645 250 1722 290 239

341 345 460 385 quam
481 330 586 383 quod
607 330 810 368 arbitrarer
831 339 868 368 te
888 331 1051 369 monitis
1072 340 1111 369 et
1142 332 1346 384 praeceptis
1374 346 1499 385 egere.
1546 335 1723 374 Sciebam

339 399 446 435 enim
468 410 514 435 ex
534 396 671 434 iisdem
691 405 729 434 te
749 395 832 434 haec
852 396 1007 435 haurire
1026 396 1220 442 fontibus,
1252 412 1299 436 ex
1320 399 1465 451 quibus
1486 399 1566 452 ipse
1585 399 1723 439 hause-

341 476 438 501 ram.
515 475 601 499 uare
622 462 786 499 modum
807 461 964 501 faciam.
1008 463 1130 500 Nunc
1152 472 1306 501 tantum
1328 464 1627 516 fignificandum
1647 480 1723 518 pu-

341 528 434 572 tavi,
467 536 509 564 ut
530 528 661 578 potius
682 541 855 565 amorem
877 528 952 565 tibi
971 528 1210 566 ostenderem
1232 543 1381 574 meum,
1412 544 1531 582 quam
1555 531 1724 569 ostenta-

342 606 423 630 rem
453 592 717 644 prudentiam.
765 594 929 638 Interea,
962 607 1047 645 quae
1074 594 1120 630 ad
1150 594 1382 646 dignitatem
1406 604 1512 634 tuam
1534 597 1725 648 pertinere

341 656 570 702 arbitrabor,
601 657 766 695 studiose
786 657 1074 709 diligenterque
1094 658 1253 696 curabo.

688 853 979 891 PLANcus
1031 854 1374 893 CICERONI.

340 981 413 1019 IV.
431 980 601 1053 GRA
611 977 708 1019 TIS
717 982 741 1019 S
749 982 889 1020 IMAE
908 981 999 1019 mihi
1014 991 1089 1020 tuae
1106 982 1405 1034 literaefuerunt‚
1425 998 1512 1035 quas
1531 998 1573 1022 ex
1590 985 1626 1023 F
1627 985 1729 1023 urnii

503 1048 666 1099 strmone
681 1055 717 1085 te
722 1046 896 1099 strzjvsffl
914 1047 1175 1086 animadverto.
1206 1050 1287 1100 Ego
1302 1058 1420 1087 autem
1430 1050 1622 1101 praeteriti
1633 1060 1721 1088 tem-

332 1113 434 1164 poris
453 1112 705 1165 excusationem
723 1113 848 1165 affero,
880 1112 972 1165 quod
993 1122 1029 1151 te
1050 1114 1252 1165 profec‘lum
1280 1114 1462 1152 audieram
1481 1133 1493 1159 3
1524 1129 1586 1152 nec
1615 1117 1725 1154 multo

338 1187 424 1219 ante
443 1178 561 1230 redgffi’
566 1178 679 1230 scivi,
711 1193 814 1230 quam
835 1193 878 1216 ex
898 1179 1035 1230 epistola
1051 1190 1116 1217 tua
1136 1180 1294 1232 cognovi.
1340 1182 1492 1219 Nullum
1513 1182 1602 1219 enim
1631 1183 1667 1220 in
1688 1191 1724 1220 te

339 1243 497 1295 officium,
530 1258 572 1282 ne
602 1244 780 1282 minimum
812 1243 961 1296 quidem,
976 1245 1059 1295 stne
1079 1247 1234 1283 maxima
1253 1247 1357 1298 culpa
1377 1247 1500 1284 videor
1514 1246 1604 1299 poffb
1617 1257 1722 1300 prae-

338 1311 452 1347 terire
467 1326 480 1347 :
511 1309 548 1347 in
568 1324 589 1362 q
615 1325 632 1348 o
652 1310 777 1348 tuendo
797 1310 904 1348 habeo
924 1313 1044 1364 cazffas
1056 1312 1247 1363 plurimas,
1279 1313 1342 1350 vel
1355 1322 1525 1365 paternae
1543 1313 1723 1364 neceff'tu-

336 1373 441 1419 dinis,
467 1375 530 1412 vel
539 1390 624 1413 meae
637 1391 659 1412 a
667 1375 830 1427 pueritia
847 1375 1095 1426 obstrvantiae,
1118 1377 1180 1415 vel
1195 1377 1254 1415 tui
1270 1393 1357 1430 erga
1373 1393 1425 1416 me
1444 1379 1563 1416 mutui
1578 1379 1721 1417 amoris.

339 1442 475 1492 Qare,
506 1441 556 1478 mi
574 1441 709 1485 Cicero,
741 1441 833 1493 quod
848 1456 923 1480 mea
944 1451 1075 1494 tuaque
1087 1442 1239 1495 patitur
1257 1453 1360 1487 celas,
1387 1444 1559 1496 perfitade
1579 1444 1657 1488 tibi,
1689 1453 1724 1482 te

339 1520 444 1544 unum
465 1505 538 1557 effe,
569 1506 605 1544 in
626 1520 690 1558 quo
709 1521 769 1558 ego
789 1507 924 1546 colendo
935 1507 1103 1560 patriam
1124 1508 1213 1547 mihi
1228 1509 1721 1562 cofflz‘tm’rzmfhnblitatem.

341 1571 472 1609 Omnia
492 1571 608 1622 igitur
628 1580 693 1610 tua
709 1573 846 1622 corfilia
866 1573 955 1611 mihi
966 1588 1033 1612 non
1054 1575 1165 1625 magis
1178 1574 1385 1627 prudentiae
1393 1575 1515 1627 plena,
1535 1578 1722 1628 quaefitm-

340 1650 398 1674 ma
417 1636 474 1688 est,
505 1636 688 1680 videntur,
720 1651 824 1689 quam
830 1638 1037 1689 fidelitatis,
1060 1654 1164 1691 quam
1184 1654 1244 1691 ego
1265 1655 1307 1677 ex
1326 1655 1400 1678 mea
1421 1641 1630 1692 confidentia
1649 1655 1721 1678 me-

339 1702 424 1740 tior.
462 1703 633 1754 Qarest
647 1711 713 1740 aut
733 1703 841 1741 aliter
847 1704 1036 1754 st’ntirem‚
1068 1715 1164 1742 certe
1184 1705 1371 1744 admonitio
1391 1715 1456 1744 tua
1476 1721 1528 1744 me
1548 1707 1721 1758 reprime-

339 1781 392 1811 re,
414 1768 542 1817 aut,st
557 1766 770 1812 dubitarem,
802 1769 960 1806 hortatio
979 1769 1152 1821 impellere
1164 1769 1287 1822 poffi’t,
1315 1780 1358 1809 ut·
1376 1770 1416 1809 id
1418 1773 1603 1823 stquerer,
1635 1771 1729 1824 quod

339 1841 381 1870 tu
401 1833 567 1884 optimum
582 1842 748 1884 putares.
791 1835 903 1872 Nunc
922 1848 1008 1872 vero
1028 1835 1114 1887 qaid
1129 1835 1187 1885 est,
1219 1835 1312 1888 quod
1328 1851 1379 1874 me
1399 1837 1435 1875 in
1455 1838 1562 1874 aliam
1575 1846 1722 1889 partem

336 1898 484 1936 trahere
502 1898 603 1950 poſjit
621 1898 641 1935 ἒ
670 1900 898 1951 Qaecunque
927 1900 963 1937 in
990 1915 1042 1938 me
1066 1900 1154 1939 bona
1159 1902 1269 1951 siml,
1300 1903 1544 1954 autjortmzce
1564 1902 1722 1953 beneficio

337 1964 493 2009 tributa,
523 1973 589 2002 aut
608 1978 678 2002 meo
696 1965 814 2003 labore
828 1975 957 2017 parta,
989 1967 1054 2015 ezss
1069 1982 1091 2005 a
1111 1976 1146 2005 te
1158 1975 1312 2020 propter
1331 1983 1482 2007 amorem
1503 1968 1722 2019 cariusfimt

338 2029 523 2081 aestimata,
544 2039 662 2068 tamen
681 2031 744 2068 vel
759 2031 974 2082 inimicff'mi
979 2033 1114 2083 judicio
1134 2042 1243 2071 tanta
1247 2035 1356 2085 sicat,
1375 2045 1429 2078 ut,
1441 2043 1582 2086 praeter
1598 2033 1722 2074 bonam

324 2096 485 2145 samam,
516 2094 607 2133 nihil
624 2095 814 2146 destderare
834 2097 1042 2135 videantur,
1086 2100 1210 2149 Qcare
1228 2100 1291 2136 hoc
1310 2114 1417 2138 unam
1437 2099 1508 2138 tibi
1517 2100 1690 2153 persttade
1708 2119 1719 2145 ;

337 2169 509 2213 quantum
530 2160 669 2198 viribus
689 2161 787 2204 eniti,
809 2162 941 2212 corgſslio
955 2163 1161 2213 providere,
1182 2165 1400 2204 autfi‘oritate
1419 2179 1572 2209 movere,
1588 2174 1719 2218 potue-

338 2241 391 2270 ro,
423 2227 486 2264 hoc
505 2241 600 2264 omne
618 2227 1164 2280 rezpablicaestmperficturum.
1209 2233 1294 2269 Non
1314 2231 1358 2282 est
1377 2232 1519 2283 Ignotus
1538 2232 1720 2284 mihistn-

323 2293 392 2344 sus
412 2301 494 2330 tuus
507 2308 520 2329 .·
550 2306 670 2344 neque,
686 2293 729 2343 Jz
730 2294 914 2345 facultas,
936 2295 1099 2347 optabilis
1117 2296 1207 2334 mihi
1223 2296 1371 2349 quidem,
1392 2297 1450 2335 tui
1459 2298 1648 2350 prrestntis
1668 2299 1719 2349 es-

324 2360 399 2410 set,
420 2372 572 2411 unquam
593 2374 615 2396 a
635 2360 706 2397 tuis
726 2361 868 2411 corfiliis
887 2362 1117 2414 dfireparem
1131 2381 1142 2407 3
1165 2378 1227 2402 nec
1246 2378 1339 2402 nunc
1357 2364 1586 2408 committam,
1604 2374 1645 2403 ut
1661 2364 1718 2402 ul-

336 2424 408 2462 lum
427 2438 538 2462 meum
543 2425 692 2476 flavum
712 2427 967 2478 reprehendere
974 2430 1062 2479 jure
1075 2429 1189 2481 pestis.
1228 2431 1313 2468 Sum
1332 2431 1368 2468 in
1388 2430 1625 2482 expedatione
1644 2444 1717 2467 om-

336 2489 432 2528 nium
452 2505 585 2536 rerum,
616 2490 704 2544 quid
716 2492 753 2531 in
776 2493 897 2531 Gallia
917 2494 1092 2545 citeriore,
1125 2495 1212 2547 quid
1225 2496 1262 2535 in
1283 2496 1370 2535 urbe
1387 2497 1496 2549 meas&
1514 2495 1715 2549 Januario,
