2351 2997
496 287 576 324 214
842 270 1524 311 EPISTOLARUM

492 369 604 408 otium
624 367 795 419 referres3
812 365 994 419 praecipue
1013 378 1106 403 nunc
1112 365 1195 415 jam
1215 364 1386 403 inclinata
1406 364 1573 408 victoria,
1591 377 1633 402 ne
1641 362 1772 416 pofficm
1787 365 1866 417 quie

493 434 570 472 dem
589 433 626 472 in
646 433 753 471 ullam
771 431 878 470 aliam
896 430 1046 468 incidere
1061 428 1261 480 opinionem,
1279 428 1340 466 nii
1359 428 1396 466 in
1414 442 1502 473 eam,
1519 428 1557 466 in
1572 442 1641 480 qua
1641 425 1783 480 scilicet
1802 428 1873 467 tibi

483 497 637 551 suadere
657 496 796 540 videar,
818 494 910 547 quod
918 494 978 546 pie
997 502 1116 531 tacere
1131 506 1198 530 non
1211 491 1356 545 pofficm.
1385 489 1441 532 Tu
1457 501 1587 537 autem,
1606 494 1657 530 mi
1669 493 1804 537 Cicera,
1812 493 1871 544 stc

495 565 570 602 haec
589 561 749 614 accipies,
771 570 825 604 ut,
831 561 916 611 five
924 558 1176 612 probabuntur
1190 557 1269 601 tibi,
1273 558 1358 608 five
1375 572 1443 595 non
1455 556 1723 610 probabuntur,
1741 558 1786 596 ab
1805 567 1869 612 op-

495 628 580 679 timo
599 635 696 664 certe
713 625 827 664 animo
846 639 888 663 ac
907 623 1103 674 dedz'tgffimo
1123 622 1192 660 tibi
1207 630 1242 660 et
1262 622 1420 673 cogitata
1440 631 1475 661 et
1477 622 1623 675 scripta
1644 622 1704 674 effi
1716 622 1870 673 judices.

497 679 788 736 §quimadvertis‚
819 691 890 728 Cn.
912 690 1116 741 Pompeium
1135 703 1196 726 nec
1215 687 1360 726 nominis
1364 689 1442 740 βτί,
1463 701 1526 726 nec
1543 702 1664 726 rerum
1679 687 1872 740 gestarum,

493 757 626 810 gloria,
660 770 768 808 neque
801 755 907 794 etiam
937 769 1060 806 regum
1092 768 1134 792 ac
1163 753 1344 792 nationum
1373 753 1553 797 clientelis,
1583 767 1669 805 quas
1704 753 1897 804 ostentare

497 822 621 861 crebro
627 820 780 874 solebat,
810 819 870 872 effe
889 828 1035 863 tzctum;
1068 829 1102 857 et
1126 819 1188 857 boc
1219 818 1338 862 etiam,
1369 818 1462 870 quod
1486 817 1600 869 iufimo
1618 817 1739 870 cuique
1757 817 1873 856 conti-

494 887 567 939 git,
599 886 653 924 illi
675 900 742 924 non
755 884 847 938 poffi²
868 885 1081 936 contingere,
1113 892 1154 921 ut
1174 883 1305 934 honeste
1323 883 1477 934 effugere
1489 883 1605 935 poffit,
1628 883 1728 934 pulso
1747 882 1873 927 Italia,

500 951 624 1002 amgffi's
643 951 840 1002 Hfflpaniis‚
872 959 975 1003 capto
997 949 1155 987 exercitu
1180 958 1365 992 veterano,
1397 947 1666 986 circumvallato
1691 962 1784 986 nunc
1813 947 1875 986 de-

500 1018 603 1069 nique
620 1032 632 1054 .·
677 1015 770 1068 quod
799 1015 905 1065 aestio
940 1029 987 1052 an
1021 1014 1087 1052 ulli
1116 1027 1270 1065 unquam
1305 1013 1415 1064 nostro
1448 1012 1616 1050 acciderit
1653 1012 1874 1064 imperatori.

502 1081 749 1133 Quamobrem,
781 1080 867 1132 quid
894 1088 959 1117 aut
992 1079 1048 1117 ille
1060 1080 1216 1130 sperare
1234 1077 1348 1130 poffit‚
1379 1087 1444 1116 aut
1472 1087 1527 1121 tu,
1557 1077 1712 1115 animum
1739 1076 1875 1115 adver-

502 1156 538 1186 te
549 1156 619 1199 pro
644 1155 708 1184 tua
721 1145 918 1198 prudentia
933 1160 946 1182 :
961 1145 1019 1195 stc
1050 1144 1138 1182 enim
1148 1143 1328 1195 facillime
1357 1143 1450 1194 quod
1475 1143 1544 1181 tibi
1568 1142 1778 1193 utilffmum
1807 1142 1878 1181 erit

502 1212 632 1263 coiffilii
647 1211 775 1262 capies.
820 1210 920 1249 Illud
933 1218 1052 1248 autem
1070 1224 1094 1247 a
1113 1218 1148 1247 te
1160 1218 1258 1262 peto,
1287 1217 1343 1253 ut,
1357 1209 1401 1258 si
1411 1208 1494 1260 jam
1518 1209 1574 1246 ille
1598 1208 1798 1246 evitaverit
1817 1208 1881 1246 hoc

495 1277 708 1330 periculum,
740 1276 825 1329 etse
843 1275 1019 1314 abdiderit
1039 1275 1075 1312 in
1095 1273 1240 1326 claffi’m,
1271 1281 1313 1311 tu
1333 1273 1404 1312 tuis
1424 1273 1527 1312 rebus
1545 1274 1700 1322 confidas
1711 1290 1723 1317 3
1754 1281 1789 1311 et
1807 1272 1879 1311 ali-

503 1342 640 1395 quando
667 1340 737 1379 tibi
759 1340 892 1393 potius,
923 1353 1028 1392 quam
1053 1339 1182 1383 cuivis,
1197 1339 1252 1389 sis
1282 1338 1425 1376 amicus.
1469 1338 1703 1389 Satisfacfflum
1734 1337 1779 1388 est
1796 1336 1880 1388 J'am

503 1423 527 1446 a
547 1418 581 1447 te
601 1409 664 1446 vel
677 1407 795 1459 officia,
826 1406 889 1444 vel
887 1405 1153 1456 familiaritati
1165 1420 1179 1442 .·
1195 1404 1429 1457 fhtisfabi‘um
1448 1404 1554 1442 etiam
1571 1402 1757 1455 partibus,
1786 1411 1822 1441 et
1850 1402 1885 1441 ei

503 1473 718 1526 reipublicae,
736 1484 840 1525 quam
859 1481 901 1510 tu
911 1470 1104 1524 probabas.
1135 1470 1323 1521 Reliquum
1342 1469 1399 1520 est,
1420 1468 1483 1507 ubi
1497 1482 1590 1508 nunc
1610 1468 1654 1520 cst
1673 1467 1880 1521 respublica,

504 1538 557 1576 ibi
573 1539 688 1588 fimus
715 1536 850 1588 potius,
893 1550 1011 1588 quam,
1046 1534 1127 1572 dum
1161 1534 1258 1572 illam
1290 1542 1445 1571 veterem
1465 1534 1666 1586 sequimur,
1693 1533 1807 1584 fimus
1843 1532 1882 1571 in

505 1603 631 1657 nulla&
664 1603 789 1652 Qtare
808 1600 926 1645 velim,
957 1599 1007 1638 mi
1016 1598 1252 1648 jucundff'me
1273 1598 1409 1642 Cicero,
1432 1598 1577 1647 sisorte
1596 1597 1781 1649 Pompeius
1793 1597 1882 1649 pul-

494 1669 561 1721 sus
581 1655 634 1706 his
655 1681 784 1720 quoque
802 1666 896 1710 locis,
927 1667 1052 1718 rursus
1072 1664 1162 1702 alias
1181 1664 1336 1715 regiones
1355 1673 1481 1716 petere
1507 1671 1673 1716 cogatur,
1703 1671 1745 1701 ut
1775 1671 1818 1700 tu
1849 1671 1886 1701 te

506 1729 571 1771 vel
585 1733 765 1776 Athenas,
796 1731 858 1769 vel
873 1731 909 1768 in
935 1729 1098 1782 quamvis
1127 1730 1280 1781 quietam
1308 1728 1458 1781 recipias
1485 1729 1685 1766 civitatem.
1731 1727 1889 1778 Qodsi

507 1798 576 1836 eris
592 1798 784 1849 jablurus,
815 1795 919 1834 velim
950 1795 1037 1833 mihi
1049 1794 1207 1844 scribas,
1239 1803 1280 1831 ut
1312 1808 1385 1845 ego,
1400 1794 1445 1844 si
1470 1794 1538 1832 ullo
1562 1793 1656 1831 modo
1668 1801 1808 1845 potero,
1837 1792 1890 1831 ad

507 1871 544 1901 te
562 1861 732 1900 advolem.
769 1863 996 1912 Qeaecunque
1013 1859 1054 1898 de
1072 1869 1138 1896 tua
1157 1858 1333 1910 dignitate
1351 1858 1397 1896 ab
1415 1858 1627 1910 imperatore
1646 1866 1754 1895 erunt
1772 1857 1883 1909 impe-

508 1926 656 1969 tranda,
676 1939 745 1978 qua
765 1925 809 1976 est
828 1925 1050 1963 humanitate
1071 1924 1207 1976 Caestzr,
1212 1922 1430 1975 facillimum
1449 1922 1519 1960 erit
1539 1922 1584 1959 ab
1604 1935 1638 1959 eo
1657 1921 1726 1959 tibi
1737 1921 1802 1973 tpst
1815 1921 1884 1958 im-

502 2001 655 2045 petrare
670 2006 682 2028 :
714 1999 748 2028 et
767 2005 860 2028 meas
879 1999 996 2027 tamen
1009 1998 1133 2041 preces
1151 1987 1250 2041 apud
1266 1983 1427 2026 eum'non
1455 1987 1633 2025 minimum
1658 1985 1887 2024 audiat-itatis

510 2055 699 2095 habituras
712 2063 813 2107 puto.
862 2054 953 2093 Erit
978 2063 1051 2092 tuae
1069 2067 1198 2106 quoque
1203 2052 1298 2103 fidei
1317 2061 1352 2090 et
1371 2052 1605 2090 humanitatis
1625 2065 1766 2095 curare,
1797 2059 1838 2088 ut
1857 2051 1887 2088 is

511 2120 731 2164 tabellarius,
762 2133 861 2171 quem
890 2119 941 2157 ad
965 2128 1001 2157 te
1029 2117 1113 2168 mist,
1144 2117 1287 2156 reverti
1301 2116 1403 2170 pofflt
1426 2116 1477 2156 ad
1491 2131 1556 2162 me,
1587 2125 1621 2154 et
1641 2130 1664 2154 a
1683 2124 1718 2154 te
1737 2115 1825 2154 mibi
1840 2115 1887 2153 li-

510 2194 610 2224 teras
627 2184 780 2236 rejerat.
816 2183 915 2221 Vale.
