2351 2997
662 187 754 224 AD
814 187 1281 228 FAMILIARES
1344 193 1473 232 LIB.
1526 196 1577 234 X.
1734 212 1810 249 249

427 280 593 319 aliorum
616 291 653 320 te
672 283 795 321 literis
816 284 921 322 malo
942 285 1187 337 cognoscere.
1222 289 1359 327 Unum
1381 288 1456 328 hoc
1479 305 1525 329 ex
1548 292 1641 330 meis
1660 308 1668 331 ε
1701 294 1808 332 sena-

428 354 489 383 tus
509 347 676 397 gravior,
699 348 949 395 constantior,
972 352 1136 389 amici0r
1157 353 1233 390 tuis
1252 353 1447 400 laudibus,
1470 356 1541 394 effe
1563 371 1638 395 non
1661 361 1807 411 potuit,

424 423 542 462 quam
576 421 661 451 tum
693 412 785 453 fuit.
833 417 919 454 Nec
940 430 1030 455 vero
1058 417 1132 455 tibi
1153 418 1302 458 senatus
1324 422 1500 466 amicior,
1532 437 1651 475 quam
1672 428 1811 463 cunoa

424 475 560 514 civitas
580 492 589 515 :
623 478 856 518 mirabiliter
876 481 983 519 enim
1005 482 1175 534 populus
1198 485 1401 523 Romanus
1424 487 1638 534 universus,
1661 499 1699 527 et
1720 504 1808 528 om—

424 540 536 578 nium
556 555 745 594 generum
765 545 1030 599 ordinumque
1050 548 1271 594 consensus,
1289 550 1335 587 ad
1356 551 1596 591 liberandam
1619 557 1806 607 rempub—

422 605 539 645 licam
561 609 811 661 conspiravit.
844 612 966 664 Perge
987 613 1122 664 igitur,
1142 623 1185 651 ut
1205 615 1301 666 agiS,
1321 629 1543 669 nomenque
1561 628 1673 658 tuum
1694 635 1806 660 com-

421 672 563 710 menda
583 674 898 719 immortalitati5
931 686 1047 729 atque
1066 676 1150 715 haec
1174 681 1320 725 omnia,
1352 696 1438 733 quae
1465 682 1612 723 habent
1639 686 1807 738 speciem

420 736 569 788 gloriae,
606 740 768 777 colled‘ca
802 741 1030 779 inaniffimis
1052 742 1267 794 splendoris
1302 746 1534 798 insignibus,
1567 760 1803 797 contemne;

422 802 564 848 brevia,
596 803 765 857 fugacia,
791 806 949 852 caduca,
972 808 1162 847 existima.
1196 811 1344 849 Verum
1367 813 1483 851 decus
1506 815 1546 852 in
1568 816 1711 855 virtute
1732 833 1805 871 po-

420 866 536 906 situm
570 869 650 914 est;
683 885 769 922 quae
804 873 975 910 maxime
1011 873 1225 913 illustratur
1258 878 1410 929 magnis
1441 879 1481 916 in
1517 882 1805 934 rempublicam

419 934 585 973 meritis.
619 936 718 973 Eam
739 936 968 976 facultatem
989 938 1107 978 habes
1124 942 1358 987 maximam
1383 958 1501 996 quam
1517 948 1674 998 quando
1690 964 1804 988 com-

418 998 556 1050 plexus
578 1014 632 1045 es,
656 1011 743 1040 tene
762 1018 770 1041 z
805 1004 960 1055 perfice,
984 1015 1027 1042 ut
1049 1019 1096 1043 ne
1117 1008 1248 1045 minus
1271 1009 1489 1061 respublica
1509 1013 1597 1058 tibi,
1621 1029 1739 1066 quam
1761 1026 1804 1055 tu

418 1064 644 1116 reipublicae
665 1067 817 1106 debeas.
850 1069 922 1106 Me
944 1079 1018 1108 tuae
1040 1070 1242 1123 dignitatis
1264 1088 1342 1112 non
1364 1076 1482 1114 modo
1503 1077 1711 1126 fautorem,
1741 1083 1804 1121 sed

416 1130 535 1168 etiam
556 1132 896 1184 amplificatorem,
919 1136 1148 1188 cognosces:
1173 1137 1212 1175 id
1229 1152 1321 1177 cum
1339 1141 1579 1193 reipublicae,
1599 1159 1684 1197 quae
1701 1147 1803 1187 mihi

416 1195 495 1232 vita
514 1196 568 1233 est
588 1210 673 1235 mea
694 1199 831 1244 carior,
865 1210 950 1238 tum
972 1202 1106 1240 nostrae
1128 1204 1413 1251 neceflitudini,
1445 1207 1583 1247 debere
1609 1225 1673 1249 me
1689 1214 1802 1264 judi-

415 1273 476 1298 co.
510 1263 643 1314 Atque
665 1263 704 1300 in
727 1263 787 1302 his
810 1266 928 1311 curis,
952 1281 1046 1319 quas
1068 1269 1222 1306 contuli
1241 1270 1288 1307 ad
1309 1270 1544 1323 dignitatem
1565 1284 1688 1322 tuam,
1714 1281 1802 1331 cepi

415 1338 599 1377 magnam
621 1328 878 1381 voluptatem,
911 1333 1032 1384 quod,
1065 1333 1164 1372 bene
1190 1336 1391 1387 cognitam
1417 1338 1520 1377 mihi
1547 1342 1600 1380 T.
1625 1342 1803 1383 Munatii

413 1391 662 1442 prudentiam
683 1404 721 1432 et
742 1395 875 1442 fidem,
907 1399 1032 1450 magis
1053 1400 1172 1438 etiam
1192 1402 1370 1454 perspexi
1401 1404 1443 1442 in
1472 1407 1554 1458 ejus
1576 1408 1801 1449 incredibili

410 1469 500 1508 erga
521 1466 557 1495 te
579 1458 850 1500 benevolentia
870 1472 907 1501 et
928 1463 1148 1517 diligentia.
1182 1479 1257 1505 111.
1281 1467 1341 1507 Id.
1364 1469 1496 1522 April.

821 1664 1066 1705 ClcERo
1117 1668 1388 1711 PLANCO.

411 1786 528 1824 XIII.
555 1788 683 1860 UT
708 1792 885 1843 primum
905 1795 1069 1846 potestas
1092 1798 1178 1835 data
1199 1799 1252 1836 est
1272 1802 1456 1852 augendae
1476 1802 1680 1853 dignitatis
1703 1816 1792 1853 tuae,

652 1855 753 1894 nihil
775 1861 1000 1910 praetermifi
1028 1863 1069 1900 in
1092 1872 1128 1901 te
1148 1866 1336 1910 ornando,
1368 1868 1474 1918 quod
1506 1869 1673 1919 positum
1703 1873 1795 1911 esset

405 1928 472 1957 aut
493 1919 533 1957 in
555 1923 717 1973 praemio
737 1924 909 1971 virtutis,
940 1936 1006 1966 aut
1036 1929 1077 1966 in
1108 1929 1257 1969 honore
1288 1932 1511 1972 verborum.
1559 1935 1603 1973 Id
1633 1951 1681 1975 ex
1710 1939 1795 1991 ipso

405 1985 764 2027 senatus-consulto
784 1993 929 2044 poteris
951 1995 1208 2047 cognoscere:
1241 1999 1296 2035 ita
1315 2000 1420 2037 enirn
1442 2000 1495 2038 est
1515 2003 1790 2056 perscriptum,

406 2060 448 2089 ut
469 2065 489 2088 a
509 2065 572 2090 me
593 2053 640 2090 de
660 2054 805 2107 scripto
826 2057 927 2096 dieta
947 2059 1136 2099 sententIa
1164 2062 1244 2107 est;
1277 2079 1395 2116 quam
1426 2066 1577 2105 senatus
1608 2069 1792 2123 frequens

405 2117 557 2155 secutus
578 2118 631 2156 est
652 2119 807 2159 summo
827 2122 954 2162 studio
974 2139 1197 2179 magnoque
1217 2131 1419 2169 consensit.
1458 2133 1545 2186 Ego
1566 2149 1791 2189 quanquam

402 2196 450 2220 ex
472 2183 549 2221 tuis
572 2184 710 2230 literis,
741 2200 835 2238 quas
857 2189 959 2227 mihi
980 2192 1128 2237 mifisti,
1150 2194 1416 2246 perspexeram
1440 2207 1476 2235 te
1498 2202 1621 2252 magis
1636 2203 1792 2254 judicio

404 2248 614 2294 bonorum,
647 2265 763 2302 quam
786 2253 1003 2306 insignibus
1030 2258 1178 2308 gloriae,
1212 2260 1418 2307 delectari5
1452 2274 1582 2303 tamen
1612 2269 1788 2307 confide-

401 2313 568 2351 randum
588 2315 820 2364 existimavi,
851 2320 969 2360 etiam
991 2323 1016 2360 sl
1039 2332 1080 2360 tu
1103 2324 1204 2362 nihil
1233 2327 1458 2378 postulares,
1489 2341 1682 2382 quantum
1715 2334 1788 2371 tibi

401 2392 422 2415 a
443 2380 645 2431 republica
665 2381 883 2424 deberetur.
921 2389 988 2426 Tu
1008 2400 1191 2429 contexes
1213 2403 1387 2431 extrema
1406 2409 1499 2433 cum
1520 2399 1658 2449 primis
1678 2413 1686 2436 ε
1719 2401 1788 2450 qui

402 2444 509 2482 enim
533 2446 596 2483 M.
620 2448 844 2490 Antonium
865 2455 1104 2507 oppresserit.
1138 2458 1168 2495 is
1201 2459 1350 2498 bellum
1376 2461 1606 2501 confecerit.
1653 2465 1790 2516 Itaque

487 2511 553 2548 To
566 2524 618 2550 M.
653 2513 746 2553 Vll.
1432 2527 1446 2563 Ι
1480 2527 1490 2563 i
