2351 2997
653 278 745 317 AD
806 270 1274 314 FAMILIARES
1334 268 1465 307 LIB.
1512 269 1543 305 Ι.
1768 282 1791 316 ι)

406 398 594 439 tempore,
624 392 670 422 ut
699 380 899 436 perscripsi
929 379 976 417 ad
1006 388 1044 417 te
1074 387 1198 421 antea,
1231 376 1400 428 cognovi
1422 373 1679 413 Hortenfium
1702 386 1790 425 per«

403 452 595 505 cupidum
617 450 691 494 tui,
714 447 929 486 studiosum
951 445 1186 489 Lucullum,
1208 457 1255 481 ex
1277 441 1566 494 magistratibus
1588 448 1719 478 autem
1742 440 1790 477 L.

403 518 607 556 Racilium
631 525 670 554 et
699 515 774 553 fide
803 522 842 551 et
874 513 1005 550 animo
1034 512 1074 548 in
1098 519 1134 548 te
1155 508 1353 561 singulari.
1402 508 1509 545 Nam
1541 505 1667 544 nostra
1699 518 1790 557 pro-

402 583 594 636 pugnatio
615 595 657 620 ac
679 579 849 619 defensio
870 578 1074 629 dignitatis
1098 586 1187 620 tuae,
1205 583 1364 627 propter
1384 572 1700 625 magnitudinem
1723 571 1791 608 be-

404 649 537 686 neficii
559 648 632 692 tui,
664 644 817 683 fortasse
847 642 1042 696 plerisque
1071 640 1194 678 officii
1219 640 1408 691 majorem
1429 638 1698 675 auetoritatem
1721 635 1792 673 ha-

406 714 494 752 bere
516 713 704 755 videatur,
723 723 842 763 quam
863 708 1077 746 sententiae.
1103 706 1290 744 Praeterea
1310 703 1487 756 quidem,
1510 702 1557 740 de
1578 701 1792 740 consulari·

406 780 477 817 bus
500 778 650 816 nemini
670 776 822 829 poffum
843 784 909 812 aut
930 773 1046 811 studii
1066 785 1156 823 erga
1176 780 1228 815 te,
1246 778 1311 807 aut
1327 769 1464 815 officii,
1483 777 1549 806 aut
1570 768 1687 805 amici
1708 769 1793 805 ani-

406 845 477 889 mi,
500 844 572 882 effe
594 842 713 880 testis.
746 840 909 879 Etenim
932 838 1184 890 Pompeium,
1208 837 1276 888 qui
1299 848 1457 873 mecum
1479 833 1692 886 saepiffime,
1716 847 1795 870 non

407 910 534 948 solum
555 923 575 946 a
596 922 658 946 me
679 915 926 960 provocatus,
960 904 1021 942 sed
1042 904 1160 941 etiam
1183 902 1246 939 sua
1268 901 1417 953 sponte,
1441 900 1487 937 de
1509 910 1546 937 te
1567 901 1794 937 communi-

406 990 491 1014 care
513 975 622 1019 solet,
655 973 726 1011 scis
750 972 994 1024 temporibus
1017 970 1095 1007 illis
1119 982 1196 1006 non
1219 968 1314 1019 saepe
1335 968 1376 1004 in
1397 967 1529 1004 senatu
1550 964 1674 1004 fuiffe.
1719 966 1797 1003 Cui

408 1041 570 1093 quidem
590 1040 711 1078 literae
733 1050 822 1083 tuae,
855 1050 949 1090 quas
981 1036 1160 1088 proxime
1190 1035 1361 1078 miseras,
1393 1032 1501 1084 quod
1529 1031 1645 1069 facile
1675 1032 1796 1069 intel-

407 1108 587 1152 lexerim,
610 1104 859 1158 perjucundae
876 1103 1050 1141 fuerunt.
1084 1100 1193 1138 Mihi
1215 1100 1377 1152 quidem
1397 1098 1621 1136 humanitas
1639 1108 1718 1142 tua,
1737 1097 1797 1135 vel

410 1173 561 1210 summa
580 1172 712 1224 potius
734 1170 933 1221 sapientia,
966 1182 1044 1205 non
1060 1166 1237 1219 jucunda
1258 1165 1400 1210 solum,
1432 1164 1495 1202 sed
1524 1164 1643 1202 etiam
1668 1163 1796 1201 admi-

407 1239 556 1283 rabilis,
578 1237 657 1275 visa
676 1236 742 1275 est.
773 1236 917 1273 Virum
938 1234 1045 1271 enim
1065 1233 1341 1276 excellentem,
1364 1240 1403 1269 et
1425 1231 1499 1268 tibi
1521 1239 1587 1268 tua
1606 1229 1799 1282 praestanti

409 1306 449 1343 in
481 1318 573 1342 eum
604 1302 837 1340 liberalitate
865 1300 1106 1343 devinetum,
1139 1297 1323 1335 nonnihil
1352 1296 1612 1349 suspicantem
1639 1305 1799 1349 propter

408 1371 633 1423 aliquorum
664 1368 894 1421 opinionem
926 1366 1000 1404 suae
1031 1364 1259 1417 cupiditatis
1296 1372 1332 1401 te
1366 1363 1414 1400 ab
1449 1363 1485 1400 se
1519 1362 1797 1407 abalienatum,

410 1437 479 1474 illa
497 1435 658 1489 epistola
679 1433 884 1472 retinuisti.
930 1432 1013 1484 Qi
1035 1430 1136 1468 mihi
1158 1443 1251 1468 cum
1273 1429 1422 1481 semper
1443 1438 1517 1466 tuae
1538 1428 1645 1466 laudi
1674 1427 1800 1466 favere

410 1502 512 1540 visus
533 1501 600 1546 est,
632 1499 751 1538 etiam
781 1498 864 1551 ipso
885 1495 1195 1550 suspiciofiffimo
1226 1504 1401 1547 tempore
1433 1493 1680 1538 Caniniano,
1714 1502 1801 1531 tum

412 1581 517 1613 vero,
549 1567 658 1605 lectis
681 1566 759 1604 tuis
782 1564 921 1609 literis,
952 1562 1174 1616 perspectus
1199 1561 1252 1600 est
1272 1575 1293 1599 a
1311 1574 1376 1599 me
1397 1569 1481 1599 toto
1502 1559 1635 1597 animo
1665 1558 1713 1597 de
1745 1569 1798 1605 te,

410 1647 454 1672 ac
475 1633 522 1671 de
543 1633 621 1671 tuis
652 1631 891 1670 ornamentis
921 1638 960 1667 et
989 1627 1226 1673 commodis,
1258 1627 1445 1680 cogitare.
1490 1627 1621 1677 Qare
1650 1638 1692 1663 ea
1715 1639 1802 1678 quae

411 1698 581 1737 scribam
609 1697 659 1735 fic
691 1695 850 1740 habeto,
882 1708 960 1739 me,
992 1708 1085 1732 cum
1118 1694 1188 1730 illo
1220 1707 1259 1730 re
1290 1693 1387 1744 saepe
1418 1691 1724 1736 communicata,
1756 1690 1804 1728 de

411 1764 521 1803 illius
543 1762 590 1801 ad
619 1771 657 1800 te
686 1761 876 1800 sententia
904 1769 1021 1812 atque
1050 1758 1277 1797 auctoritate
1307 1757 1500 1795 scribere:
1534 1757 1722 1809 quoniam
1744 1755 1802 1793 se-

411 1827 781 1869 natus-consultum
801 1827 960 1865 nullum
980 1833 1102 1869 extat,
1124 1838 1205 1877 quo
1226 1822 1401 1861 reduetio
1422 1824 1522 1875 regis
1544 1821 1804 1860 Alexandrini

411 1896 489 1935 tibi
522 1895 704 1947 adempta
737 1894 810 1939 fit,
851 1906 987 1945 eaque,
1024 1905 1110 1944 quae
1145 1891 1192 1928 de
1226 1903 1269 1928 ea
1302 1888 1444 1941 scripta
1477 1887 1544 1933 est,
1581 1888 1803 1933 auctoritas,

414 1963 479 2002 cui
500 1962 572 2001 scis
594 1960 843 1999 interceffum
864 1959 950 2005 effe,
983 1968 1027 1997 ut
1057 1971 1105 1996 ne
1134 1957 1223 2010 quis
1248 1956 1413 1994 omnino
1435 1968 1567 2008 regem
1588 1954 1803 2000 reduceret,

414 2038 563 2067 tantam
579 2027 662 2066 vim
677 2025 810 2071 habet,
826 2035 870 2064 ut
890 2025 1015 2078 magis
1036 2024 1224 2062 iratorum
1246 2021 1459 2060 hominum
1480 2020 1668 2066 studium,
1687 2034 1807 2073 quam

415 2093 626 2132 constantis
648 2092 799 2130 senatus
821 2090 1063 2135 consultum,
1081 2089 1153 2127 effe
1174 2089 1375 2133 videatur3
1400 2096 1436 2126 te
1453 2086 1667 2140 perspicere
1687 2085 1806 2139 poffe,

415 2160 486 2212 qui
508 2159 694 2198 Ciliciam
717 2159 976 2210 Cyprumque
998 2165 1141 2200 teneas,
1174 2154 1270 2207 quid
1295 2155 1462 2198 efficere,
1493 2162 1532 2191 et
1552 2152 1649 2205 quid
1670 2151 1808 2190 conse-

416 2225 500 2277 qui,
523 2224 637 2278 poffis
655 2239 663 2263 :
690 2233 743 2269 et,
766 2224 793 2261 fi
814 2237 871 2261 res
893 2222 1122 2261 facultatem
1143 2220 1326 2259 habitura
1345 2220 1535 2264 videatur,
1565 2228 1609 2256 ut
1630 2218 1806 2257 Alexan-

417 2291 542 2328 driam
570 2299 687 2343 atque
709 2291 931 2342 AEgyptum
962 2298 1091 2327 tenere
1121 2287 1251 2340 poffiS‚
1283 2286 1354 2324 effe
1375 2295 1413 2324 et
1434 2294 1508 2323 tuae
1530 2294 1568 2322 et
1588 2284 1708 2323 nostri
1728 2285 1808 2322 im-

418 2356 517 2409 perii
546 2355 765 2408 dignitatis,
799 2354 1042 2393 Ptolemaide
1070 2363 1138 2392 aut
1171 2353 1304 2405 aliquo
1339 2352 1564 2405 propinquo
1598 2351 1687 2389 loco
1722 2363 1812 2402 rege

419 2421 629 2466 collocato,
652 2430 690 2459 te
709 2435 803 2459 cum
824 2420 935 2459 claffe
955 2429 1072 2473 atque
1093 2420 1268 2457 exercitu
1289 2417 1485 2471 proficisci
1507 2415 1786 2454 Alexandriam
1795 2433 1808 2460 ς

422 2497 488 2533 ut,
524 2501 617 2525 cum
651 2500 736 2524 eam
769 2501 862 2539 pace
897 2486 1158 2540 praefidiisque
1194 2485 1376 2528 firmaris,
1413 2483 1648 2521 Ptolemaeus
1683 2480 1811 2518 redeat

423 2555 464 2593 in
500 2567 694 2605 regnum:
733 2553 786 2590 ita
819 2553 918 2599 fore,
951 2563 995 2592 ut
1030 2567 1096 2605 per
1132 2562 1168 2590 te
1204 2552 1440 2593 restituatur,
1473 2546 1812 2600 quemadmodum

505 2621 572 2658 To
587 2632 638 2658 M.
672 2619 766 2657 VII.
1483 2616 1511 2650 B
