<?xml version="1.0" encoding="UTF-8"?>
<!DOCTYPE html PUBLIC "-//W3C//DTD XHTML 1.0 Transitional//EN"
    "http://www.w3.org/TR/xhtml1/DTD/xhtml1-transitional.dtd">
<html xmlns="http://www.w3.org/1999/xhtml" xml:lang="en" lang="en">
 <head>
  <title>
</title>
<meta http-equiv="Content-Type" content="text/html;charset=utf-8" />
  <meta name='ocr-system' content='tesseract 3.04.00' />
  <meta name='ocr-capabilities' content='ocr_page ocr_carea ocr_par ocr_line ocrx_word'/>
</head>
<body>
  <div class='ocr_page' id='page_1' title='image "./operacumindicibu07ciceuoft_0438.png"; bbox 0 0 2351 2997; ppageno 0'>
   <div class='ocr_carea' id='block_1_1' title="bbox 560 252 1592 302">
    <p class='ocr_par' dir='ltr' id='par_1_1' title="bbox 560 252 1592 302">
     <span class='ocr_line' id='line_1_1' title="bbox 560 252 1592 302; baseline 0 -9"><span class='ocrx_word' id='word_1_1' title='bbox 560 252 640 302; x_wconf 74' lang='lat'><strong>418</strong></span> <span class='ocrx_word' id='word_1_2' title='bbox 906 255 1592 294; x_wconf 86' lang='lat' dir='ltr'><strong>EPISTOLARUM</strong></span> 
     </span>
    </p>
   </div>
   <div class='ocr_carea' id='block_1_2' title="bbox 606 487 1894 590">
    <p class='ocr_par' dir='ltr' id='par_1_2' title="bbox 606 487 1894 590">
     <span class='ocr_line' id='line_1_2' title="bbox 606 487 1894 531; baseline 0.005 -7"><span class='ocrx_word' id='word_1_3' title='bbox 606 488 670 525; x_wconf 85' lang='lat' dir='ltr'><strong>M.</strong></span> <span class='ocrx_word' id='word_1_4' title='bbox 703 489 754 525; x_wconf 92' lang='lat' dir='ltr'><strong>T.</strong></span> <span class='ocrx_word' id='word_1_5' title='bbox 788 489 837 526; x_wconf 91' lang='lat' dir='ltr'><strong>C.</strong></span> <span class='ocrx_word' id='word_1_6' title='bbox 869 488 972 526; x_wconf 81' lang='grc' dir='ltr'><strong>ΙΜΡ.</strong></span> <span class='ocrx_word' id='word_1_7' title='bbox 1015 488 1065 526; x_wconf 89' lang='lat' dir='ltr'><strong>C.</strong></span> <span class='ocrx_word' id='word_1_8' title='bbox 1096 487 1364 524; x_wconf 70' lang='lat' dir='ltr'>MARCELLO</span> <span class='ocrx_word' id='word_1_9' title='bbox 1408 488 1456 525; x_wconf 93' lang='lat' dir='ltr'><strong>C.</strong></span> <span class='ocrx_word' id='word_1_10' title='bbox 1490 489 1537 528; x_wconf 85' lang='lat' dir='ltr'><strong>F.</strong></span> <span class='ocrx_word' id='word_1_11' title='bbox 1571 490 1669 528; x_wconf 75' lang='lat' dir='ltr'><strong>Cos.</strong></span> <span class='ocrx_word' id='word_1_12' title='bbox 1703 502 1894 531; x_wconf 76' lang='lat' dir='ltr'><strong>DEsmN.</strong></span> 
     </span>
     <span class='ocr_line' id='line_1_3' title="bbox 1138 552 1372 590; baseline 0.004 -2"><span class='ocrx_word' id='word_1_13' title='bbox 1138 553 1177 590; x_wconf 90' lang='lat' dir='ltr'><strong>S.</strong></span> <span class='ocrx_word' id='word_1_14' title='bbox 1223 552 1268 589; x_wconf 90' lang='lat' dir='ltr'><strong>P.</strong></span> <span class='ocrx_word' id='word_1_15' title='bbox 1316 552 1372 589; x_wconf 83' lang='lat' dir='ltr'><strong>D.</strong></span> 
     </span>
    </p>
   </div>
   <div class='ocr_carea' id='block_1_3' title="bbox 566 678 1951 1974">
    <p class='ocr_par' dir='ltr' id='par_1_3' title="bbox 566 678 1944 733">
     <span class='ocr_line' id='line_1_4' title="bbox 566 678 1944 733; baseline 0.001 -16"><span class='ocrx_word' id='word_1_16' title='bbox 566 679 617 717; x_wconf 88' lang='lat' dir='ltr'><strong>X.</strong></span> <span class='ocrx_word' id='word_1_17' title='bbox 733 681 817 717; x_wconf 89' lang='lat' dir='ltr'><strong>UA</strong></span> <span class='ocrx_word' id='word_1_18' title='bbox 833 680 976 718; x_wconf 93' lang='lat' dir='ltr'><strong>NDO</strong></span> <span class='ocrx_word' id='word_1_19' title='bbox 1008 679 1049 717; x_wconf 88' lang='lat' dir='ltr'><strong>id</strong></span> <span class='ocrx_word' id='word_1_20' title='bbox 1077 679 1235 724; x_wconf 78' lang='lat' dir='ltr'><strong>accidit,</strong></span> <span class='ocrx_word' id='word_1_21' title='bbox 1267 679 1374 731; x_wconf 90' lang='lat' dir='ltr'><strong>quod</strong></span> <span class='ocrx_word' id='word_1_22' title='bbox 1400 678 1501 718; x_wconf 87' lang='lat' dir='ltr'><strong>mihi</strong></span> <span class='ocrx_word' id='word_1_23' title='bbox 1531 681 1702 718; x_wconf 78' lang='lat' dir='ltr'><strong>maxime</strong></span> <span class='ocrx_word' id='word_1_24' title='bbox 1728 680 1806 719; x_wconf 77' lang='lat' dir='ltr'><strong>fuit</strong></span> <span class='ocrx_word' id='word_1_25' title='bbox 1832 691 1944 733; x_wconf 87' lang='lat' dir='ltr'><strong>opta-</strong></span> 
     </span>
    </p>

    <p class='ocr_par' dir='ltr' id='par_1_4' title="bbox 566 745 1951 1974">
     <span class='ocr_line' id='line_1_5' title="bbox 751 745 1946 791; baseline 0.002 -9"><span class='ocrx_word' id='word_1_26' title='bbox 751 754 852 790; x_wconf 88' lang='lat' dir='ltr'><strong>tum,</strong></span> <span class='ocrx_word' id='word_1_27' title='bbox 873 754 917 782; x_wconf 90' lang='lat' dir='ltr'><strong>ut</strong></span> <span class='ocrx_word' id='word_1_28' title='bbox 937 746 1117 783; x_wconf 86' lang='lat' dir='ltr'><strong>omnium</strong></span> <span class='ocrx_word' id='word_1_29' title='bbox 1139 745 1437 789; x_wconf 79' lang='lat' dir='ltr'><strong>Marcellorum,</strong></span> <span class='ocrx_word' id='word_1_30' title='bbox 1463 746 1789 784; x_wconf 76' lang='lat' dir='ltr'><strong>Marcellinorum</strong></span> <span class='ocrx_word' id='word_1_31' title='bbox 1810 747 1946 791; x_wconf 80' lang='lat' dir='ltr'><strong>etiam,</strong></span> 
     </span>
     <span class='ocr_line' id='line_1_6' title="bbox 568 810 1947 863; baseline 0.001 -15"><span class='ocrx_word' id='word_1_32' title='bbox 568 811 776 861; x_wconf 79' lang='lat' dir='ltr'><strong>(mirificus</strong></span> <span class='ocrx_word' id='word_1_33' title='bbox 798 811 905 848; x_wconf 84' lang='lat' dir='ltr'><strong>enim</strong></span> <span class='ocrx_word' id='word_1_34' title='bbox 924 811 1075 862; x_wconf 85' lang='lat' dir='ltr'><strong>generis</strong></span> <span class='ocrx_word' id='word_1_35' title='bbox 1096 824 1138 847; x_wconf 84' lang='lat' dir='ltr'><strong>ac</strong></span> <span class='ocrx_word' id='word_1_36' title='bbox 1160 810 1331 847; x_wconf 81' lang='lat' dir='ltr'><strong>nominis</strong></span> <span class='ocrx_word' id='word_1_37' title='bbox 1353 810 1463 848; x_wconf 85' lang='lat' dir='ltr'><strong>vestri</strong></span> <span class='ocrx_word' id='word_1_38' title='bbox 1491 810 1568 848; x_wconf 83' lang='lat' dir='ltr'><strong>fuit</strong></span> <span class='ocrx_word' id='word_1_39' title='bbox 1595 825 1683 863; x_wconf 84' lang='lat' dir='ltr'><strong>erga</strong></span> <span class='ocrx_word' id='word_1_40' title='bbox 1710 825 1772 849; x_wconf 91' lang='lat' dir='ltr'><strong>me</strong></span> <span class='ocrx_word' id='word_1_41' title='bbox 1798 811 1947 863; x_wconf 82' lang='lat' dir='ltr'><strong>semper</strong></span> 
     </span>
     <span class='ocr_line' id='line_1_7' title="bbox 566 874 1948 928; baseline 0 -14"><span class='ocrx_word' id='word_1_42' title='bbox 566 876 738 926; x_wconf 76' lang='lat' dir='ltr'><strong>animus)</strong></span> <span class='ocrx_word' id='word_1_43' title='bbox 769 875 924 928; x_wconf 83' lang='lat' dir='ltr'><strong>quando</strong></span> <span class='ocrx_word' id='word_1_44' title='bbox 951 889 1043 927; x_wconf 84' lang='lat' dir='ltr'><strong>ergo</strong></span> <span class='ocrx_word' id='word_1_45' title='bbox 1072 876 1126 912; x_wconf 81' lang='lat' dir='ltr'><strong>ita</strong></span> <span class='ocrx_word' id='word_1_46' title='bbox 1153 874 1311 919; x_wconf 79' lang='lat' dir='ltr'><strong>accidit,</strong></span> <span class='ocrx_word' id='word_1_47' title='bbox 1343 883 1386 912; x_wconf 89' lang='lat' dir='ltr'><strong>ut</strong></span> <span class='ocrx_word' id='word_1_48' title='bbox 1413 877 1594 913; x_wconf 85' lang='lat' dir='ltr'><strong>omnium</strong></span> <span class='ocrx_word' id='word_1_49' title='bbox 1619 876 1788 914; x_wconf 88' lang='lat' dir='ltr'><strong>vestrum</strong></span> <span class='ocrx_word' id='word_1_50' title='bbox 1820 877 1948 914; x_wconf 83' lang='lat' dir='ltr'><strong>studio</strong></span> 
     </span>
     <span class='ocr_line' id='line_1_8' title="bbox 566 940 1947 992; baseline 0 -13"><span class='ocrx_word' id='word_1_51' title='bbox 566 951 657 979; x_wconf 86' lang='lat' dir='ltr'><strong>tuus</strong></span> <span class='ocrx_word' id='word_1_52' title='bbox 679 941 900 979; x_wconf 83' lang='lat' dir='ltr'><strong>consulatus</strong></span> <span class='ocrx_word' id='word_1_53' title='bbox 922 940 1136 978; x_wconf 80' lang='lat' dir='ltr'>satisfacere</span> <span class='ocrx_word' id='word_1_54' title='bbox 1157 940 1291 992; x_wconf 62' lang='lat' dir='ltr'><strong>postet,</strong></span> <span class='ocrx_word' id='word_1_55' title='bbox 1311 940 1350 976; x_wconf 87' lang='lat' dir='ltr'><strong>in</strong></span> <span class='ocrx_word' id='word_1_56' title='bbox 1372 954 1490 991; x_wconf 85' lang='lat' dir='ltr'><strong>quem</strong></span> <span class='ocrx_word' id='word_1_57' title='bbox 1507 954 1601 978; x_wconf 81' lang='lat' dir='ltr'><strong>meae</strong></span> <span class='ocrx_word' id='word_1_58' title='bbox 1622 954 1678 978; x_wconf 85' lang='lat' dir='ltr'><strong>res</strong></span> <span class='ocrx_word' id='word_1_59' title='bbox 1700 941 1826 992; x_wconf 83' lang='lat' dir='ltr'><strong>gestae,</strong></span> <span class='ocrx_word' id='word_1_60' title='bbox 1843 941 1947 979; x_wconf 88' lang='lat' dir='ltr'><strong>laus-</strong></span> 
     </span>
     <span class='ocr_line' id='line_1_9' title="bbox 566 1005 1948 1058; baseline 0 -14"><span class='ocrx_word' id='word_1_61' title='bbox 566 1020 642 1057; x_wconf 85' lang='lat' dir='ltr'><strong>que</strong></span> <span class='ocrx_word' id='word_1_62' title='bbox 662 1015 701 1044; x_wconf 90' lang='lat' dir='ltr'><strong>et</strong></span> <span class='ocrx_word' id='word_1_63' title='bbox 719 1006 844 1044; x_wconf 89' lang='lat' dir='ltr'>honos</span> <span class='ocrx_word' id='word_1_64' title='bbox 865 1019 997 1043; x_wconf 85' lang='lat' dir='ltr'><strong>earum</strong></span> <span class='ocrx_word' id='word_1_65' title='bbox 1018 1005 1260 1058; x_wconf 67' lang='lat' dir='ltr'><strong>potissimum</strong></span> <span class='ocrx_word' id='word_1_66' title='bbox 1281 1005 1497 1050; x_wconf 85' lang='lat' dir='ltr'><strong>incideret;</strong></span> <span class='ocrx_word' id='word_1_67' title='bbox 1530 1015 1620 1057; x_wconf 89' lang='lat' dir='ltr'><strong>peto</strong></span> <span class='ocrx_word' id='word_1_68' title='bbox 1646 1019 1667 1042; x_wconf 87' lang='lat' dir='ltr'>a</span> <span class='ocrx_word' id='word_1_69' title='bbox 1692 1015 1729 1043; x_wconf 88' lang='lat' dir='ltr'><strong>te</strong></span> <span class='ocrx_word' id='word_1_70' title='bbox 1757 1007 1810 1051; x_wconf 88' lang='lat' dir='ltr'><strong>id,</strong></span> <span class='ocrx_word' id='word_1_71' title='bbox 1842 1007 1948 1058; x_wconf 89' lang='lat' dir='ltr'><strong>quod</strong></span> 
     </span>
     <span class='ocr_line' id='line_1_10' title="bbox 567 1070 1949 1122; baseline 0 -13"><span class='ocrx_word' id='word_1_72' title='bbox 567 1071 805 1110; x_wconf 84' lang='lat' dir='ltr'><strong>facillimum</strong></span> <span class='ocrx_word' id='word_1_73' title='bbox 834 1070 939 1109; x_wconf 63' lang='lat' dir='ltr'><strong>fai&#39;cu</strong></span> <span class='ocrx_word' id='word_1_74' title='bbox 970 1071 1037 1115; x_wconf 88' lang='lat' dir='ltr'><strong>est,</strong></span> <span class='ocrx_word' id='word_1_75' title='bbox 1068 1084 1147 1108; x_wconf 89' lang='lat' dir='ltr'><strong>non</strong></span> <span class='ocrx_word' id='word_1_76' title='bbox 1176 1071 1414 1122; x_wconf 80' lang='lat' dir='ltr'>aspernante,</span> <span class='ocrx_word' id='word_1_77' title='bbox 1446 1079 1490 1108; x_wconf 89' lang='lat' dir='ltr'><strong>ut</strong></span> <span class='ocrx_word' id='word_1_78' title='bbox 1524 1070 1694 1115; x_wconf 91' lang='lat' dir='ltr'><strong>confido,</strong></span> <span class='ocrx_word' id='word_1_79' title='bbox 1726 1071 1872 1116; x_wconf 84' lang='lat' dir='ltr'><strong>senatu,</strong></span> <span class='ocrx_word' id='word_1_80' title='bbox 1904 1081 1949 1109; x_wconf 89' lang='lat' dir='ltr'><strong>ut</strong></span> 
     </span>
     <span class='ocr_line' id='line_1_11' title="bbox 567 1136 1947 1189; baseline 0 -14"><span class='ocrx_word' id='word_1_81' title='bbox 567 1152 684 1189; x_wconf 82' lang='lat' dir='ltr'><strong>quam</strong></span> <span class='ocrx_word' id='word_1_82' title='bbox 705 1137 1140 1175; x_wconf 85' lang='lat' dir='ltr'><strong>honorificentiffimum</strong></span> <span class='ocrx_word' id='word_1_83' title='bbox 1162 1136 1579 1180; x_wconf 84' lang='lat' dir='ltr'><strong>senatus-consultum,</strong></span> <span class='ocrx_word' id='word_1_84' title='bbox 1610 1137 1733 1174; x_wconf 86' lang='lat' dir='ltr'><strong>literis</strong></span> <span class='ocrx_word' id='word_1_85' title='bbox 1760 1137 1857 1174; x_wconf 88' lang='lat' dir='ltr'><strong>meis</strong></span> <span class='ocrx_word' id='word_1_86' title='bbox 1886 1151 1947 1175; x_wconf 90' lang='lat' dir='ltr'><strong>re-</strong></span> 
     </span>
     <span class='ocr_line' id='line_1_12' title="bbox 567 1201 1949 1254; baseline -0.001 -13"><span class='ocrx_word' id='word_1_87' title='bbox 567 1204 711 1249; x_wconf 85' lang='lat' dir='ltr'><strong>citatis,</strong></span> <span class='ocrx_word' id='word_1_88' title='bbox 742 1202 966 1241; x_wconf 84' lang='lat' dir='ltr'><strong>faciendum</strong></span> <span class='ocrx_word' id='word_1_89' title='bbox 986 1216 1110 1240; x_wconf 87' lang='lat' dir='ltr'><strong>cures.</strong></span> <span class='ocrx_word' id='word_1_90' title='bbox 1144 1203 1183 1239; x_wconf 86' lang='lat' dir='ltr'><strong>Si</strong></span> <span class='ocrx_word' id='word_1_91' title='bbox 1203 1201 1305 1239; x_wconf 85' lang='lat' dir='ltr'><strong>mihi</strong></span> <span class='ocrx_word' id='word_1_92' title='bbox 1326 1212 1458 1241; x_wconf 87' lang='lat' dir='ltr'><strong>tecum</strong></span> <span class='ocrx_word' id='word_1_93' title='bbox 1478 1202 1609 1240; x_wconf 86' lang='lat' dir='ltr'><strong>minus</strong></span> <span class='ocrx_word' id='word_1_94' title='bbox 1630 1202 1734 1247; x_wconf 83' lang='lat' dir='ltr'><strong>effet,</strong></span> <span class='ocrx_word' id='word_1_95' title='bbox 1756 1216 1875 1254; x_wconf 86' lang='lat' dir='ltr'><strong>quarn</strong></span> <span class='ocrx_word' id='word_1_96' title='bbox 1895 1202 1949 1240; x_wconf 88' lang='lat' dir='ltr'><strong>est</strong></span> 
     </span>
     <span class='ocr_line' id='line_1_13' title="bbox 569 1268 1949 1321; baseline -0.001 -14"><span class='ocrx_word' id='word_1_97' title='bbox 569 1284 661 1308; x_wconf 83' lang='lat' dir='ltr'><strong>curn</strong></span> <span class='ocrx_word' id='word_1_98' title='bbox 682 1271 759 1307; x_wconf 88' lang='lat' dir='ltr'><strong>tuis</strong></span> <span class='ocrx_word' id='word_1_99' title='bbox 781 1269 980 1313; x_wconf 77' lang='lat' dir='ltr'><strong>omnibus,</strong></span> <span class='ocrx_word' id='word_1_100' title='bbox 998 1269 1204 1321; x_wconf 87' lang='lat' dir='ltr'>allegarem</span> <span class='ocrx_word' id='word_1_101' title='bbox 1225 1268 1270 1306; x_wconf 85' lang='lat' dir='ltr'><strong>ad</strong></span> <span class='ocrx_word' id='word_1_102' title='bbox 1293 1278 1331 1306; x_wconf 90' lang='lat' dir='ltr'><strong>te</strong></span> <span class='ocrx_word' id='word_1_103' title='bbox 1350 1268 1455 1313; x_wconf 84' lang='lat' dir='ltr'><strong>illos,</strong></span> <span class='ocrx_word' id='word_1_104' title='bbox 1472 1282 1493 1306; x_wconf 85' lang='lat' dir='ltr'>a</span> <span class='ocrx_word' id='word_1_105' title='bbox 1508 1268 1652 1320; x_wconf 83' lang='lat' dir='ltr'><strong>quibus</strong></span> <span class='ocrx_word' id='word_1_106' title='bbox 1673 1269 1864 1320; x_wconf 87' lang='lat' dir='ltr'><strong>intelligis</strong></span> <span class='ocrx_word' id='word_1_107' title='bbox 1884 1282 1949 1306; x_wconf 88' lang='lat' dir='ltr'><strong>me</strong></span> 
     </span>
     <span class='ocr_line' id='line_1_14' title="bbox 566 1333 1947 1388; baseline 0 -16"><span class='ocrx_word' id='word_1_108' title='bbox 566 1335 763 1388; x_wconf 83' lang='lat' dir='ltr'><strong>praecipue</strong></span> <span class='ocrx_word' id='word_1_109' title='bbox 783 1334 910 1387; x_wconf 84' lang='lat' dir='ltr'>diligi.</span> <span class='ocrx_word' id='word_1_110' title='bbox 959 1335 1082 1372; x_wconf 83' lang='lat' dir='ltr'>Patris</span> <span class='ocrx_word' id='word_1_111' title='bbox 1114 1335 1171 1372; x_wconf 90' lang='lat' dir='ltr'><strong>tui</strong></span> <span class='ocrx_word' id='word_1_112' title='bbox 1203 1334 1390 1372; x_wconf 84' lang='lat' dir='ltr'><strong>beneficia</strong></span> <span class='ocrx_word' id='word_1_113' title='bbox 1419 1334 1460 1372; x_wconf 90' lang='lat' dir='ltr'><strong>in</strong></span> <span class='ocrx_word' id='word_1_114' title='bbox 1490 1347 1553 1371; x_wconf 89' lang='lat' dir='ltr'><strong>me</strong></span> <span class='ocrx_word' id='word_1_115' title='bbox 1580 1334 1667 1371; x_wconf 88' lang='lat' dir='ltr'><strong>sunt</strong></span> <span class='ocrx_word' id='word_1_116' title='bbox 1688 1333 1947 1386; x_wconf 72' lang='lat' dir='ltr'><strong>amplissima:</strong></span> 
     </span>
     <span class='ocr_line' id='line_1_15' title="bbox 567 1398 1948 1453; baseline -0.002 -15"><span class='ocrx_word' id='word_1_117' title='bbox 567 1413 695 1453; x_wconf 87' lang='lat' dir='ltr'><strong>neque</strong></span> <span class='ocrx_word' id='word_1_118' title='bbox 714 1401 821 1438; x_wconf 89' lang='lat' dir='ltr'><strong>enim</strong></span> <span class='ocrx_word' id='word_1_119' title='bbox 841 1400 954 1438; x_wconf 86' lang='lat' dir='ltr'><strong>saluti</strong></span> <span class='ocrx_word' id='word_1_120' title='bbox 974 1413 1084 1444; x_wconf 83' lang='lat' dir='ltr'><strong>meae,</strong></span> <span class='ocrx_word' id='word_1_121' title='bbox 1116 1412 1242 1452; x_wconf 88' lang='lat' dir='ltr'><strong>neque</strong></span> <span class='ocrx_word' id='word_1_122' title='bbox 1261 1398 1417 1443; x_wconf 88' lang='lat' dir='ltr'><strong>honori,</strong></span> <span class='ocrx_word' id='word_1_123' title='bbox 1449 1399 1611 1436; x_wconf 86' lang='lat' dir='ltr'>amicior</span> <span class='ocrx_word' id='word_1_124' title='bbox 1631 1399 1838 1450; x_wconf 85' lang='lat' dir='ltr'><strong>quisquam</strong></span> <span class='ocrx_word' id='word_1_125' title='bbox 1868 1398 1948 1436; x_wconf 87' lang='lat' dir='ltr'><strong>dici</strong></span> 
     </span>
     <span class='ocr_line' id='line_1_16' title="bbox 566 1462 1949 1518; baseline -0.002 -14"><span class='ocrx_word' id='word_1_126' title='bbox 566 1466 706 1518; x_wconf 88' lang='lat' dir='ltr'><strong>potest.</strong></span> <span class='ocrx_word' id='word_1_127' title='bbox 756 1467 890 1503; x_wconf 83' lang='lat' dir='ltr'>Frater</span> <span class='ocrx_word' id='word_1_128' title='bbox 917 1475 1007 1503; x_wconf 86' lang='lat' dir='ltr'><strong>tuus</strong></span> <span class='ocrx_word' id='word_1_129' title='bbox 1035 1466 1172 1517; x_wconf 87' lang='lat' dir='ltr'><strong>quanti</strong></span> <span class='ocrx_word' id='word_1_130' title='bbox 1199 1477 1262 1502; x_wconf 87' lang='lat' dir='ltr'><strong>me</strong></span> <span class='ocrx_word' id='word_1_131' title='bbox 1285 1464 1416 1509; x_wconf 83' lang='lat' dir='ltr'><strong>faciat,</strong></span> <span class='ocrx_word' id='word_1_132' title='bbox 1448 1464 1675 1516; x_wconf 83' lang='lat' dir='ltr'><strong>semperque</strong></span> <span class='ocrx_word' id='word_1_133' title='bbox 1694 1462 1846 1508; x_wconf 87' lang='lat' dir='ltr'><strong>fecerit,</strong></span> <span class='ocrx_word' id='word_1_134' title='bbox 1877 1463 1949 1501; x_wconf 83' lang='lat' dir='ltr'><strong>effe</strong></span> 
     </span>
     <span class='ocr_line' id='line_1_17' title="bbox 567 1528 1951 1582; baseline -0.002 -14"><span class='ocrx_word' id='word_1_135' title='bbox 567 1529 774 1568; x_wconf 87' lang='lat' dir='ltr'><strong>hominem</strong></span> <span class='ocrx_word' id='word_1_136' title='bbox 794 1531 862 1582; x_wconf 87' lang='lat' dir='ltr'><strong>qui</strong></span> <span class='ocrx_word' id='word_1_137' title='bbox 883 1531 1036 1581; x_wconf 84' lang='lat' dir='ltr'><strong>ignoret</strong></span> <span class='ocrx_word' id='word_1_138' title='bbox 1057 1530 1223 1567; x_wconf 85' lang='lat' dir='ltr'>arbitror</span> <span class='ocrx_word' id='word_1_139' title='bbox 1243 1530 1457 1566; x_wconf 84' lang='lat' dir='ltr'><strong>neminem.</strong></span> <span class='ocrx_word' id='word_1_140' title='bbox 1504 1530 1659 1566; x_wconf 83' lang='lat' dir='ltr'><strong>Domus</strong></span> <span class='ocrx_word' id='word_1_141' title='bbox 1688 1537 1753 1565; x_wconf 90' lang='lat' dir='ltr'><strong>tua</strong></span> <span class='ocrx_word' id='word_1_142' title='bbox 1782 1528 1951 1580; x_wconf 85' lang='lat' dir='ltr'><strong>denique</strong></span> 
     </span>
     <span class='ocr_line' id='line_1_18' title="bbox 566 1593 1950 1647; baseline -0.002 -14"><span class='ocrx_word' id='word_1_143' title='bbox 566 1603 650 1633; x_wconf 85' lang='lat' dir='ltr'><strong>tota</strong></span> <span class='ocrx_word' id='word_1_144' title='bbox 668 1608 732 1633; x_wconf 88' lang='lat' dir='ltr'><strong>me</strong></span> <span class='ocrx_word' id='word_1_145' title='bbox 753 1595 901 1647; x_wconf 84' lang='lat' dir='ltr'><strong>semper</strong></span> <span class='ocrx_word' id='word_1_146' title='bbox 921 1595 1104 1632; x_wconf 84' lang='lat' dir='ltr'><strong>omnibus</strong></span> <span class='ocrx_word' id='word_1_147' title='bbox 1127 1594 1288 1632; x_wconf 85' lang='lat' dir='ltr'><strong>summis</strong></span> <span class='ocrx_word' id='word_1_148' title='bbox 1310 1594 1450 1631; x_wconf 83' lang='lat' dir='ltr'><strong>officiis</strong></span> <span class='ocrx_word' id='word_1_149' title='bbox 1473 1593 1673 1645; x_wconf 85' lang='lat' dir='ltr'><strong>prosecuta</strong></span> <span class='ocrx_word' id='word_1_150' title='bbox 1692 1593 1759 1631; x_wconf 89' lang='lat' dir='ltr'><strong>est.</strong></span> <span class='ocrx_word' id='word_1_151' title='bbox 1806 1594 1950 1645; x_wconf 87' lang='lat' dir='ltr'><strong>Neque</strong></span> 
     </span>
     <span class='ocr_line' id='line_1_19' title="bbox 567 1658 1950 1712; baseline -0.002 -14"><span class='ocrx_word' id='word_1_152' title='bbox 567 1673 657 1698; x_wconf 89' lang='lat' dir='ltr'><strong>vero</strong></span> <span class='ocrx_word' id='word_1_153' title='bbox 678 1669 720 1698; x_wconf 91' lang='lat' dir='ltr'><strong>tu</strong></span> <span class='ocrx_word' id='word_1_154' title='bbox 740 1661 781 1697; x_wconf 89' lang='lat' dir='ltr'><strong>in</strong></span> <span class='ocrx_word' id='word_1_155' title='bbox 803 1674 865 1697; x_wconf 89' lang='lat' dir='ltr'><strong>me</strong></span> <span class='ocrx_word' id='word_1_156' title='bbox 885 1660 1086 1712; x_wconf 86' lang='lat' dir='ltr'><strong>diligendo</strong></span> <span class='ocrx_word' id='word_1_157' title='bbox 1107 1661 1292 1711; x_wconf 85' lang='lat' dir='ltr'><strong>cuiquam</strong></span> <span class='ocrx_word' id='word_1_158' title='bbox 1317 1658 1530 1696; x_wconf 85' lang='lat' dir='ltr'><strong>conceffisti</strong></span> <span class='ocrx_word' id='word_1_159' title='bbox 1550 1668 1725 1696; x_wconf 60' lang='lat' dir='ltr'><strong>tuorum„</strong></span> <span class='ocrx_word' id='word_1_160' title='bbox 1771 1659 1903 1709; x_wconf 85' lang='lat' dir='ltr'><strong>Qare</strong></span> <span class='ocrx_word' id='word_1_161' title='bbox 1929 1671 1950 1695; x_wconf 86' lang='lat' dir='ltr'>a</span> 
     </span>
     <span class='ocr_line' id='line_1_20' title="bbox 567 1723 1948 1777; baseline -0.001 -15"><span class='ocrx_word' id='word_1_162' title='bbox 567 1734 606 1762; x_wconf 83' lang='lat' dir='ltr'><strong>te</strong></span> <span class='ocrx_word' id='word_1_163' title='bbox 626 1733 718 1777; x_wconf 92' lang='lat' dir='ltr'><strong>peto</strong></span> <span class='ocrx_word' id='word_1_164' title='bbox 737 1726 925 1777; x_wconf 77' lang='lat' dir='ltr'><strong>majorem</strong></span> <span class='ocrx_word' id='word_1_165' title='bbox 951 1725 993 1762; x_wconf 89' lang='lat' dir='ltr'><strong>in</strong></span> <span class='ocrx_word' id='word_1_166' title='bbox 1019 1725 1198 1769; x_wconf 88' lang='lat' dir='ltr'><strong>modum,</strong></span> <span class='ocrx_word' id='word_1_167' title='bbox 1232 1733 1274 1762; x_wconf 90' lang='lat' dir='ltr'><strong>ut</strong></span> <span class='ocrx_word' id='word_1_168' title='bbox 1295 1738 1358 1762; x_wconf 90' lang='lat' dir='ltr'><strong>me</strong></span> <span class='ocrx_word' id='word_1_169' title='bbox 1379 1738 1446 1776; x_wconf 86' lang='lat' dir='ltr'><strong>per</strong></span> <span class='ocrx_word' id='word_1_170' title='bbox 1467 1734 1503 1762; x_wconf 89' lang='lat' dir='ltr'><strong>te</strong></span> <span class='ocrx_word' id='word_1_171' title='bbox 1524 1737 1642 1777; x_wconf 85' lang='lat' dir='ltr'><strong>quam</strong></span> <span class='ocrx_word' id='word_1_172' title='bbox 1662 1723 1948 1761; x_wconf 81' lang='lat' dir='ltr'><strong>ornatiffimum</strong></span> 
     </span>
     <span class='ocr_line' id='line_1_21' title="bbox 566 1789 1948 1843; baseline -0.001 -15"><span class='ocrx_word' id='word_1_173' title='bbox 566 1791 662 1828; x_wconf 89' lang='lat' dir='ltr'><strong>velis</strong></span> <span class='ocrx_word' id='word_1_174' title='bbox 697 1791 795 1835; x_wconf 74' lang='lat' dir='ltr'><strong>effe5</strong></span> <span class='ocrx_word' id='word_1_175' title='bbox 842 1804 1049 1842; x_wconf 83' lang='lat' dir='ltr'><strong>meamque</strong></span> <span class='ocrx_word' id='word_1_176' title='bbox 1083 1801 1120 1829; x_wconf 84' lang='lat' dir='ltr'><strong>et</strong></span> <span class='ocrx_word' id='word_1_177' title='bbox 1160 1791 1200 1828; x_wconf 87' lang='lat' dir='ltr'><strong>in</strong></span> <span class='ocrx_word' id='word_1_178' title='bbox 1235 1790 1518 1843; x_wconf 87' lang='lat' dir='ltr'><strong>supplicatione</strong></span> <span class='ocrx_word' id='word_1_179' title='bbox 1557 1789 1797 1828; x_wconf 83' lang='lat' dir='ltr'><strong>decernenda</strong></span> <span class='ocrx_word' id='word_1_180' title='bbox 1829 1798 1868 1826; x_wconf 87' lang='lat' dir='ltr'><strong>et</strong></span> <span class='ocrx_word' id='word_1_181' title='bbox 1907 1789 1948 1826; x_wconf 88' lang='lat' dir='ltr'><strong>in</strong></span> 
     </span>
     <span class='ocr_line' id='line_1_22' title="bbox 568 1854 1948 1895; baseline -0.001 -1"><span class='ocrx_word' id='word_1_182' title='bbox 568 1857 714 1895; x_wconf 69' lang='lat' dir='ltr'><strong>caeteris</strong></span> <span class='ocrx_word' id='word_1_183' title='bbox 754 1857 868 1894; x_wconf 90' lang='lat' dir='ltr'><strong>rebus</strong></span> <span class='ocrx_word' id='word_1_184' title='bbox 908 1856 1235 1895; x_wconf 76' lang='lat' dir='ltr'><strong>existimationem</strong></span> <span class='ocrx_word' id='word_1_185' title='bbox 1275 1856 1362 1895; x_wconf 82' lang='lat' dir='ltr'><strong>satis</strong></span> <span class='ocrx_word' id='word_1_186' title='bbox 1405 1856 1479 1894; x_wconf 83' lang='lat' dir='ltr'>tibi</span> <span class='ocrx_word' id='word_1_187' title='bbox 1520 1855 1592 1894; x_wconf 85' lang='lat' dir='ltr'><strong>effe</strong></span> <span class='ocrx_word' id='word_1_188' title='bbox 1632 1854 1948 1894; x_wconf 84' lang='lat' dir='ltr'><strong>commendatam</strong></span> 
     </span>
     <span class='ocr_line' id='line_1_23' title="bbox 568 1921 838 1974; baseline -0.004 -15"><span class='ocrx_word' id='word_1_189' title='bbox 568 1930 694 1974; x_wconf 86' lang='lat' dir='ltr'><strong>putes.</strong></span> <span class='ocrx_word' id='word_1_190' title='bbox 727 1921 838 1959; x_wconf 90' lang='lat' dir='ltr'><strong>Vale.</strong></span> 
     </span>
    </p>
   </div>
   <div class='ocr_carea' id='block_1_4' title="bbox 569 2119 1952 2160">
    <p class='ocr_par' dir='ltr' id='par_1_5' title="bbox 569 2119 1952 2160">
     <span class='ocr_line' id='line_1_24' title="bbox 569 2119 1952 2160; baseline -0.002 0"><span class='ocrx_word' id='word_1_191' title='bbox 569 2121 633 2160; x_wconf 92' lang='lat' dir='ltr'><strong>M.</strong></span> <span class='ocrx_word' id='word_1_192' title='bbox 666 2121 719 2159; x_wconf 88' lang='lat' dir='ltr'><strong>T.</strong></span> <span class='ocrx_word' id='word_1_193' title='bbox 754 2122 802 2160; x_wconf 92' lang='lat' dir='ltr'><strong>C.</strong></span> <span class='ocrx_word' id='word_1_194' title='bbox 836 2122 938 2159; x_wconf 78' lang='grc' dir='ltr'>ΙΜΡ.</span> <span class='ocrx_word' id='word_1_195' title='bbox 983 2122 1030 2159; x_wconf 92' lang='lat' dir='ltr'><strong>C.</strong></span> <span class='ocrx_word' id='word_1_196' title='bbox 1064 2120 1330 2158; x_wconf 75' lang='lat' dir='ltr'>MARCELLO</span> <span class='ocrx_word' id='word_1_197' title='bbox 1364 2121 1465 2158; x_wconf 82' lang='lat' dir='ltr'><strong>Cos,</strong></span> <span class='ocrx_word' id='word_1_198' title='bbox 1510 2133 1698 2158; x_wconf 74' lang='lat' dir='ltr'><strong>DESIGN.</strong></span> <span class='ocrx_word' id='word_1_199' title='bbox 1743 2120 1779 2158; x_wconf 91' lang='lat' dir='ltr'><strong>S.</strong></span> <span class='ocrx_word' id='word_1_200' title='bbox 1814 2119 1858 2158; x_wconf 90' lang='lat' dir='ltr'><strong>P.</strong></span> <span class='ocrx_word' id='word_1_201' title='bbox 1892 2119 1952 2157; x_wconf 84' lang='lat' dir='ltr'><strong>D.</strong></span> 
     </span>
    </p>
   </div>
   <div class='ocr_carea' id='block_1_5' title="bbox 569 2245 1950 2563">
    <p class='ocr_par' dir='ltr' id='par_1_6' title="bbox 569 2245 1949 2335">
     <span class='ocr_line' id='line_1_25' title="bbox 569 2245 1949 2335; baseline -0.001 -50"><span class='ocrx_word' id='word_1_202' title='bbox 569 2248 643 2286; x_wconf 90' lang='lat' dir='ltr'><strong>XI.</strong></span> <span class='ocrx_word' id='word_1_203' title='bbox 668 2248 1015 2335; x_wconf 79' lang='lat' dir='ltr'><strong>QUANTAE</strong></span> <span class='ocrx_word' id='word_1_204' title='bbox 1048 2262 1148 2286; x_wconf 84' lang='lat' dir='ltr'><strong>curae</strong></span> <span class='ocrx_word' id='word_1_205' title='bbox 1182 2248 1256 2285; x_wconf 89' lang='lat' dir='ltr'>tibi</span> <span class='ocrx_word' id='word_1_206' title='bbox 1289 2262 1397 2287; x_wconf 82' lang='lat' dir='ltr'><strong>meus</strong></span> <span class='ocrx_word' id='word_1_207' title='bbox 1431 2247 1555 2285; x_wconf 86' lang='lat' dir='ltr'>honos</span> <span class='ocrx_word' id='word_1_208' title='bbox 1591 2245 1725 2292; x_wconf 81' lang='lat' dir='ltr'><strong>fuerit,</strong></span> <span class='ocrx_word' id='word_1_209' title='bbox 1757 2256 1796 2284; x_wconf 86' lang='lat' dir='ltr'><strong>et</strong></span> <span class='ocrx_word' id='word_1_210' title='bbox 1830 2260 1949 2299; x_wconf 87' lang='lat' dir='ltr'><strong>quam</strong></span> 
     </span>
    </p>

    <p class='ocr_par' dir='ltr' id='par_1_7' title="bbox 569 2312 1950 2563">
     <span class='ocr_line' id='line_1_26' title="bbox 775 2312 1948 2364; baseline -0.001 -14"><span class='ocrx_word' id='word_1_211' title='bbox 775 2314 879 2351; x_wconf 89' lang='lat' dir='ltr'><strong>idem</strong></span> <span class='ocrx_word' id='word_1_212' title='bbox 899 2314 1072 2351; x_wconf 80' lang='lat' dir='ltr'><strong>extiteris</strong></span> <span class='ocrx_word' id='word_1_213' title='bbox 1093 2313 1227 2350; x_wconf 84' lang='lat' dir='ltr'><strong>consul</strong></span> <span class='ocrx_word' id='word_1_214' title='bbox 1250 2313 1289 2350; x_wconf 91' lang='lat' dir='ltr'><strong>in</strong></span> <span class='ocrx_word' id='word_1_215' title='bbox 1312 2327 1373 2351; x_wconf 88' lang='lat' dir='ltr'><strong>me</strong></span> <span class='ocrx_word' id='word_1_216' title='bbox 1395 2312 1568 2350; x_wconf 79' lang='lat' dir='ltr'>ornando</span> <span class='ocrx_word' id='word_1_217' title='bbox 1592 2321 1630 2349; x_wconf 90' lang='lat' dir='ltr'><strong>et</strong></span> <span class='ocrx_word' id='word_1_218' title='bbox 1657 2312 1948 2364; x_wconf 83' lang='lat' dir='ltr'><strong>amplificando,</strong></span> 
     </span>
     <span class='ocr_line' id='line_1_27' title="bbox 569 2376 1950 2431; baseline -0.003 -14"><span class='ocrx_word' id='word_1_219' title='bbox 569 2379 638 2431; x_wconf 89' lang='lat' dir='ltr'><strong>qui</strong></span> <span class='ocrx_word' id='word_1_220' title='bbox 665 2379 789 2417; x_wconf 81' lang='lat' dir='ltr'><strong>fueras</strong></span> <span class='ocrx_word' id='word_1_221' title='bbox 818 2379 966 2430; x_wconf 84' lang='lat' dir='ltr'><strong>semper</strong></span> <span class='ocrx_word' id='word_1_222' title='bbox 985 2392 1077 2416; x_wconf 83' lang='lat' dir='ltr'><strong>cum</strong></span> <span class='ocrx_word' id='word_1_223' title='bbox 1098 2378 1322 2430; x_wconf 84' lang='lat' dir='ltr'><strong>parentibus</strong></span> <span class='ocrx_word' id='word_1_224' title='bbox 1346 2379 1422 2415; x_wconf 84' lang='lat' dir='ltr'><strong>tuis</strong></span> <span class='ocrx_word' id='word_1_225' title='bbox 1444 2386 1481 2415; x_wconf 91' lang='lat' dir='ltr'><strong>et</strong></span> <span class='ocrx_word' id='word_1_226' title='bbox 1503 2390 1594 2414; x_wconf 86' lang='lat' dir='ltr'><strong>cum</strong></span> <span class='ocrx_word' id='word_1_227' title='bbox 1617 2385 1697 2414; x_wconf 84' lang='lat' dir='ltr'>tota</span> <span class='ocrx_word' id='word_1_228' title='bbox 1718 2377 1850 2421; x_wconf 91' lang='lat' dir='ltr'><strong>domo,</strong></span> <span class='ocrx_word' id='word_1_229' title='bbox 1883 2376 1950 2414; x_wconf 74' lang='lat' dir='ltr'><strong>etsi</strong></span> 
     </span>
     <span class='ocr_line' id='line_1_28' title="bbox 570 2442 1947 2497; baseline -0.004 -13"><span class='ocrx_word' id='word_1_230' title='bbox 570 2459 626 2484; x_wconf 84' lang='lat' dir='ltr'><strong>res</strong></span> <span class='ocrx_word' id='word_1_231' title='bbox 649 2445 728 2497; x_wconf 80' lang='lat' dir='ltr'><strong>ipsa</strong></span> <span class='ocrx_word' id='word_1_232' title='bbox 748 2445 993 2496; x_wconf 77' lang='lat' dir='ltr'><strong>loquebatur,</strong></span> <span class='ocrx_word' id='word_1_233' title='bbox 1025 2445 1192 2495; x_wconf 83' lang='lat' dir='ltr'><strong>cognovi</strong></span> <span class='ocrx_word' id='word_1_234' title='bbox 1213 2453 1341 2481; x_wconf 85' lang='lat' dir='ltr'><strong>tamen</strong></span> <span class='ocrx_word' id='word_1_235' title='bbox 1372 2458 1418 2481; x_wconf 84' lang='lat' dir='ltr'><strong>ex</strong></span> <span class='ocrx_word' id='word_1_236' title='bbox 1450 2456 1628 2481; x_wconf 87' lang='lat' dir='ltr'><strong>meorum</strong></span> <span class='ocrx_word' id='word_1_237' title='bbox 1652 2443 1833 2480; x_wconf 89' lang='lat' dir='ltr'><strong>omnium</strong></span> <span class='ocrx_word' id='word_1_238' title='bbox 1854 2442 1947 2479; x_wconf 89' lang='lat' dir='ltr'><strong>lite-</strong></span> 
     </span>
     <span class='ocr_line' id='line_1_29' title="bbox 569 2507 1945 2563; baseline -0.003 -14"><span class='ocrx_word' id='word_1_239' title='bbox 569 2513 633 2549; x_wconf 77' lang='lat' dir='ltr'><strong>ris.</strong></span> <span class='ocrx_word' id='word_1_240' title='bbox 682 2512 817 2563; x_wconf 83' lang='lat' dir='ltr'><strong>Itaque</strong></span> <span class='ocrx_word' id='word_1_241' title='bbox 837 2509 939 2548; x_wconf 87' lang='lat' dir='ltr'><strong>nihil</strong></span> <span class='ocrx_word' id='word_1_242' title='bbox 960 2509 1012 2547; x_wconf 89' lang='lat' dir='ltr'><strong>est</strong></span> <span class='ocrx_word' id='word_1_243' title='bbox 1034 2518 1199 2554; x_wconf 78' lang='lat' dir='ltr'><strong>tantum,</strong></span> <span class='ocrx_word' id='word_1_244' title='bbox 1232 2509 1337 2561; x_wconf 87' lang='lat' dir='ltr'><strong>quod</strong></span> <span class='ocrx_word' id='word_1_245' title='bbox 1359 2522 1431 2561; x_wconf 82' lang='lat' dir='ltr'><strong>ego</strong></span> <span class='ocrx_word' id='word_1_246' title='bbox 1453 2522 1532 2547; x_wconf 87' lang='lat' dir='ltr'><strong>non</strong></span> <span class='ocrx_word' id='word_1_247' title='bbox 1553 2517 1618 2546; x_wconf 82' lang='lat' dir='ltr'><strong>tua</strong></span> <span class='ocrx_word' id='word_1_248' title='bbox 1638 2507 1749 2546; x_wconf 82' lang='lat' dir='ltr'><strong>causa</strong></span> <span class='ocrx_word' id='word_1_249' title='bbox 1768 2507 1945 2552; x_wconf 76' lang='lat' dir='ltr'><strong>debeam,</strong></span> 
     </span>
    </p>
   </div>
  </div>
 </body>
</html>
