2351 2997
624 303 717 340 AD
775 302 1240 341 FAMILIARES
1301 304 1598 345 LIB.X111.
1726 322 1802 362 335

419 403 762 457 Areopagitarum,
779 417 898 456 quem
914 400 1187 452 ὑπμνημοιῖισ-μὶν
1206 403 1267 441 illi
1286 414 1441 450 vocant,
1460 407 1563 444 tolli.
1598 407 1669 444 Sed
1690 408 1806 446 redeo

418 469 465 507 ad
485 470 626 522 prima.
660 469 773 507 Prius
791 469 910 507 velim
932 469 1006 506 tibi
1027 469 1266 521 persuadeas,
1286 479 1329 508 ut
1348 470 1425 508 hoc
1442 485 1527 509 mea
1543 473 1653 510 causa
1672 474 1803 511 liben-

417 544 475 573 ter
493 533 627 580 facias,
659 549 779 588 quam
807 544 851 573 ut
879 534 1012 573 facias.
1057 536 1119 572 Sic
1148 545 1278 573 tamen
1298 535 1457 582 habeto,
1489 538 1515 575 fi
1536 537 1674 577 feceris
1696 539 1814 591 quod

417 614 534 653 rogo,v
558 600 642 638 fore
662 600 763 639 mihi
784 599 1057 652 gratiflimum.
1092 600 1202 638 Vale.

782 802 1025 840 CICERO
1066 802 1349 842 ΜΕΜΜΙΟ
1390 805 1428 843 S,

414 931 470 969 ΙΙ.
495 929 561 1003 C
579 931 647 968 AI
664 931 700 967 O
732 930 885 968 Aviano
911 929 1108 975 Evandro,
1140 930 1212 983 qui
1230 929 1382 970 habitat
1402 933 1443 970 in
1465 941 1534 971 tuo
1555 933 1730 979 sacrario,
1762 944 1802 973 et

588 995 671 1048 ipso
691 995 867 1033 multum
887 1004 990 1040 utor,
1009 1004 1047 1032 et
1067 1005 1232 1048 patrono
1252 999 1335 1049 ejus
1357 998 1421 1036 M.
1437 999 1605 1036 AEmilio
1625 998 1799 1037 familia-

412 1061 569 1100 riffime.
615 1062 711 1099 Peto
738 1061 861 1112 igitur
885 1073 906 1097 a
935 1069 973 1098 te
1001 1062 1190 1113 majorem
1219 1062 1262 1099 in
1291 1062 1470 1109 modum,
1502 1064 1609 1116 quod
1636 1065 1713 1102 fine
1735 1075 1801 1103 tua

411 1128 588 1166 molestia
607 1127 688 1172 fiat,
720 1136 765 1165 ut
784 1126 820 1164 ei
840 1126 886 1164 de
906 1125 1150 1165 habitatione
1170 1129 1459 1168 accommodes.
1506 1130 1613 1168 Nam
1640 1139 1801 1183 propter

409 1206 526 1245 opera
545 1192 723 1231 instituta
741 1192 868 1230 multa
887 1191 1122 1238 multorum,
1150 1193 1326 1232 subitum
1346 1194 1400 1232 est
1419 1196 1456 1233 ei
1477 1196 1685 1248 remigrare
1706 1196 1796 1235 Kal.

409 1258 554 1309 Qint.
598 1257 800 1309 Impedior
830 1257 1076 1303 verecundia,
1113 1272 1162 1296 ne
1193 1268 1232 1297 te
1265 1259 1447 1312 pluribus
1481 1260 1610 1298 verbis
1645 1274 1797 1313 rogem,

408 1323 552 1374 Neque
573 1331 703 1360 tamen
724 1321 878 1366 dubito,
901 1323 1014 1373 quin,
1032 1323 1059 1360 fi
1082 1332 1148 1361 tua
1167 1323 1269 1362 nihil
1290 1333 1356 1363 aut
1376 1339 1456 1364 non
1476 1325 1652 1363 multum
1671 1326 1797 1364 inter-

408 1388 468 1432 fit,
500 1402 545 1426 eo
566 1388 611 1426 fis
633 1389 780 1432 animo,
811 1400 892 1439 quo
912 1400 985 1439 ego
1005 1388 1136 1435 effem,
1168 1390 1193 1427 fi
1215 1390 1313 1442 quid
1334 1399 1377 1429 tu
1397 1405 1461 1431 me
1481 1404 1649 1444 rogares,
1686 1391 1810 1430 Mihi<

408 1462 511 1493 certe
530 1453 791 1507 gratiflimum
811 1452 965 1491 feceris.
999 1454 1110 1493 Vale.

560 1655 623 1692 M.
656 1656 710 1694 T.
744 1656 986 1694 CICERO
1029 1657 1076 1695 C.
1111 1657 1393 1695 MEMMIO
1435 1659 1473 1698 S.
1507 1658 1552 1697 P.
1585 1660 1640 1698 D.

410 1783 484 1821 ΙΙΙ.
506 1781 627 1853 AU
641 1784 785 1821 LUM
811 1785 986 1829 Fufium,
1010 1798 1136 1822 unum
1156 1799 1204 1823 ex
1225 1785 1322 1823 meis
1343 1785 1512 1830 intimis,
1533 1786 1795 1825 observantis-

615 1849 756 1886 fimum
777 1849 1172 1902 studiofiffimumque
1193 1851 1327 1895 nostri,
1349 1850 1549 1888 eruditum
1570 1851 1791 1899 hominem,->

405 1923 443 1951 et
463 1913 615 1952 summa
634 1914 893 1960 humanitate,
927 1925 1071 1967 tuaque
1091 1917 1266 1954 amicitia
1286 1916 1571 1968 digniffimum,
1599 1918 1720 1956 velim
1740 1919 1795 1956 ita

404 1981 558 2025 tractes,
590 1989 633 2017 ut
663 1980 764 2018 mihi
794 1994 925 2019 coram
952 1982 1142 2034 recepisti.
1191 1984 1295 2020 Tam
1324 1990 1480 2033 gratum
1506 1982 1608 2020 mihi
1638 1984 1677 2021 id
1702 1984 1789 2029 erit,

404 2058 524 2096 quam
558 2045 664 2097 quod
698 2046 971 2097 gratiffimum.
1019 2048 1154 2099 Ipsum
1189 2057 1371 2099 praeterea
1402 2048 1557 2086 summo
1589 2049 1722 2088 officio
1753 2059 1803 2088 et.

405 2110 557 2149 summa
575 2111 816 2150 observantia
837 2112 911 2150 tibi
932 2113 972 2150 in
996 2123 1231 2166 perpetuum
1252 2115 1486 2154 devinxeris.
1520 2115 1632 2154 Vale,

535 2313 597 2351 M.
632 2315 685 2353 T.
720 2316 768 2355 C.
802 2314 1121 2367 QVALERJO,
1164 2318 1298 2369 QF.
1333 2317 1494 2362 ORCAE,
1534 2318 1649 2356 LEG„

881 2380 1133 2420 PROPRAET.
1178 2383 1214 2421 S.
1249 2384 1304 2421 D.

404 2509 475 2547 IV.
502 2507 623 2582 CU
641 2508 688 2545 M
719 2510 988 2562 municipibus
1011 2510 1275 2548 Volaterranis
1307 2510 1409 2549 mihi
1441 2511 1592 2549 summa
1622 2508 1782 2546 neceffi-

601 2573 695 2614 tudo
717 2574 793 2616 est:
825 2589 969 2628 magno
989 2576 1095 2614 enim
1116 2589 1204 2614 meo
1226 2575 1417 2614 beneficio
1437 2574 1782 2620 affeffi‚„cumula-
