2351 2997
636 210 729 248 AD
787 206 1254 247 FAMILIARES
1314 207 1446 247 LIB.
1497 208 1593 248 XII.
1729 223 1803 264 313

576 441 904 479 LENTULUS
947 441 1253 479 CICERONI
1297 451 1399 478 suo
1441 440 1479 478 S.
1514 440 1557 478 P.
1592 440 1645 478 D.

425 568 540 607 XIV.
565 568 742 643 CUM
777 570 934 608 Brutum
967 568 1116 620 nostrum
1152 567 1388 617 convengfflnn,
1419 581 1561 621 eumque
1594 566 1731 605 tardius
1765 565 1800 603 in

641 634 764 687 Asiam
783 642 970 671 venturum
990 632 1322 679 animadverterem,
1353 632 1389 670 in
1407 633 1525 685 Asiam
1546 632 1649 679 redii,
1684 640 1722 669 ut
1742 645 1799 668 re-

427 698 556 752 liquias
576 700 643 737 mei
664 698 792 736 laboris
823 696 1032 748 colligerem,
1061 705 1093 734 et
1118 695 1303 750 pecuniam
1336 711 1440 750 quam
1464 696 1621 750 primum
1650 698 1800 734 Romam

426 764 614 803 mitterem.
642 762 789 801 Interim
808 762 958 813 cognovi
975 761 1011 799 in
1030 761 1146 814 Lycia
1165 761 1223 812 ff
1244 761 1374 813 claffem
1395 761 1606 808 Dolabellae,
1634 761 1801 813 amplius-

425 842 494 882 que
511 838 647 867 centum
666 841 777 865 naves
796 826 990 873 onerarias,
1012 826 1048 863 in
1068 840 1155 880 quas
1173 825 1342 864 exercitus
1361 826 1433 878 ejus
1452 825 1581 879 imponi
1594 825 1722 879 poffet3
1746 824 1799 862 id-

428 908 493 946 que
514 893 740 932 Dolabellam
761 906 802 930 ea
822 900 930 930 mente
949 891 1171 945 comparaffe,
1198 891 1298 942 ut‚si
1312 890 1518 944 Syricespes
1538 905 1614 929 eum
1620 887 1803 945 frustrata

429 958 518 1008 effit,
540 957 774 1011 conscenderet
792 956 828 994 in
848 971 971 1003 naves,
992 965 1024 994 et
1039 956 1184 994 Italiam
1197 964 1348 1010 peteret,
1358 956 1466 1010 seque
1485 970 1562 993 cum
1584 954 1750 993 Antoniis
1770 964 1803 993 et

429 1023 572 1076 reliquis
590 1022 781 1060 latronibus
809 1021 1041 1074 conjungeret.
1087 1021 1197 1073 Cujus
1226 1021 1281 1059 rei
1310 1029 1407 1059 tanto
1434 1021 1471 1059 in
1500 1021 1623 1059 timore
1639 1019 1719 1074 sui,
1750 1028 1803 1066 ut,

429 1087 583 1125 omnibus
602 1087 702 1125 rebus
720 1086 867 1130 νείὶἑῖἱς,
891 1100 968 1125 cum
985 1085 1208 1139 paucioribus
1227 1094 1260 1124 et
1281 1085 1468 1124 minoribus
1489 1086 1638 1124 navibus
1658 1085 1711 1123 ad
1725 1085 1804 1122 illas

429 1152 483 1190 ire
501 1161 642 1190 conatus
644 1153 727 1205 sim.
771 1153 864 1203 Quae
884 1165 952 1199 res,
966 1152 1008 1204 si
1022 1165 1046 1189 a
1064 1150 1214 1190 Rhodiis
1239 1165 1304 1189 non
1325 1151 1418 1201 estem
1438 1151 1691 1204 interpellatus,
1711 1149 1801 1204 for-

429 1218 512 1269 taffe
532 1226 607 1256 tota
614 1217 761 1270 sublata
781 1216 871 1267 efflet,
905 1225 1021 1255 tamen
1051 1231 1182 1269 magna
1212 1231 1252 1255 ex
1270 1225 1380 1270 parte
1399 1217 1594 1271 prffligata
1621 1218 1693 1270 est3
1727 1230 1804 1254 cum

430 1281 567 1336 quidem
589 1282 698 1332 claffis
717 1281 880 1335 dgffipata
899 1282 968 1333 est3
1002 1281 1176 1320 adventus
1206 1281 1311 1335 nostri
1340 1281 1463 1319 timore
1489 1281 1614 1320 milites
1641 1279 1806 1335 ducesque

429 1346 651 1399 fftgerunt3
682 1346 855 1385 onerariae
875 1360 987 1384 omnes
1006 1345 1059 1384 ad
1074 1359 1181 1384 unam
1211 1361 1236 1384 a
1266 1346 1358 1385 nobis
1371 1347 1461 1400 sunt
1487 1355 1650 1401 exceptae.
1696 1347 1803 1385 Certe

427 1410 546 1465 (quod
559 1411 710 1449 maxime
728 1410 852 1461 timui)
880 1409 1003 1449 videor
1034 1410 1141 1449 etiam
1169 1411 1375 1464 consecutus,
1405 1420 1445 1449 ut
1470 1425 1535 1450 non
1554 1413 1654 1466 pfft
1682 1412 1804 1451 Dola-

428 1477 520 1516 bella
548 1477 584 1515 in
614 1476 762 1514 Italiam
785 1475 991 1530 pervenire,
1024 1489 1098 1521 nec,
1118 1476 1227 1529 sociis
1238 1476 1319 1530 ficis
1339 1476 1517 1527 firmatis,
1551 1477 1674 1516 durius
1706 1478 1807 1516 vobis

427 1540 559 1591 efficere
577 1541 764 1594 negotium.
810 1540 947 1579 Rhodii
975 1555 1035 1579 nos
1065 1550 1098 1580 et
1123 1541 1372 1596 rempublicam
1394 1556 1498 1596 quam
1517 1542 1622 1581 valde
1641 1543 1804 1597 despera-

430 1605 564 1654 verint,
587 1621 636 1645 ex
669 1605 793 1654 literis,
823 1620 911 1658 quas
933 1606 1072 1659 publice
1105 1606 1189 1660 mili,
1221 1607 1396 1660 cognosces
1412 1621 1424 1645 .·
1457 1616 1491 1645 et
1525 1607 1663 1662 quidem
1698 1609 1805 1647 multo

425 1671 575 1726 parcius
581 1671 730 1725 strtffi:
763 1671 894 1709 mirari
911 1671 1006 1709 noli:
1029 1672 1123 1710 mira
1140 1673 1185 1725 est
1202 1686 1322 1711 eorum
1342 1673 1509 1712 amentia.
1544 1674 1627 1713 Nec
1646 1689 1700 1713 me
1719 1689 1806 1713 meae

432 1739 514 1777 ullae
527 1737 707 1792 privatim
728 1737 869 1790 injuriae
889 1747 1073 1776 moverunt
1104 1752 1283 1792 unquam:
1315 1739 1428 1776 malus
1453 1738 1590 1777 animus
1620 1754 1738 1778 eorum
1770 1740 1808 1778 in

432 1802 758 1855 nostramsalutem,
788 1802 960 1856 cupiditas
978 1803 1142 1855 partium
1167 1803 1337 1850 aliarum,
1363 1804 1632 1858 perseverantia
1657 1805 1694 1843 in
1724 1820 1804 1844 con-

431 1867 613 1922 temptione
631 1867 755 1920 optimi
772 1868 945 1921 cujusque,
962 1868 1119 1922 serenda
1139 1867 1228 1906 mibi
1246 1866 1415 1921 nonfuit.
1457 1869 1540 1907 Nec
1560 1877 1675 1909 tamen
1695 1884 1810 1909 omnes

425 1933 583 1988 perditos
603 1933 662 1983 effe
674 1941 762 1985 puto
778 1946 789 1970 .·
806 1933 878 1986 sea'
894 1933 997 1972 iidem
1019 1933 1086 1981 illi,
1118 1933 1180 1988 qui
1204 1942 1277 1972 tum
1284 1933 1487 1987 fugientem
1506 1943 1650 1989 patrem
1680 1950 1806 1984 meum,

434 1999 495 2052 qui
512 1999 562 2036 L.
583 1998 792 2043 Lentulum,
822 1997 884 2051 qui
901 1999 1121 2052 Pompeium,
1145 1999 1207 2052 qui
1226 2008 1370 2037 caeteros
1390 1999 1487 2038 viros
1502 2001 1716 2051 clarsffimos,
1745 2016 1811 2040 non

433 2071 648 2117 receperunt,
680 2062 799 2109 iidem,
832 2071 1001 2116 tanquam
1032 2065 1148 2117 aliquo
1165 2063 1267 2117 saw,
1297 2072 1331 2102 et
1358 2078 1448 2103 nunc
1474 2075 1537 2103 aut
1565 2067 1810 2119 rnaggstratum

428 2136 573 2180 gerunt,
596 2135 660 2165 aut
679 2141 746 2173 eos,
769 2126 925 2180 quisunt
944 2128 981 2165 in
1002 2129 1225 2181 rnaggstratu‚
1246 2129 1281 2167 in
1287 2131 1362 2183 sua
1380 2130 1506 2169 habent
1518 2134 1697 2185 potestate.
1728 2134 1808 2171 Ita-

434 2206 500 2246 que
518 2191 636 2230 eadem
643 2192 810 2245 superbia
832 2191 868 2229 in
879 2192 1069 2245 pravitate
1089 2203 1250 2232 utuntur.
1282 2195 1442 2244 Qorum
1462 2195 1717 2250 improbitatem
1738 2199 1808 2236 ali-

434 2256 570 2311 quando
590 2255 744 2303 retundi,
775 2266 808 2294 et
838 2271 903 2294 non
923 2257 1008 2311 pati
1036 2258 1242 2312 impunitate
1271 2260 1411 2310 augeri,
1441 2275 1505 2298 non
1519 2262 1637 2314 solum
1665 2263 1748 2300 utile
1766 2264 1810 2315 cst

435 2321 633 2375 rezpttblicae
652 2322 787 2373 nostrae,
809 2322 880 2375 sed
896 2323 1001 2361 etiam
1022 2324 1256 2374 neceſjarium.
1295 2325 1358 2363 De
1378 2327 1491 2378 nostra
1510 2326 1683 2378 dignitate
1702 2328 1809 2365 velim

435 2386 500 2425 tibi
517 2395 555 2425 ut
563 2387 704 2440 semper
723 2401 819 2426 curce
823 2389 875 2440 fit
894 2403 904 2433 ;
938 2397 985 2435 et,
1019 2403 1215 2443 quocunque
1236 2398 1386 2442 tempore
1405 2393 1606 2444 occasionem
1634 2392 1808 2438 habueris,

435 2460 468 2491 et
495 2450 531 2489 in
538 2451 668 2504 senatu
695 2460 728 2489 et
760 2451 797 2490 in
824 2455 959 2493 caeteris
990 2454 1090 2493 rebus
1120 2454 1220 2493 laudi
1237 2456 1359 2508 nostra>
1375 2455 1591 2509 steffiagere.
1637 2455 1811 2508 Qoniam

516 2518 583 2557 To
596 2530 648 2557 M.
681 2517 776 2557 VII.
1431 2522 1468 2559 R
1498 2535 1517 2559 r
