2351 2997
632 295 1249 337 ADFAMILIARES
1310 295 1443 332 LIB.
1495 295 1570 332 1112
1747 297 1797 349 67

407 399 536 455 potui,
558 399 585 437 fi
607 408 645 437 te
665 399 793 452 palam
815 397 990 442 odissem,
1014 397 1161 441 minus,
1184 395 1291 449 quod
1315 395 1387 433 tibi
1409 394 1566 439 obess'et‚
1591 393 1714 431 facere
1735 396 1745 430 ?
1771 395 1796 432 fi

407 467 524 511 clam,
556 465 680 517 magis
711 474 840 517 aperte
871 464 1057 502 inimicus
1088 462 1191 500 effe?
1224 461 1344 513 Qod
1375 462 1400 499 fi
1422 461 1535 499 essem
1556 474 1598 498 ea
1619 460 1793 512 perfidia,

399 546 483 584 «qua
502 532 591 569 sunt
613 532 656 576 ii,
679 532 748 583 qui
769 532 810 568 in
832 544 902 568 nos
923 529 1005 568 haec
1027 528 1262 572 conferunt;
1298 537 1424 565 tamen
1447 541 1489 565 ea
1510 527 1673 564 stultitia
1693 536 1797 564 certe

406 612 486 636 non
507 597 676 642 fuissem,
704 606 747 634 ut
768 605 834 634 aut
855 596 895 633 in
917 595 1082 632 obscuro
1104 593 1196 631 odio
1216 603 1363 645 apertas
1385 593 1629 637 inimicitias,
1651 602 1731 637 aut,
1756 593 1796 629 in

405 678 487 716 quo
514 664 587 702 tibi
619 663 720 701 nihil
750 675 947 705 nocerem,
981 661 1174 698 summam
1195 659 1435 696 ostenderem
1456 658 1699 696 voluntatem
1721 671 1793 695 no·-

405 730 535 768 cendi.
559 729 623 766 Ad
639 743 702 766 me
718 728 821 766 adire
837 726 1025 779 quosdam
1047 725 1227 769 memini,
1246 725 1314 776 qui
1331 723 1520 768 dicerent,
1542 724 1660 760 nimis
1682 737 1795 774 mag-

402 809 475 833 nos
498 795 676 848 sumptus
708 794 844 846 legatis
876 792 1060 836 dece1·ni;
1091 791 1238 843 quibus
1269 804 1341 842 ego
1371 804 1450 827 non
1482 798 1562 826 tam
1592 790 1792 841 imperavi,

405 874 525 912 quam
551 860 697 905 censui,
730 860 909 911 sumptus
940 858 1077 909 legatis
1107 869 1225 908 quam
1256 856 1426 893 maxime
1456 854 1503 892 ad
1532 855 1660 906 legem
1693 856 1793 892 Cor-

404 927 548 964 neliam
571 926 848 964 decernendos.
881 926 1014 975 Atque
1034 924 1075 960 in
1096 937 1141 960 eo
1163 921 1245 974 ipso
1267 935 1330 959 me
1351 935 1428 958 non
1452 920 1697 973 perseverasse
1718 920 1793 958 tes-

402 1002 463 1030 -tes
485 993 575 1030 sunt
596 993 762 1030 rationes
793 991 1015 1034 civitatum,
1048 990 1088 1026 in
1117 989 1277 1040 quibus,
1309 996 1504 1040 quantum
1531 1000 1697 1039 quaeque
1724 1000 1795 1024 vo·-

405 1059 496 1103 luit,
529 1058 666 1110 legatis
695 1059 772 1095 tuis
801 1057 937 1094 datum
958 1055 1130 1093 induxit.
1179 1056 1239 1092 Te
1260 1063 1391 1091 autem
1413 1052 1558 1105 quibus
1580 1051 1795 1090 mendaciis

405 1123 588 1163 homines
610 1124 790 1163 leviflimi
811 1123 1048 1161 onerarunt?
1082 1135 1161 1158 non
1183 1121 1301 1158 modo
1322 1120 1492 1157 sublatos
1516 1119 1709 1171 sumptus,
1732 1119 1796 1156 sed

403 1191 524 1228 etiam
544 1204 565 1227 a
585 1190 904 1242 procuratoribus
926 1202 1077 1232 eorum,
1109 1187 1178 1237 qui
1195 1189 1277 1238 jam
1300 1185 1464 1238 profecti
1484 1184 1617 1229 essent,
1649 1185 1795 1237 repeti-

404 1264 465 1293 tos
487 1265 525 1293 et
545 1256 709 1300 ablatos,
727 1268 891 1307 eamque
912 1253 1065 1291 causam
1088 1253 1224 1290 multis
1246 1252 1410 1289 omnino
1428 1264 1505 1288 non
1527 1250 1646 1288 eundi
1667 1249 1792 1288 fuiffe.

405 1323 599 1374 Qererer
620 1330 752 1358 tecum
777 1329 893 1372 atque
913 1319 1213 1371 expostularem,
1246 1318 1287 1355 ni
1311 1319 1373 1369 (ut
1394 1317 1506 1369 supra
1527 1316 1674 1369 scripfi)
1698 1330 1795 1369 pur-

403 1401 493 1440 gare
514 1402 578 1426 me
598 1387 672 1425 tibi
694 1386 770 1424 hoc
792 1396 861 1424 tuo
883 1395 1073 1437 tempore,
1096 1397 1216 1436 quam
1238 1383 1412 1421 accusare
1433 1392 1484 1428 te,
1511 1382 1671 1420 mallem
1687 1401 1699 1427 ς
1732 1383 1795 1420 id-

404 1467 481 1506 que
501 1463 680 1507 putarem
700 1452 772 1491 effe
793 1452 949 1490 rectius.
974 1453 1111 1503 Itaque
1132 1449 1234 1489 nihil
1256 1449 1303 1487 de
1324 1458 1376 1494 te,
1394 1448 1501 1500 quod
1522 1448 1730 1486 credideris
1748 1448 1796 1486 de

402 1534 467 1558 me
483 1539 495 1566 3
528 1520 786 1574 quamobrem
812 1533 890 1557 non
912 1518 1091 1556 debueris
1112 1517 1282 1562 credere,
1313 1529 1449 1569 pauca,
1481 1515 1625 1553 dicam.
1672 1515 1794 1560 Nam,

404 1587 431 1624 fi
452 1600 515 1624 me
536 1587 667 1625 virum
687 1587 853 1630 bonurn,
885 1586 911 1623 fi
933 1584 1101 1636 dignum
1121 1582 1183 1621 his
1204 1582 1340 1621 studiis
1361 1595 1481 1634 eaque
1509 1581 1698 1626 doctrina,
1730 1581 1797 1619 cui

404 1666 468 1690 me
489 1666 509 1690 a
529 1653 695 1705 pueritia
715 1652 818 1697 dedi,
851 1652 876 1689 fi
898 1651 986 1688 satis
1008 1650 1142 1702 magni
1161 1649 1299 1694 animi,
1331 1662 1410 1686 non
1440 1647 1600 1686 minimi
1626 1647 1795 1692 confilii,

404 1718 446 1755 in
462 1718 646 1756 maximis
664 1717 778 1756 rebus
795 1717 1040 1770 perspectum
1055 1714 1196 1760 habes;
1216 1713 1317 1752 nihil
1335 1714 1375 1751 in
1392 1727 1455 1751 me
1472 1727 1551 1751 non
1568 1713 1688 1751 modo
1704 1726 1795 1765 per-

404 1783 604 1828 fidiosum,
635 1792 674 1821 et
698 1782 940 1827 infidiosum,
972 1790 1011 1819 et
1040 1780 1174 1826 fallax,
1206 1781 1248 1818 in
1269 1780 1456 1824 amicitia,
1489 1777 1552 1816 sed
1573 1792 1622 1816 ne
1641 1778 1797 1817 humile

403 1849 582 1902 quidem,
604 1858 671 1887 aut
685 1850 885 1902 jejunum,
912 1847 1028 1886 debes
1049 1847 1269 1900 agnoscere.
1303 1846 1369 1883 Sin
1390 1854 1520 1883 autem
1541 1858 1605 1882 me
1624 1844 1796 1883 astutum

403 1924 442 1954 et
458 1916 787 1968 occultumjuvat
808 1915 954 1967 fingere
967 1933 980 1960 ;
1004 1914 1100 1968 quid
1116 1913 1183 1959 est,
1202 1912 1309 1966 quod
1329 1913 1461 1950 minus
1479 1911 1613 1950 cadere
1633 1911 1674 1949 in
1691 1911 1795 1964 ejus-

404 1982 514 2020 modi
536 1991 714 2020 naturam
735 1982 864 2035 poffit,
897 1995 1017 2034 quam
1037 1989 1104 2019 aut
1125 1979 1383 2019 florentiffim'i
1408 1977 1583 2016 hominis
1605 1977 1797 2031 aspernari

404 2049 733 2094 benevolentiam,
764 2057 830 2086 aut
851 2049 934 2100 ejus
955 2047 1285 2086 existimationem
1311 2058 1538 2098 oppugnare
1566 2044 1606 2081 in
1631 2045 1794 2096 provin-

403 2114 478 2159 cia,
499 2114 612 2166 cujus
633 2114 790 2152 laudem
811 2113 919 2151 domi
940 2112 1159 2151 defenderis
1177 2113 1189 2150 ?
1212 2119 1278 2149 aut
1299 2111 1339 2148 in
1357 2124 1399 2149 ea
1415 2124 1454 2148 re
1470 2111 1648 2148 animum
1663 2109 1793 2147 osten-

403 2179 492 2217 dere
512 2179 739 2222 inimicum,
762 2179 802 2216 in
823 2192 900 2230 qua
920 2177 1022 2216 nihil
1042 2178 1142 2216 obfis
1160 2179 1172 2215 ?
1195 2185 1262 2214 aut
1282 2176 1323 2213 id
1343 2176 1485 2228 eligere
1506 2174 1551 2212 ad
1573 2173 1793 2227 perfidiam,

404 2245 511 2297 quod
532 2244 578 2282 ad
599 2244 856 2282 indicandum
877 2244 1014 2282 odium
1035 2243 1317 2296 apertiffimum
1340 2242 1399 2286 fit,
1421 2241 1467 2278 ad
1490 2240 1714 2278 nocendum
1736 2240 1794 2277 le-

406 2310 634 2349 viffimum?
667 2310 777 2362 Qid
797 2319 878 2348 erat
898 2318 1045 2355 autem,
1077 2323 1147 2347 cur
1177 2322 1250 2360 ego
1283 2308 1323 2345 in
1357 2316 1394 2345 te
1422 2316 1501 2344 tam
1532 2305 1794 2358 implacabilis

404 2377 534 2421 effem,
567 2390 660 2414 cum
681 2386 718 2414 te
739 2391 786 2414 ex
807 2375 923 2414 fratre
944 2389 1034 2415 meo
1055 2389 1103 2413 ne
1124 2384 1220 2413 tunc
1241 2373 1419 2426 quidem,
1451 2385 1543 2410 cum
1569 2372 1644 2409 tibi
1674 2384 1796 2423 prope

407 2442 551 2481 neceffe
572 2442 662 2480 effet
682 2456 742 2480 eas
763 2456 874 2495 agere
894 2451 1036 2495 partes,
1054 2442 1266 2480 inimicum
1288 2439 1389 2478 mihi
1411 2438 1522 2477 fuiffe
1543 2436 1793 2490 cog-nollem?

407 2510 515 2547 Cum
535 2521 625 2545 vero
647 2507 817 2545 reditum
838 2507 1011 2545 nostrum
1032 2508 1074 2544 in
1094 2507 1259 2559 gratiam
1281 2515 1444 2556 uterque
1465 2502 1679 2554 expetiffet,
1697 2500 1795 2553 quid

408 2575 449 2612 in
482 2573 686 2613 consulatu
719 2582 787 2611 tuo
819 2572 958 2620 frustra
985 2586 1145 2611 mecum
1172 2571 1298 2624 egisti,
1329 2569 1435 2622 quod
1467 2582 1529 2606 me
1559 2576 1624 2605 aut
1654 2566 1795 2612 facere,

1426 2635 1441 2671 Ι
1475 2647 1495 2671 2
