2351 2997
568 284 622 326 70
916 272 1605 312 EPISTOLARUM

568 385 633 409 me
664 371 797 423 fingo3
830 371 931 410 mihi
952 385 1110 425 quoque
1136 373 1205 424 ipsi
1226 372 1347 411 tribui
1369 382 1480 426 puto.
1524 375 1612 413 Nec
1633 383 1713 413 tarn
1733 375 1948 428 gloriosum

567 437 720 489 exitum
739 438 793 475 tui
810 437 954 489 judicii
969 437 1150 482 extitisse,
1169 437 1230 475 sed
1248 447 1327 475 tam
1342 453 1497 490 pravam
1518 440 1773 479 inimicorum
1790 451 1949 481 tuorum

566 512 741 541 mentem
762 502 887 548 fuiffe,
910 503 1091 542 mirabar.
1116 504 1178 541 De
1194 504 1346 542 ambitu
1362 518 1451 542 vero
1473 505 1569 557 quid
1589 507 1758 553 interest,
1777 509 1947 561 inquies,

566 581 614 604 an
635 568 681 605 de
702 568 927 619 majestate?
961 568 1024 606 Ad
1045 583 1125 606 rem
1148 568 1263 607 nihil.
1309 570 1493 607 Alterum
1525 572 1632 609 enim
1662 585 1740 610 non
1770 575 1947 625 attigisti,

565 633 725 671 alteram
755 633 907 672 auxisti.
941 635 1207 672 Veruntamen
1238 634 1290 672 est
1319 635 1491 687 majestas
1516 637 1572 688 (et
1601 637 1651 674 fic
1678 638 1782 689 Sylla
1801 640 1946 689 voluit)

564 712 613 736 ne
644 700 685 737 in
718 701 896 752 quemvis
929 700 1090 753 impune
1123 701 1330 739 declamari
1363 702 1510 740 liceret.
1555 703 1745 742 Ambitus
1776 719 1865 743 vero
1895 707 1949 743 ita

564 774 736 816 apertam
768 766 847 803 vim
880 765 1012 810 habet,
1044 775 1087 803 ut
1116 775 1181 804 aut
1211 767 1411 805 accusetur
1440 768 1633 820 improbe,
1664 779 1730 807 aut
1760 770 1944 808 defenda-

564 840 641 869 tur.
686 831 768 882 Q‘i
800 832 906 869 enim
940 831 1051 876 faeta,
1084 841 1149 870 aut
1178 846 1255 870 non
1277 832 1388 878 facta,
1420 834 1576 885 largitio
1597 836 1767 887 ignorari
1788 838 1943 888 potest?

563 896 746 934 Tuorum
774 906 905 935 autem
932 896 1129 936 honorum
1158 898 1290 936 cursus
1318 899 1383 936 cui
1411 899 1604 951 suspectus
1633 914 1806 952 unquam
1834 901 1944 940 fuit?

562 961 635 999 Me
651 963 851 1007 miserum,
869 964 939 1015 qui
956 978 1033 1001 non
1051 964 1228 1002 affuerim
1244 965 1250 1001 l
1276 966 1386 1015 Qos
1403 979 1475 1016 ego
1493 966 1587 1003 risus
1604 967 1849 1005 excitaflem?
1874 969 1946 1005 Sed

562 1026 609 1064 de
630 1028 835 1079 majestatis
850 1029 1004 1080 judicio
1026 1029 1104 1067 duo
1125 1030 1225 1067 mihi
1254 1030 1321 1067 illa
1347 1044 1394 1067 ex
1424 1032 1501 1068 tuis
1527 1031 1650 1068 literis
1666 1033 1947 1082 jucundiffima

563 1090 749 1130 fuerunt:
784 1107 923 1137 unum,
955 1094 1061 1145 quod
1090 1104 1126 1131 te
1153 1095 1200 1131 ab
1228 1095 1308 1147 ipsa
1334 1095 1535 1146 republica
1555 1095 1756 1134 defensum
1779 1097 1943 1143 scribis;

561 1171 647 1210 quae
668 1157 844 1211 quidem,
870 1159 988 1197 etiam
1009 1161 1049 1197 in
1072 1160 1223 1198 summa
1244 1160 1439 1198 bonorum
1460 1171 1498 1199 et
1518 1161 1684 1200 fortium
1704 1163 1853 1201 civium
1874 1178 1944 1201 co-

560 1223 637 1274 pia,
668 1225 767 1261 tueri
790 1225 882 1262 tales
904 1226 1004 1262 viros
1027 1225 1207 1271 deberet3
1242 1240 1346 1264 nunc
1367 1240 1455 1264 vero
1476 1241 1521 1264 eo
1542 1228 1681 1279 magis,
1712 1229 1817 1279 quod
1840 1238 1945 1268 tanta

559 1290 721 1340 penuria
740 1290 793 1327 est
813 1291 853 1328 in
875 1293 985 1329 omni
1006 1292 1065 1329 vel
1087 1291 1262 1336 honoris,
1285 1292 1345 1329 vel
1368 1293 1503 1338 aetatis,
1525 1294 1662 1345 gradu,
1685 1304 1727 1331 ut
1750 1304 1827 1333 tam
1849 1296 1943 1334 orba

558 1354 694 1392 civitas
717 1356 809 1393 tales
833 1365 979 1394 tutores
1000 1358 1211 1409 complecti
1233 1358 1393 1395 debeat:
1426 1359 1606 1404 alterum,
1633 1359 1739 1411 quod
1762 1360 1942 1413 Pompeii

557 1429 597 1457 et
617 1421 730 1459 Bruti
751 1421 869 1460 fidem
890 1422 1282 1475 benevolentiamque
1314 1424 1479 1461 mirifice
1511 1425 1656 1463 laudas.
1702 1427 1831 1464 Laetor
1860 1428 1940 1465 vir-

557 1494 642 1524 tute
668 1496 707 1524 et
734 1488 865 1525 officio
897 1502 990 1526 cum
1022 1498 1182 1527 tuorum
1214 1490 1524 1535 necefliuiorum,
1557 1505 1735 1529 meorum
1756 1493 1939 1531 amiciffi-

555 1565 729 1597 morum,
762 1563 848 1591 tum
878 1555 1051 1600 alterius,
1082 1556 1264 1594 omnium
1290 1556 1509 1594 seculorum
1530 1565 1567 1594 et
1587 1557 1767 1609 gentium
1788 1560 1940 1610 princi-

555 1615 645 1670 pis,
678 1619 850 1665 alterius,
877 1621 1115 1674 jampridem
1131 1623 1367 1674 juventutiS,
1399 1623 1576 1660 celeriter
1600 1625 1661 1675 (ut
1689 1623 1815 1675 spero)
1840 1625 1939 1663 civi-

555 1684 660 1723 tatis.
704 1685 767 1722 De
794 1686 1042 1724 mercenariis
1069 1686 1230 1725 testibus
1256 1701 1277 1724 a
1296 1687 1372 1725 suis
1394 1688 1619 1726 civitatibus
1641 1689 1837 1734 notandis,
1869 1690 1941 1729 nisi

548 1750 633 1801 jam
654 1749 801 1788 factum
822 1751 971 1804 aliquid
991 1752 1045 1790 est
1064 1765 1133 1804 per
1153 1753 1357 1798 Flaccum,
1381 1753 1447 1791 fiet
1467 1767 1487 1791 a
1507 1767 1584 1798 me,
1603 1767 1695 1792 cum
1720 1768 1788 1806 per
1808 1755 1939 1794 Afiam

553 1814 753 1855 decedam.
778 1818 900 1855 Nunc
921 1818 968 1855 ad
988 1818 1147 1855 alteram
1167 1818 1368 1870 epistolam
1389 1819 1517 1858 venio.
1542 1819 1661 1871 Qod
1682 1819 1727 1856 ad
1749 1833 1813 1857 me
1833 1821 1938 1872 quasi

552 1879 723 1919 formam
754 1884 1032 1921 communium
1066 1892 1289 1935 temporum
1321 1894 1359 1921 et
1391 1885 1511 1922 totius
1543 1884 1768 1937 reipublicae
1802 1886 1938 1923 misisti

551 1947 779 1998 expreffam,
797 1948 1005 2000 prudentia
1019 1949 1220 1987 literarum
1238 1959 1393 1988 tuarum
1410 1950 1519 1987 valde
1535 1950 1637 1988 mihi
1653 1950 1706 1988 est
1720 1960 1841 2002 grata.
1861 1952 1935 1989 Vi-

552 2010 625 2050 deo
646 2013 753 2051 enim
780 2021 818 2051 et
846 2014 1019 2066 pericula
1044 2014 1201 2060 leviora,
1233 2029 1352 2068 quam
1378 2015 1581 2061 timebam,
1613 2025 1652 2053 et
1671 2018 1816 2068 majora
1836 2021 1936 2069 prae-

551 2076 658 2124 sidia,
689 2079 716 2116 fi
749 2079 910 2131 quidem
941 2081 1004 2132 (ut
1031 2080 1184 2130 scribis)
1215 2094 1350 2118 omnes
1378 2081 1476 2119 vires
1498 2082 1667 2119 civitatis
1689 2081 1724 2119 se
1745 2082 1790 2119 ad
1812 2083 1935 2120 Pom-

550 2143 631 2194 peii
651 2143 814 2182 ductum
830 2145 1122 2197 applicaverunt
1138 2161 1147 2184 :
1172 2155 1364 2198 tuumque
1380 2146 1493 2184 fimul
1511 2156 1740 2198 promptum
1757 2147 1937 2185 animum

549 2216 590 2246 et
610 2208 775 2247 alacrem
796 2211 972 2263 perspexi
992 2211 1038 2248 ad
1059 2211 1341 2249 defendendam
1369 2213 1670 2265 rempublicam,
1703 2213 1934 2251 mirificam—

551 2288 627 2326 que
648 2276 735 2327 cepi
755 2276 997 2329 voluptatem
1014 2292 1060 2316 ex
1081 2277 1153 2316 hac
1171 2287 1236 2316 tua
1251 2278 1469 2330 diligentia,
1488 2278 1593 2330 quod
1613 2280 1654 2316 in
1671 2279 1833 2317 summis
1856 2280 1932 2317 tuis

549 2342 891 2394 occupationibus,
923 2343 1025 2382 mihi
1052 2354 1183 2383 tamen
1210 2345 1437 2398 reipublicae
1464 2345 1606 2383 statum
1632 2359 1700 2398 per
1727 2355 1764 2383 te
1791 2355 1933 2383 notum

549 2406 622 2453 effe
642 2408 812 2448 voluisti.
837 2410 944 2448 Nam
959 2411 1159 2463 augurales
1181 2411 1302 2450 libros
1319 2411 1365 2449 ad
1385 2425 1597 2450 commune
1618 2411 1819 2464 utriusque
1841 2411 1930 2448 nos-

550 2480 657 2512 trum
677 2474 807 2513 otium
827 2475 944 2515 serva.
980 2478 1068 2531 Ego
1088 2477 1195 2517 enim
1215 2491 1236 2515 a
1256 2486 1294 2516 te
1314 2491 1407 2516 cum
1427 2487 1494 2516 tua
1513 2477 1694 2530 promiffa
1713 2492 1781 2530 per
1801 2477 1930 2514 literas

550 2538 788 2593 flagitabam,
822 2543 870 2583 ad
900 2544 1040 2584 urbem
1070 2553 1109 2584 te
1140 2544 1410 2584 otiofifiimum
1440 2544 1512 2584 effe
1539 2544 1764 2583 arbitrabar;
1808 2543 1931 2581 Nunc
