2351 2997
618 306 710 344 AD
769 304 1231 343 FAMILIARES
1292 306 1424 344 LIB.
1476 306 1591 345 VIII.
1723 309 1795 362 185

418 403 543 442 retulit
559 402 808 454 desucceffione
816 403 1090 455 provinciarum
1108 403 1311 442 Galliarum
1318 421 1330 448 ς
1352 413 1387 443 et
1406 405 1442 443 in
1457 405 1623 443 kalendas
1639 407 1792 459 Junias,

418 478 459 508 ut
487 468 576 507 mibi
598 468 667 520 zpst’
692 468 798 513 ducit,
829 483 904 507 eam
922 468 1053 521 dssulit
1073 469 1277 509 relationem
1289 488 1301 514 3
1317 471 1412 521 sane
1430 485 1535 523 quam
1554 485 1606 509 eos
1613 473 1794 523 sermones

417 533 590 586 expreffi't,
608 533 671 586 qui
685 533 726 572 de
744 548 779 572 eo
795 543 872 572 tum
876 535 1052 586 juerant,
1071 549 1149 574 cum
1165 537 1287 574 Romae
1303 551 1362 574 nos
1375 535 1524 588 effemus.
1556 535 1664 587 ⁴171,st
1679 539 1792 576 Pom-

408 598 543 651 peium,
573 607 615 637 ut
634 598 787 643 volebas,
818 599 998 651 offendffli,
1033 600 1096 652 qui
1112 599 1182 638 tibi
1198 600 1368 653 vifitsstt‚
1403 611 1438 638 et
1467 616 1571 654 quam
1600 603 1793 640 orationem

416 663 584 702 habuerit
615 673 742 709 tecum,
776 679 946 717 quamque
976 664 1159 716 ostenderit
1189 666 1424 710 voluntatem,
1456 667 1563 720 (solet
1588 668 1676 705 enim
1695 668 1798 706 aliud

401 729 544 782 sentire
562 739 597 768 et
616 730 721 782 loqui,
752 744 859 782 neque
878 738 1022 768 tantum
1042 730 1164 768 valere
1182 731 1332 783 ingenio,
1363 740 1404 768 ut
1423 746 1490 770 non
1514 741 1691 784 appareat
1711 733 1798 785 quid

416 793 565 848 cupiat)
569 796 646 846 fac
662 795 750 833 mihi
760 795 973 848 perscribas.
1019 796 1127 846 Quod
1145 796 1196 834 ad
1220 797 1408 846 Caesarem,
1439 797 1560 835 crebri
1576 808 1610 836 et
1629 813 1696 837 non
1715 799 1798 836 belli

416 859 456 897 de
485 873 521 897 eo
546 873 703 897 rumores
720 877 730 903 ς
748 859 821 910 sed
832 861 1085 912 fitsurratores
1114 861 1295 899 duntaxat
1319 861 1484 900 veniunt.
1516 863 1624 900 Alius
1647 863 1794 915 equitem

409 924 607 977 perdz'dfffe‚
638 924 730 977 quod
752 924 874 977 opinor
902 935 999 963 certe
1016 927 1164 977 jaotum
1191 926 1261 978 est3
1293 927 1384 965 alius
1403 928 1596 978 septimam
1629 929 1794 980 legionem

416 989 595 1042 vapulcffe
610 1008 622 1034 ;
653 990 762 1043 ipsum
781 990 880 1042 apud
895 991 1099 1029 Bellovacos
1117 991 1372 1042 eircunfideri,
1403 993 1629 1046 interclusum
1659 993 1705 1031 ab
1733 1008 1794 1032 re·

416 1056 508 1108 liquo
529 1056 699 1094 exercitu.
737 1058 861 1108 Neque
879 1056 995 1094 adbuc
1013 1058 1107 1095 certi
1123 1058 1311 1110 quidquam
1331 1058 1375 1109 est
1390 1076 1401 1102 3
1433 1073 1540 1111 neque
1559 1059 1636 1097 bcec
1655 1059 1795 1098 incerta

417 1120 524 1173 vulgo
531 1120 729 1170 jaetantur
745 1138 756 1164 ;
773 1120 845 1172 sed
859 1120 954 1159 inter
966 1129 1112 1173 paucos,
1144 1136 1225 1174 quos
1245 1130 1286 1160 tu
1306 1122 1394 1173 nesti
1402 1123 1524 1175 plane,
1541 1124 1684 1174 secreto
1702 1138 1794 1163 nar-

418 1195 582 1224 rantur:
611 1195 653 1224 at
679 1185 877 1230 Domitius,
908 1199 986 1224 cum
1012 1200 1136 1225 manus
1165 1187 1218 1225 ad
1241 1201 1276 1225 os
1295 1188 1468 1240 apposuit.
1515 1185 1565 1227 ‘Te
1583 1189 1634 1227 ad
1648 1201 1697 1227 ιχ.
1719 1190 1794 1228 kal.

416 1252 517 1303 Jun.
540 1249 763 1302 subrostrani
788 1249 908 1304 (quod
927 1251 1065 1290 illorum
1095 1252 1209 1304 capiti
1218 1250 1304 1305 stt)
1330 1252 1538 1304 dqffi'parant
1562 1254 1663 1305 perii
1685 1269 1729 1299 e;
1760 1263 1796 1292 et

416 1325 454 1354 te
479 1315 567 1354 urbe
589 1330 633 1354 ac
645 1316 737 1367 foro
767 1324 840 1354 toto
869 1316 1042 1354 maximus
1068 1331 1191 1355 rumor
1200 1317 1287 1369 fuit
1315 1333 1338 1355 a
1357 1319 1408 1368 Q
1430 1319 1593 1371 Pompeio
1612 1319 1649 1357 in
1668 1319 1796 1359 itinere

415 1377 570 1428 occisum.
615 1382 710 1432 Ego,
744 1381 808 1433 qui
815 1380 950 1432 scirem
969 1383 1020 1432 Q
1042 1382 1245 1434 Pompeium
1264 1383 1391 1420 Baulis
1411 1383 1668 1422 embaeneticam
1680 1386 1794 1436 face-

416 1460 468 1490 re,
499 1454 535 1483 et
553 1447 657 1498 usque
675 1460 710 1484 eo
730 1455 772 1483 ut
797 1459 857 1497 ego
876 1446 1058 1497 mfirerer
1079 1447 1151 1497 ejus
1170 1448 1306 1498 esuriei,
1338 1462 1406 1486 non
1411 1450 1499 1499 sum
1516 1459 1701 1489 commotus
1716 1466 1729 1488 .·
1760 1459 1796 1490 et

415 1511 477 1549 lzoc
496 1510 684 1555 mendacio,
700 1510 744 1560 st
770 1524 840 1563 qua
865 1511 1029 1563 pericula
1059 1511 1131 1550 tibi
1155 1512 1407 1565 impenderent,
1438 1522 1480 1552 ut
1508 1514 1794 1567 defungeremur,

415 1575 552 1628 optavi.
600 1577 759 1614 Plancus
790 1575 926 1628 quidem
959 1586 1043 1615 tuus
1068 1579 1257 1616 Ravennae
1287 1578 1331 1629 ⁶st
1352 1594 1366 1616 :
1391 1587 1427 1616 et
1458 1592 1583 1631 magno
1615 1581 1794 1632 congiario

414 1639 564 1678 donatus
583 1655 606 1678 a
628 1642 782 1692 Caestzre,
813 1655 874 1678 nec
892 1641 1029 1687 beatus,
1061 1657 1121 1681 nec
1146 1642 1229 1681 bene
1251 1643 1440 1696 mstrueim
1466 1644 1524 1695 est.
1572 1643 1645 1684 Tui
1657 1645 1800 1698 politici

414 1705 502 1744 libri
516 1706 671 1745 omnibus
689 1706 827 1758 vigent.
862 1707 960 1744 Vale.

754 1909 1004 1946 CAELms
1048 1909 1368 1948 CICERONI
1413 1911 1449 1949 5.

417 2035 471 2073 11.
496 2033 608 2108 CE
626 2037 660 2074 R
677 2033 774 2081 TE,
805 2037 961 2089 inquam,
983 2036 1158 2092 alfilutus
1176 2037 1221 2089 est
1234 2054 1247 2076 .·
1268 2052 1320 2076 me
1338 2039 1615 2092 repra’st'ntante
1626 2049 1795 2093 pronun-

539 2118 542 2120 ·
582 2100 713 2139 tiatum
745 2101 803 2151 est,
845 2111 880 2139 et
910 2101 1046 2154 quidem
1078 2102 1234 2140 omnibus
1270 2103 1464 2148 ordinibus,
1486 2104 1560 2156 secl
1588 2114 1623 2143 et
1638 2106 1796 2158 stngulis

412 2165 453 2202 rin
478 2179 677 2217 unoquoque
708 2165 828 2204 ordine
842 2166 1051 2217 fintentiis.
1096 2167 1182 2205 Vide
1209 2167 1317 2212 modo,
1348 2169 1477 2222 inquis.
1524 2171 1623 2214 Non,
1655 2172 1793 2210 meher-

415 2230 506 2268 cules
522 2246 535 2267 .·
566 2230 659 2268 nihil
672 2231 762 2268 enim
782 2246 935 2284 unquam
956 2241 1031 2270 tam
1045 2241 1187 2284 praeter
1207 2234 1410 2285 opinionem,
1441 2245 1516 2274 tam
1543 2235 1636 2288 quod
1650 2237 1792 2275 videre-

415 2304 481 2333 tur
500 2295 655 2333 omnibus
673 2295 867 2348 indignum,
898 2296 1041 2336 accidit.
1088 2298 1185 2348 „Quin
1216 2312 1288 2350 ego,
1319 2313 1397 2337 cum
1419 2309 1490 2352 pro
1517 2301 1676 2339 amicitia
1695 2302 1793 2340 vali-

415 2359 539 2409 dgffi'me
550 2359 726 2411 faverem
757 2362 800 2406 ei,
831 2371 866 2400 et
885 2362 1026 2414 mejam
1045 2362 1095 2401 ad
1109 2363 1287 2402 dolendum
1301 2364 1556 2417 praeparcfflm
1578 2384 1588 2409 ;
1613 2367 1795 2419 postquam

400 2426 550 2477 fabium
567 2425 626 2476 est,
657 2425 823 2478 obstupui,
854 2438 888 2466 et
910 2428 999 2466 mihi
1014 2428 1202 2481 visussum
1221 2438 1347 2481 captus
1368 2429 1440 2481 effe.
1488 2432 1588 2482 Qu'd
1613 2433 1697 2470 alios
1716 2442 1791 2484 pu-

415 2500 473 2528 tas
490 2490 509 2527 .?
540 2489 761 2528 Clamoribus
776 2492 917 2544 scilicet
942 2493 1102 2531 maximis
1110 2493 1250 2543 judices
1273 2495 1523 2546 corripuerunt
1543 2513 1553 2538 ;
1585 2505 1620 2534 et
1643 2496 1792 2548 ostende-

416 2563 519 2600 runt,
542 2555 652 2607 plane
670 2555 730 2607 effe
749 2557 842 2609 quod
841 2558 952 2609 jerri
968 2573 1035 2598 non
1049 2557 1172 2611 pfft.
1217 2561 1347 2612 Itaque
1364 2560 1509 2598 relibtus
1539 2562 1611 2613 lege
1631 2562 1790 2607 Licinia,

497 2623 568 2659 To
582 2635 633 2660 M.
666 2622 760 2661 VII.
1407 2626 1443 2662 A
1473 2639 1493 2662 a
