2351 2997
588 262 681 300 AD
739 257 1206 298 FAMILIARES
1266 258 1399 297 ΜΒ.
1453 262 1530 299 111.
1702 278 1746 315 51

358 369 568 415 pateretur,
590 368 657 398 aut
678 372 735 398 res
757 360 871 398 verba
892 358 1133 404 defideraret‚
1152 371 1195 396 ac
1217 372 1296 396 non
1319 371 1389 411 pro
1411 360 1446 398 se
1467 359 1546 412 ipsa
1567 358 1748 413 loquere-

359 439 436 466 tur.
483 428 576 465 Hoc
608 426 728 464 velim
762 427 836 464 tibi
868 425 1107 479 persuadeaS,
1139 425 1165 463 fi
1191 425 1408 463 rationibus
1431 428 1528 464 meis
1550 428 1745 479 provisum

357 493 428 531 effe
449 493 695 537 intellexero,
714 506 896 545 magnam
915 501 951 530 te
967 506 1014 531 ex
1035 505 1080 529 eo
1101 499 1139 529 et
1159 501 1388 544 perpetuam
1410 493 1654 545 voluptatem
1675 494 1745 531 effe

356 568 579 610 capturum.
616 558 728 596 Vale.

578 758 641 796 M.
675 759 727 796 T.
763 759 811 796 C.
845 758 1033 795 Appio
1070 758 1355 795 PULcnRo
1396 758 1433 796 S.
1468 758 1521 797 D.

355 885 563 958 HLAN
579 888 617 925 T
632 888 665 925 E
697 887 801 924 diem
826 899 889 924 XI.
913 885 1095 923 kalendas
1117 887 1255 937 Junias
1278 886 1541 926 Brundufium
1561 900 1655 926 cum
1675 902 1741 927 ve-

549 952 700 997 niffem,
724 952 956 1004 QFabiuS‚
983 951 1133 1003 legatus
1157 962 1262 998 tuus,
1286 952 1387 991 mihi
1409 952 1544 1005 praesto
1564 952 1657 998 fuit,
1679 967 1742 991 ea-

355 1032 432 1070 que
447 1032 511 1056 me
526 1032 573 1056 ex
590 1019 668 1056 tuis
686 1017 877 1056 mandatis
896 1018 1067 1062 monuit,
1086 1032 1172 1071 quae
1190 1033 1268 1057 non
1286 1019 1405 1057 modo
1426 1018 1542 1063 mihi,
1561 1020 1607 1057 ad
1623 1034 1743 1073 quem

354 1085 618 1136 pertinebant,
650 1084 713 1122 sed
735 1083 913 1122 universo
934 1084 1096 1129 senatui,
1129 1095 1312 1123 venerant
1333 1086 1373 1123 in
1395 1095 1586 1130 mentem,
1611 1086 1742 1138 praefi-

354 1149 420 1186 dio
452 1150 617 1187 firmiori
648 1163 745 1202 opus
779 1149 851 1187 effe
882 1149 928 1186 ad
960 1149 1069 1186 istam
1102 1151 1375 1202 provinciam:
1408 1151 1616 1189 censebant
1636 1152 1743 1190 enim

353 1228 488 1252 omnes
524 1214 618 1259 fere,
655 1224 699 1252 ut
734 1215 774 1251 in
811 1215 923 1252 Italia
954 1214 1275 1266 supplementum
1308 1217 1404 1254 meis
1440 1225 1479 1254 et
1513 1216 1648 1255 Bibuli
1683 1218 1741 1255 le·-

353 1281 539 1332 gionibus
561 1280 807 1318 scriberetur.
841 1280 886 1318 Id
908 1294 999 1317 cum
1022 1281 1219 1333 Sulpicius
1242 1282 1376 1320 consul
1398 1282 1593 1335 passurum
1615 1282 1651 1320 se
1671 1297 1740 1321 ne-

352 1355 474 1397 garet,
506 1346 632 1383 multa
663 1359 731 1384 nos
763 1345 923 1397 quidem
950 1346 1072 1396 questi
1104 1347 1264 1393 sumus;
1298 1348 1360 1385 sed
1383 1357 1512 1385 tantus
1535 1348 1741 1387 consensus

353 1412 504 1449 senatus
526 1411 618 1457 fuit,
651 1421 695 1449 ut
720 1420 870 1449 mature
892 1411 1239 1463 proficisceremur,
1272 1413 1488 1465 parendum
1519 1422 1562 1451 ut
1592 1413 1739 1453 fuerit:

352 1477 483 1529 itaque
504 1476 687 1515 fecimus.
733 1477 870 1521 Nunc,
902 1476 1009 1529 quod
1030 1491 1050 1514 a
1071 1486 1108 1515 te
1128 1478 1225 1530 petii
1246 1478 1369 1516 literis
1390 1478 1454 1524 iis,
1486 1492 1580 1531 quas
1602 1480 1743 1517 Romae

352 1542 563 1580 tabellariis
581 1543 658 1580 tuis
680 1542 783 1587 dedi,
798 1543 918 1580 velim
941 1543 1015 1579 tibi
1035 1556 1136 1580 curae
1156 1544 1215 1588 fit,
1235 1552 1293 1588 ut,
1312 1558 1397 1596 quae
1419 1543 1621 1582 successori
1642 1558 1740 1582 con-

346 1608 589 1658 junstiffimo
608 1617 647 1646 et
666 1608 897 1646 amiciflimo
918 1608 1168 1646 commodare
1189 1609 1314 1661 potest
1335 1610 1382 1654 is,
1406 1610 1475 1662 qui
1496 1610 1739 1662 provinciam

352 1673 483 1717 tradit,
505 1687 561 1718 ea,
581 1687 650 1725 pro
671 1673 796 1711 nostra
816 1673 1138 1711 consociatissima
1158 1675 1374 1719 voluntate,
1392 1689 1484 1712 cura
1503 1689 1546 1712 ac
1567 1675 1740 1728 diligen-

352 1739 406 1776 tia
426 1748 492 1777 tua
512 1739 798 1791 compleffitarm
830 1748 875 1777 ut
895 1752 1030 1777 omnes
1053 1740 1293 1792 intelligant,
1325 1754 1396 1778 nec
1418 1754 1480 1778 me
1503 1741 1739 1779 benevolen-

351 1805 443 1842 tiori
463 1805 649 1857 cuiquam
674 1804 891 1849 succedere,
924 1818 995 1842 nec
1026 1814 1063 1842 te
1093 1806 1272 1843 amiciori
1301 1806 1467 1858 potuiffe
1494 1806 1741 1859 provinciam

351 1870 513 1908 tradere.
552 1871 614 1908 Ex
635 1870 682 1908 iis
704 1870 843 1915 literis,
875 1884 1041 1922 quarum
1063 1871 1108 1908 ad
1130 1885 1193 1908 me
1213 1871 1443 1923 exemplum
1463 1871 1613 1917 mifisti,
1644 1886 1739 1925 quas

350 1935 391 1973 in
413 1935 543 1974 senatu
565 1936 719 1974 recitari
739 1936 910 1981 voluisti,
941 1937 992 1978 fic
1013 1937 1299 1982 intellexeram,
1321 1937 1539 1989 permultos
1561 1950 1581 1975 a
1602 1946 1639 1976 te
1660 1939 1739 1976 mi-

350 2000 439 2039 lites
460 2001 532 2039 effe
553 2001 753 2040 dimissos:
788 2002 850 2039 sed
881 2001 983 2040 mihi
1014 2003 1158 2041 Fabius
1181 2002 1286 2041 idem
1316 2002 1609 2049 demonstravit,
1641 2003 1681 2041 id
1703 2013 1740 2042 te

351 2067 532 2118 cogitaffe
561 2066 715 2113 facere;
747 2067 824 2113 sed,
856 2081 949 2106 cum
976 2068 1056 2121 ipse
1081 2082 1101 2106 a
1122 2078 1158 2106 te
1178 2069 1405 2115 discederet,
1438 2070 1639 2121 integrum
1660 2070 1739 2108 mi-

350 2132 469 2171 litum
491 2147 701 2171 numerum
722 2133 847 2171 fuiffe.
881 2134 926 2171 Id
948 2135 973 2172 fi
995 2135 1049 2172 ita
1069 2135 1135 2180 est,
1167 2144 1392 2187 pergratum
1413 2135 1515 2173 mihi
1536 2135 1689 2181 feceris,
1713 2135 1739 2175 fi

352 2198 438 2236 istas
459 2199 618 2251 exiguas
639 2200 784 2251 copias,
809 2213 902 2252 quas
925 2200 1108 2246 habuisti,
1134 2215 1254 2253 quam
1275 2202 1441 2239 minime
1461 2202 1738 2242 imminueris:

351 2278 428 2316 qua
448 2264 494 2301 de
515 2278 554 2302 re
575 2265 945 2310 senatus-consulta,
968 2280 1054 2318 quae
1076 2266 1175 2304 faeta
1195 2267 1298 2312 sunt,
1330 2267 1375 2304 ad
1399 2276 1434 2304 te
1456 2267 1564 2305 miffa
1584 2268 1655 2305 effe
1676 2282 1738 2306 ar-

353 2330 491 2367 bitror.
536 2330 734 2381 Equidem
765 2345 835 2383 pro
862 2345 907 2370 eo
928 2332 1065 2383 quanti
1088 2341 1124 2369 te
1146 2331 1261 2377 facio,
1295 2332 1490 2384 quidquid
1510 2332 1647 2371 feceris
1669 2346 1738 2385 ap-

351 2394 551 2447 probabo:
585 2395 647 2432 sed
669 2404 705 2432 te
726 2409 884 2448 quoque
905 2397 1062 2435 confido
1082 2411 1125 2435 ea
1144 2397 1356 2443 faustinum,
1388 2412 1474 2450 quae
1496 2397 1596 2436 mihi
1619 2398 1738 2436 intel-

352 2461 449 2512 liges
485 2459 656 2497 maxime
689 2460 760 2498 effe
794 2462 1102 2501 accommodata.
1150 2464 1237 2515 Ego
1273 2464 1322 2501 C.
1351 2464 1598 2507 Ponffiuium,
1631 2464 1736 2515 lega-

353 2533 439 2565 tum
472 2540 622 2572 meum,
656 2526 864 2565 Brundufii
896 2529 1176 2580 expectabam:
1209 2542 1380 2580 eumque
1412 2539 1499 2567 ante
1532 2529 1608 2566 kal.
1640 2530 1734 2578 Jun.

1345 2595 1435 2630 Ga
