2351 2997
628 226 718 264 AD
777 221 1240 261 FAMILIARES
1300 222 1431 260 LIB.
1479 223 1551 260 VI.
1708 236 1779 274 129

403 325 505 370 sunt,
536 322 619 361 fore
638 337 730 360 cum
752 322 944 367 dicebam,
976 321 1200 359 divinabam
1220 320 1353 359 futura
1371 336 1378 358 :
1413 320 1489 365 sed,
1512 321 1618 372 quod
1638 330 1675 357 et
1696 321 1779 358 fieri

402 390 518 441 poffe,
549 397 587 425 et
607 387 815 426 exitiosum
842 386 940 431 fore,
972 387 998 424 fi
1025 386 1220 431 evenisset,
1252 386 1445 431 videbam,
1478 386 1518 423 id
1548 399 1595 423 ne
1625 385 1777 423 accide-

400 463 473 498 ret,
504 453 721 498 timebam,
754 453 963 506 praesertim
993 466 1100 497 cum,
1133 453 1159 490 fi
1189 451 1291 491 mihi
1319 452 1551 490 alterutrum
1572 452 1618 489 de
1638 461 1780 489 eventu

400 527 516 571 atque
536 520 646 556 exitu
667 533 795 557 rerum
816 518 1131 571 promittendum
1151 519 1254 563 esset,
1286 518 1326 556 id
1347 517 1541 562 futurum,
1564 518 1670 570 quod
1690 531 1779 555 eve—

401 584 475 628 nit,
506 585 744 637 exploratius
775 585 920 637 poffem
950 585 1194 636 promittere.
1240 585 1292 622 Iis
1314 586 1420 622 enim
1442 584 1555 622 rebus
1577 583 1779 636 praestaba-

399 662 503 694 mus,
525 663 611 701 quae
632 663 711 687 non
731 649 926 701 prodeunt
945 649 986 686 in
1007 649 1159 694 aciem;
1182 648 1252 686 usu
1273 657 1403 686 autem
1424 663 1621 686 armorum
1642 658 1680 686 et
1701 649 1779 686 mi-

400 713 519 752 litum
549 715 685 752 robore
714 713 915 751 inferiores
945 727 1111 752 eramus.
1159 713 1231 751 Sed
1261 722 1303 751 tu
1333 713 1450 751 illum
1477 714 1654 752 animum
1676 727 1780 751 nunc

398 779 557 824 adhibe,
589 779 729 831 quaeso,
761 793 841 831 quo
870 793 934 816 me
964 787 1051 816 tum
1080 778 1152 816 esse
1178 788 1356 831 oportere
1377 778 1570 817 censebas.
1618 779 1715 816 Haec
1736 792 1782 816 eo

400 843 544 896 scripsi,
567 844 672 897 quod
693 844 794 882 mihi
815 844 1068 896 Philargyrus
1091 853 1181 882 tuus
1202 844 1335 882 omnia
1355 843 1401 882 de
1423 853 1460 882 te
1481 844 1708 896 requirenti,
1732 843 1780 881 fi-

401 908 591 947 delifiimo
612 910 744 948 animo
768 912 830 962 (ut
850 909 952 948 mihi
972 909 1134 961 quidem
1153 909 1255 947 visus
1284 909 1355 959 est)
1380 909 1560 953 narravit,
1593 918 1629 947 te
1658 909 1781 946 inter-

401 973 497 1012 dum
514 975 730 1012 sollicitum
746 975 865 1013 solere
881 976 952 1013 esse
968 974 1238 1013 vehementius
1256 990 1264 1013 :
1288 975 1394 1027 quod
1414 974 1539 1012 facere
1555 988 1633 1012 non
1651 974 1782 1018 debes,

401 1053 473 1077 nec
494 1039 686 1085 dubitare,
704 1041 800 1092 quin
822 1050 888 1078 aut
908 1041 1038 1093 aliqua
1058 1041 1260 1093 republica
1279 1041 1324 1078 fis
1345 1039 1517 1085 futurus,
1536 1041 1605 1092 qui
1626 1040 1697 1078 effe
1714 1039 1782 1077 de-

403 1104 494 1149 bes;
518 1114 583 1143 aut
604 1105 767 1157 perdita,
790 1120 869 1143 non
890 1105 1090 1144 afflictiore
1110 1105 1352 1150 conditione,
1375 1119 1493 1158 quam
1514 1106 1656 1143 caeteri.
1692 1105 1784 1142 Hoc

399 1184 490 1208 vero
511 1180 680 1223 tempus,
699 1184 778 1222 quo
798 1172 1008 1210 exanimati
1029 1185 1164 1210 omnes
1185 1180 1223 1209 et
1243 1171 1410 1223 suspensi
1430 1171 1578 1216 sumus,
1596 1169 1672 1208 hoc
1693 1184 1782 1208 mo·-

400 1236 589 1274 deratiore
609 1237 740 1274 animo
761 1236 860 1274 ferre
880 1237 1011 1282 debes,
1038 1238 1144 1289 quod
1164 1247 1202 1275 et
1223 1238 1263 1275 in
1286 1238 1380 1276 urbe
1400 1251 1443 1275 ea
1462 1251 1516 1283 es,
1549 1237 1618 1274 ubi
1639 1246 1726 1274 nata
1746 1246 1785 1275 et

400 1301 477 1338 alta
496 1301 549 1338 est
569 1302 667 1339 ratio
683 1316 726 1340 ac
747 1303 961 1340 moderatio
977 1304 1088 1348 vitae,
1113 1312 1150 1340 et
1171 1302 1289 1341 habes
1313 1305 1392 1341 Ser.
1410 1303 1646 1355 Sulpicium,
1665 1315 1784 1354 quem

399 1365 548 1418 semper
570 1367 684 1404 unice
705 1367 902 1412 dilexisti,-
936 1369 1005 1420 qui
1037 1377 1073 1405 te
1102 1367 1278 1420 profedm
1305 1377 1343 1405 et
1372 1368 1643 1406 benevolentia
1666 1376 1705 1405 et
1725 1367 1784 1405 sa-

399 1431 547 1483 pientia
567 1431 815 1470 consolatur:
848 1433 961 1484 cujus
993 1432 1018 1469 fi
1048 1431 1209 1470 effemus
1240 1441 1278 1470 et
1308 1434 1578 1470 auetoritatem
1599 1441 1637 1470 et
1658 1432 1784 1470 confi-

400 1497 500 1534 lium
522 1497 657 1542 secuti,
690 1498 812 1549 togati
833 1499 964 1550 potius
986 1498 1219 1550 potentiam,
1251 1511 1370 1550 quam
1400 1498 1538 1535 armati
1567 1497 1784 1543 victoriam,

400 1562 644 1601 subiffemus.
692 1562 763 1600 Sed
795 1562 876 1601 haec
906 1563 1085 1615 longiora
1113 1563 1266 1601 fortaffe
1296 1563 1470 1608 fuerunt,
1503 1577 1621 1615 quam
1643 1562 1787 1600 necesse

400 1627 501 1666 fuit:
532 1628 613 1672 illa,
637 1642 722 1680 quae
743 1630 887 1680 majora
908 1629 1011 1673 sunt,
1035 1629 1188 1666 brevius
1210 1643 1418 1681 exponam.
1452 1631 1539 1680 Ego
1560 1628 1699 1673 habeo,
1722 1628 1788 1666 cui

402 1693 506 1745 plus,
529 1707 648 1744 quam
670 1694 757 1737 tibi,
782 1693 957 1738 debeam,
980 1695 1180 1731 neminem
1199 1710 1206 1731 :
1238 1694 1382 1746 quibus
1405 1703 1558 1731 tantum
1580 1694 1785 1738 debebam,

402 1768 596 1810 quantum
619 1768 659 1796 tu
682 1759 887 1810 intelligis,
919 1773 982 1796 eos
1005 1759 1106 1796 mihi
1127 1758 1245 1811 hujus
1269 1759 1362 1796 belli
1384 1759 1490 1796 casus
1511 1759 1670 1811 eripuit.
1704 1759 1788 1809 Qi

402 1824 472 1861 fim
492 1833 623 1861 autem
642 1823 718 1861 hoc
741 1833 930 1876 tempore,
964 1824 1158 1876 intelligo.
1207 1824 1278 1861 Sed
1303 1825 1395 1876 quia
1416 1838 1531 1861 nemo
1552 1824 1604 1861 est
1626 1833 1705 1861 tam
1725 1823 1786 1861 af-

402 1888 544 1933 fliC'ms,
567 1889 651 1941 qui,
674 1889 700 1926 fi
722 1889 822 1926 nihil
846 1890 951 1927 aliud
973 1889 1134 1934 studeat,
1167 1889 1238 1927 nisi
1259 1889 1299 1926 id
1320 1889 1427 1941 quod
1447 1890 1542 1941 agit,
1574 1903 1652 1927 non
1674 1889 1789 1941 poffit

400 1967 536 1991 navare
568 1954 719 2006 aliquid
753 1963 791 1992 et
826 1955 1004 1999 efficere5
1038 1968 1155 1993 omne
1189 1968 1324 1992 meum
1358 1955 1581 1999 confilium,
1612 1967 1787 2006 operam,

400 2019 588 2064 studium,
607 2028 709 2057 certe
726 2020 846 2058 velim
862 2021 1057 2059 existimes
1076 2021 1150 2060 tibi
1172 2020 1326 2073 tuisque
1347 2020 1480 2059 liberis
1497 2020 1569 2059 effe
1590 2019 1784 2059 debitum.

667 2219 730 2257 M.
764 2222 817 2258 Τ.
851 2222 899 2258 C.
933 2223 984 2259 A.
1017 2222 1353 2270 TORQUATO
1395 2221 1433 2259 S.
1467 2220 1521 2258 D.

405 2348 459 2385 ΙΙ.
476 2346 529 2417 Ρ
542 2348 622 2384 ET
635 2348 670 2384 Ο
693 2360 713 2384 a
734 2358 785 2394 te,
805 2363 851 2387 ne
868 2363 930 2388 me
947 2358 1060 2402 putes
1076 2349 1277 2388 oblivione
1298 2349 1357 2387 tui
1377 2349 1497 2387 rarius
1519 2348 1565 2386 ad
1586 2358 1623 2387 te
1643 2347 1788 2387 scribe-

561 2426 614 2457 re,
637 2425 755 2464 quam
776 2414 961 2460 solebam,
984 2415 1047 2454 sed
1067 2424 1134 2454 aut
1154 2415 1342 2468 gravitate
1363 2414 1612 2460 valetudinis,
1634 2428 1711 2467 qua
1731 2422 1788 2451 ta-

404 2491 495 2517 men
518 2479 602 2529 jam
635 2478 798 2529 paulum
826 2480 959 2520 videor
988 2481 1121 2527 levari,
1152 2489 1219 2519 aut
1246 2481 1353 2533 quod
1380 2480 1501 2518 absim
1522 2480 1569 2518 ab
1591 2480 1701 2525 urbe,
1731 2487 1790 2523 ut,

488 2546 527 2582 T
541 2557 564 2582 0
581 2557 634 2583 M.
666 2544 763 2584 VII.
1458 2547 1495 2583 R
