2351 2997
581 283 672 320 AD
731 281 1194 320 FAMILIARES
1256 284 1387 324 LIB.
1438 285 1534 324 XII.
1681 302 1750 340 321

371 378 538 431 negotiis
561 378 767 418 discedere.
816 382 1040 432 Utrumque
1068 389 1203 419 contra
1229 382 1400 421 accidit:
1433 383 1517 421 istic
1538 384 1643 421 enim
1667 383 1752 421 bel-

370 445 455 481 lum
475 444 528 481 est
548 454 744 490 exortum,
768 445 833 484 hic
854 461 928 498 pax
950 447 1181 491 consecuta;
1215 448 1277 484 sed
1299 457 1427 486 tamen
1450 449 1640 501 ejusmodi
1661 463 1749 502 pax,

368 510 409 547 in
442 523 532 561 qua,
565 511 589 547 fi
617 511 770 556 adefl‘es,
802 513 927 550 multa
953 522 989 550 te
1017 527 1095 550 non
1124 513 1383 558 delectarent5
1416 528 1458 551 ea
1490 524 1633 564 tamen,
1665 529 1750 567 quae

368 588 416 612 ne
438 575 565 626 ipsum
588 577 775 614 Caesarem
797 578 958 629 quidem
979 577 1185 615 delectent.
1219 579 1420 616 Bellorum
1441 580 1547 617 enim
1568 581 1749 618 civilium

366 639 410 676 hi
431 640 581 693 semper
599 643 726 680 exitus
749 643 851 687 sunt,
883 652 928 680 ut
948 656 1025 679 non
1047 656 1089 679 ea
1109 642 1235 680 solum
1257 643 1365 687 fiant,
1389 658 1474 695 quae
1495 645 1588 682 velit
1610 646 1745 690 victor,

367 704 429 742 sed
450 707 582 750 etiam,
615 715 658 743 ut
678 707 725 743 iis
747 720 831 744 mos
852 706 1042 758 gerendus
1065 707 1124 750 fit,
1148 707 1291 758 quibus
1313 708 1555 759 adjutoribus
1578 710 1622 746 fit
1642 719 1749 761 parta

365 770 537 807 victoria.
584 771 781 822 Equidem
816 772 867 809 fic
896 773 980 823 jam
1012 771 1196 816 obdurui,
1230 781 1273 810 ut
1303 772 1407 810 ludis
1439 773 1596 811 Caesaris
1630 774 1748 812 nostri

365 834 578 886 aequiffimo
612 836 743 874 animo
777 836 951 874 viderem
986 838 1039 875 T.
1074 837 1281 882 Plancum,
1313 837 1487 875 audirem
1518 839 1675 876 Laberii
1709 850 1747 877 et

365 900 499 937 Publii
519 910 710 952 poemata.
758 901 877 940 Nihil
906 901 1007 939 mihi
1036 911 1115 940 tam
1137 902 1256 940 deesse
1276 903 1388 948 scito,
1420 917 1539 954 quam
1560 905 1746 955 qui-cum

362 964 446 1002 haec
466 965 711 1003 familiariter
730 967 920 1020 docteque
940 967 1100 1006 rideam.
1143 969 1179 1005 Is
1202 977 1244 1005 tu
1264 968 1353 1013 eris,
1385 969 1411 1005 fi
1433 982 1551 1020 quam
1571 970 1745 1022 primum

363 1031 526 1067 veneris.
560 1031 680 1081 Qod
702 1041 744 1069 ut
764 1031 897 1077 facias,
928 1046 1007 1070 non
1028 1046 1114 1071 mea
1133 1032 1274 1078 solum,
1298 1032 1360 1071 sed
1380 1034 1497 1071 etiam
1519 1042 1598 1079 tua,
1620 1034 1743 1072 inter-

360 1094 434 1132 effe
454 1096 633 1135 arbitror.
667 1097 776 1136 Vale.

534 1298 598 1336 M.
631 1300 684 1337 T.
719 1300 959 1338 CICERO
1001 1300 1399 1338 CoRN1F1c10
1442 1302 1478 1339 S.
1512 1302 1566 1340 D.

358 1427 473 1466 XIX.
499 1427 566 1500 L
579 1429 598 1466 Ι
612 1428 642 1465 Β
657 1428 689 1464 Ε
707 1427 748 1465 N
762 1428 800 1465 T
815 1427 834 1465 I
849 1427 870 1464 S
887 1427 908 1464 S
924 1428 942 1465 I
957 1427 1006 1465 M
1021 1428 1053 1465 E
1082 1427 1161 1479 legi
1182 1436 1265 1465 tuas
1287 1427 1432 1474 literas,
1450 1429 1490 1467 in
1512 1430 1655 1481 quibus
1671 1431 1741 1482 ju·

598 1490 876 1530 cundiffimum
911 1491 1013 1529 mihi
1046 1490 1139 1536 fuit,
1184 1492 1292 1544 quod
1325 1494 1493 1545 cognovi
1526 1507 1630 1532 meas
1665 1494 1740 1531 tibi

359 1558 525 1597 redditas
546 1558 631 1597 effe.
665 1557 760 1595 Non
780 1557 888 1595 enim
909 1557 1152 1602 dubitabam,
1169 1557 1268 1609 quin
1288 1571 1348 1597 eas
1370 1559 1551 1596 lubenter
1571 1559 1740 1597 lecturus

358 1623 449 1661 effes
468 1639 477 1661 ε
515 1622 671 1662 verebar
704 1630 749 1658 ut
783 1621 1047 1660 redderentur.
1099 1622 1271 1667 Bellum,
1315 1623 1421 1674 quod
1456 1623 1508 1661 est
1542 1624 1583 1661 in
1618 1625 1739 1675 Syria,

359 1690 586 1741 Syriamque
606 1687 850 1740 provinciam
872 1686 945 1724 tibi
968 1688 1156 1726 tributam
1183 1688 1254 1726 effe
1274 1702 1295 1725 a
1315 1689 1476 1733 Caesare,
1507 1703 1554 1727 ex
1582 1690 1659 1727 tuis
1688 1690 1739 1727 li-

357 1754 448 1792 teris
470 1753 652 1805 cognovi.
685 1751 862 1790 Eandem
884 1765 966 1790 rem
987 1753 1061 1790 tibi
1082 1754 1171 1791 volo
1192 1754 1290 1791 bene
1310 1762 1348 1792 et
1368 1753 1537 1792 feliciter
1557 1755 1709 1792 evenire
1728 1769 1736 1792 ε

357 1819 463 1871 quod
484 1819 537 1857 ita
557 1818 639 1857 fore
660 1817 831 1862 confido,
862 1816 984 1855 fretus
1005 1828 1043 1856 et
1063 1818 1251 1856 industria
1270 1828 1308 1856 et
1329 1819 1534 1871 prudentia
1555 1829 1634 1858 tua.
1668 1820 1740 1857 Sed

356 1884 402 1920 de
423 1882 598 1921 Parthici
620 1881 715 1920 belli
735 1882 953 1934 suspicione
974 1883 1079 1934 quod
1108 1883 1259 1927 scribis,
1291 1883 1377 1921 sane
1409 1897 1472 1921 me
1503 1885 1736 1923 commovit.

357 1949 564 2000 Qantum
596 1946 800 1999 cop-iarum
833 1946 1008 1992 haberes,
1054 1961 1147 1985 cum
1186 1947 1266 2000 ipse
1298 1949 1521 2000 conjectura
1554 1949 1738 2001 consequi

356 2022 545 2067 poteram,
577 2022 664 2050 tum
685 2026 732 2050 ex
753 2013 830 2050 tuis
852 2013 974 2050 literis
1001 2014 1183 2065 cognovi.
1231 2015 1367 2066 Itaque
1394 2023 1502 2066 opto,
1535 2028 1582 2052 ne
1610 2015 1645 2052 se
1671 2015 1739 2052 illa

355 2092 450 2131 gens
471 2087 624 2116 moveat
644 2077 720 2115 hoc
738 2087 931 2130 tempore,
954 2079 1049 2117 dum
1070 2080 1114 2117 ad
1138 2089 1174 2117 te
1194 2079 1366 2131 legiones
1388 2095 1438 2118 eae
1459 2080 1735 2133 perducantur,

355 2157 450 2196 quas
471 2144 586 2181 audio
607 2143 713 2181 duci.
761 2143 880 2194 Qod
911 2144 937 2181 fi
970 2158 1077 2196 pares
1099 2146 1229 2196 copias
1257 2145 1304 2182 ad
1331 2146 1626 2198 confligendum
1657 2160 1737 2185 non

355 2209 532 2254 habebis,
565 2222 643 2246 non
666 2217 703 2246 te
722 2207 850 2260 fugiet
871 2209 930 2246 uti
957 2210 1118 2248 confilio
1139 2210 1202 2248 M.
1227 2210 1389 2256 Bibuli;
1422 2213 1491 2263 qui
1523 2212 1559 2249 se
1591 2212 1738 2264 oppido

354 2274 614 2313 munitiffimo
634 2283 672 2312 et
693 2274 950 2326 copiofifiimo
972 2285 1051 2313 tam
1072 2275 1139 2313 diu
1161 2277 1302 2320 tenuit,
1334 2290 1452 2328 quam
1480 2277 1547 2315 diu
1575 2278 1614 2315 in
1643 2292 1735 2330 pro-

355 2342 484 2378 vincia
514 2339 649 2378 Parthi
684 2339 858 2379 fuerunt.
905 2341 978 2379 Sed
1004 2340 1086 2379 haec
1115 2341 1255 2380 melius
1283 2356 1330 2380 ex
1358 2356 1397 2380 re
1423 2351 1461 2380 et
1487 2357 1534 2381 ex
1563 2352 1737 2395 tempore

355 2403 580 2445 constitues.
613 2404 723 2443 Mihi
745 2406 904 2458 quidem
923 2408 1043 2460 usque
1064 2422 1164 2445 curae
1181 2408 1253 2446 erit
1275 2408 1370 2460 quid
1391 2421 1493 2460 agas,
1512 2409 1621 2453 dum,
1641 2409 1735 2459 quid

350 2472 493 2525 ⁴egeris,
525 2472 659 2509 sciero.
706 2472 855 2511 Literas
877 2473 923 2510 ad
954 2483 991 2511 te
1011 2487 1214 2526 nunquam
1234 2473 1355 2512 habui
1378 2474 1441 2510 cui
1464 2474 1606 2517 darem,
1639 2474 1734 2525 quin

436 2539 502 2576 To
516 2550 568 2577 M.
600 2538 695 2577 VII.
1371 2540 1392 2575 S
1423 2538 1446 2575 s
