2351 2997
622 216 715 255 AD
774 208 1242 252 FAMILIARES
1301 207 1432 245 LIB.
1483 205 1575 243 XV.
1716 217 1794 256 423

409 319 564 357 definiri
586 316 808 355 convenire.
854 314 998 365 Neque
1026 309 1234 362 quisquam
1255 306 1354 345 hanc
1377 305 1544 343 nostram
1566 304 1797 342 sententiam

409 398 496 423 vere
513 396 688 435 unquam
711 377 974 432 reprehendit,
993 384 1130 428 praeter
1146 388 1208 411 eos
1226 373 1294 425 qui
1316 372 1553 409 arbitrantur
1569 369 1709 407 melius
1727 368 1798 405 effe

411 450 530 488 deleri
551 449 715 487 omnino
737 445 1042 498 rempublicam,
1075 454 1193 493 quam
1214 438 1469 477 imminutam
1490 446 1528 474 et
1555 435 1799 473 debilitatam

411 529 580 553 manere.
614 515 701 565 Ego
721 521 852 550 autem
873 524 919 548 ex
942 508 1104 546 interitu
1125 508 1206 557 ejus
1230 505 1381 542 nullam
1402 503 1507 555 spem
1530 501 1677 539 scilicet
1699 499 1800 538 mihi

412 580 696 633 proponebam,
727 591 773 614 ex
796 574 972 627 reliquiis
994 583 1191 623 magnam.
1240 569 1312 606 Sed
1332 582 1374 606 ea
1394 568 1483 605 sunt
1504 566 1724 609 consecuta,
1756 574 1802 602 ut

414 647 538 698 magis
560 646 707 683 mirum
729 643 774 680 s1t
794 640 968 679 accidere
988 639 1056 675 illa
1076 634 1254 689 potuisse,
1276 647 1393 686 quam
1417 646 1486 670 nos
1509 646 1586 669 non
1607 630 1740 669 vidisse
1760 644 1803 668 ea

414 711 570 755 futura;
594 723 679 754 nec,
701 707 881 746 homines
899 717 991 742 cum
1007 702 1184 745 effemus,
1203 700 1374 738 divinare
1391 697 1570 750 potuiffe.
1604 696 1803 748 Equidem

414 777 539 814 fateor
558 787 686 813 meam
707 773 972 823 conjecturam
993 767 1094 806 hanc
1116 765 1242 810 fuisse,
1261 773 1319 809 ut,
1337 764 1408 801 illo
1425 763 1529 815 quasi
1551 761 1722 814 quodam
1742 760 1803 798 fa-

415 841 484 878 tali
506 839 640 892 praelio
661 836 777 881 faite,
809 844 848 873 et
867 835 1031 872 vietores
1053 830 1259 869 communi
1280 828 1393 866 saluti
1421 826 1621 864 consulere
1641 825 1803 869 vellent,

416 915 456 943 et
476 905 570 943 vieti
589 903 682 941 suae:
708 910 921 951 utrumque
937 907 1067 935 autem
1088 895 1258 948 pofitum
1279 893 1350 931 effe
1371 891 1584 930 arbitrabar
1603 891 1645 927 in
1665 889 1805 927 celeri-

418 980 496 1009 tate
516 968 689 1007 vietoris.
735 966 834 1015 Qae
854 965 880 1002 fi
906 963 1050 1007 fuiffet,
1082 960 1244 999 eandem
1266 958 1517 997 clementiam
1539 964 1698 1008 experta
1716 955 1808 993 effet

419 1035 570 1080 Africa,
594 1046 713 1086 quam
734 1030 920 1084 cognovit
944 1029 1045 1073 Afia,
1077 1040 1195 1079 quam
1216 1026 1335 1063 etiam
1357 1022 1534 1067 Achaia;
1567 1031 1619 1066 et,
1653 1030 1696 1058 ut
1717 1020 1806 1072 opi-

420 1116 507 1147 nor,
539 1100 621 1153 ipso
652 1099 780 1150 legato
810 1110 852 1134 ac
885 1096 1145 1148 deprecatore.
1193 1091 1351 1129 Amissis
1384 1098 1516 1127 autem
1546 1086 1807 1139 temporibus,

421 1182 507 1220 quae
528 1166 747 1219 plurimum
768 1163 911 1206 valent,
934 1159 1146 1213 praesertim
1172 1158 1212 1195 in
1234 1156 1357 1194 bellis*
1370 1154 1570 1198 civilibus,
1602 1152 1808 1204 interposi-

422 1243 485 1272 tus
506 1245 628 1270 annus
650 1230 745 1268 alios
767 1227 925 1266 induxit
947 1236 990 1264 ut
1011 1224 1212 1263 vietoriam
1234 1222 1440 1275 sperarent,
1472 1220 1583 1263 alios,
1616 1227 1660 1256 ut
1680 1218 1811 1269 ipsum

421 1298 530 1336 vinci
550 1303 860 1335 contemnerent.
908 1293 1042 1343 Atque
1068 1289 1211 1327 horum
1233 1288 1428 1325 malorum
1449 1285 1631 1323 omnium
1652 1283 1812 1334 culpam

424 1363 583 1401 fortuna
603 1360 776 1398 sustinet.
819 1357 920 1408 Qis
942 1357 1050 1394 enim
1068 1364 1135 1393 aut
1156 1352 1415 1400 Alexandrini
1437 1350 1532 1388 belli
1552 1358 1700 1387 tantam
1722 1361 1811 1385 mo-

424 1442 507 1467 ram
528 1427 622 1465 huic
644 1424 750 1463 bello
769 1423 999 1475 adjunctum
1019 1421 1083 1465 iri,
1114 1428 1180 1457 aut
1201 1418 1329 1456 nescio
1359 1430 1478 1470 quem
1499 1415 1615 1453 istum
1638 1413 1811 1452 Pharna-

425 1507 513 1531 cem
533 1492 632 1530 Afiae
654 1499 840 1528 terrorem
862 1488 1065 1525 illaturum
1085 1493 1238 1537 putaret
1258 1485 1270 1520 ?
1304 1483 1390 1520 Nos
1413 1492 1557 1525 tamen,
1589 1481 1631 1517 in
1652 1478 1817 1518 consilio

427 1560 524 1612 pari,
547 1557 635 1595 casu
656 1554 830 1593 diffimili
851 1553 906 1591 ufi
927 1552 1080 1590 sumus:
1105 1560 1147 1588 tu
1164 1550 1271 1588 enim
1287 1562 1371 1586 eam
1387 1556 1537 1600 partem
1555 1545 1698 1597 petisti,
1718 1553 1761 1581 ut
1775 1552 1816 1581 et

428 1623 598 1663 consiliis
620 1620 828 1664 interesses,
860 1627 913 1663 et,
945 1616 1052 1670 quod
1072 1616 1244 1653 maxime
1265 1628 1399 1652 curam
1420 1613 1535 1656 levat,
1568 1610 1701 1648 futura
1728 1609 1816 1646 ani-

428 1704 495 1728 mo
516 1688 733 1741 prospicere
753 1684 874 1738 poffes
894 1698 903 1721 :
935 1696 1022 1734 ego,
1055 1682 1125 1733 qui
1145 1680 1321 1718 festinavi
1344 1687 1386 1716 ut
1417 1677 1607 1715 Caesarem
1636 1677 1677 1713 in
1704 1675 1818 1713 Italia

430 1755 616 1798 viderem,
652 1753 720 1805 (sic
741 1752 848 1789 enim
868 1747 1169 1796 arbitrabamur)
1193 1758 1362 1797 eumque
1382 1743 1520 1782 multis
1542 1740 1816 1779 honestiffimis

430 1822 522 1860 viris
544 1818 776 1858 conservatis
798 1816 1040 1858 redeuntem,
1063 1813 1108 1850 ad
1130 1825 1264 1865 pacem
1286 1818 1523 1852 currentem,
1542 1817 1585 1845 ut
1605 1808 1730 1851 aiunt,
1753 1806 1817 1843 in-

432 1887 621 1929 citarem3
654 1884 701 1921 ab
722 1883 793 1920 illo
813 1880 1033 1932 longiffime
1052 1888 1090 1916 et
1111 1878 1247 1915 absum
1276 1885 1314 1913 et
1345 1874 1469 1913 abfui.
1516 1872 1656 1910 Versor
1687 1880 1818 1908 autem

432 1953 472 1989 in
495 1950 647 2003 gemitu
669 1948 804 1991 Italiae,
836 1955 874 1983 et
895 1947 935 1982 in
958 1945 1065 1982 urbis
1087 1941 1314 1980 miserrimis
1341 1939 1508 1992 querelis
1528 1953 1536 1975 :
1570 1938 1715 1989 quibus
1745 1936 1818 1973 ali-

434 2017 529 2068 quid
550 2015 635 2066 opis
657 2011 808 2050 fortafi‘e
828 2024 901 2062 ego
922 2023 992 2061 pro
1013 2021 1111 2052 mea,
1131 2017 1172 2045 tu
1194 2020 1265 2059 pro
1286 2015 1365 2049 tua,
1383 2018 1453 2057 pro
1470 2003 1533 2040 sua
1550 2002 1713 2053 quisque
1730 2014 1819 2053 par—-

436 2092 473 2119 te
494 2080 592 2118 ferre
614 2077 809 2131 potuiffet‚
842 2077 868 2113 fi
889 2077 1020 2112 auctor
1039 2072 1218 2111 affuisset.
1263 2073 1393 2122 Qare
1413 2069 1532 2107 velim
1553 2081 1623 2120 pro
1645 2077 1710 2104 tua
1730 2078 1818 2118 per·-

436 2157 552 2199 petua
571 2158 659 2197 erga
680 2157 741 2181 me
763 2141 1047 2184 benevolentia,
1079 2139 1221 2176 scribas
1242 2137 1287 2174 ad
1314 2150 1390 2180 me,
1423 2135 1519 2187 quid
1548 2134 1692 2178 videas,
1725 2132 1820 2183 quid

437 2213 591 2256 sentias,
623 2209 719 2262 quid
753 2205 1052 2260 expectandum,
1083 2204 1180 2257 quid
1214 2202 1424 2255 agendum,
1460 2201 1572 2238 nobis
1608 2198 1818 2237 existimes.

441 2278 580 2330 Magni
601 2284 715 2314 erunt
736 2274 837 2312 mihi
859 2283 933 2311 tuae
954 2273 1088 2310 literae.
1123 2272 1256 2321 Atque
1278 2270 1427 2306 utinam
1450 2267 1587 2319 primis
1609 2266 1703 2309 illis,
1727 2275 1820 2314 quas

442 2343 606 2383 Luceria
625 2341 795 2385 miseras,
818 2338 1046 2392 paruifiem5
1069 2337 1146 2376 sine
1167 2336 1247 2375 ulla
1266 2336 1373 2373 enim
1394 2332 1568 2372 molestia
1588 2331 1821 2383 dignitatem

440 2423 566 2449 meam
589 2405 840 2446 retinuissem.
874 2404 984 2444 Vale.
