2351 2997
619 232 712 271 AD
770 230 1238 273 FAMILIARES
1299 236 1429 278 LIBa
1481 242 1557 281 ΙΙΙ.
1733 246 1784 299 65

616 465 680 504 M.
713 465 767 505 Τ.
800 466 850 505 C.
888 468 1076 508 ΑΡΡιο
1108 470 1393 513 ΡυιοΗκο
1436 476 1473 513 S.
1506 477 1561 516 D.

395 591 448 630 X.
469 591 537 666 C
554 594 591 632 U
606 594 656 633 M
684 594 738 633 est
766 596 813 634 ad
843 610 912 636 nos
942 597 1105 638 allatum
1126 599 1173 638 de
1194 603 1411 641 temeritate
1432 618 1583 651 eorum,
1615 607 1684 659 qui
1706 608 1781 649 tibi

566 659 773 712 negotium
792 660 1031 709 facesserent,
1063 664 1129 702 etfi
1159 667 1328 717 graviter
1354 669 1484 720 primo
1505 671 1646 710 nuntio
1666 686 1779 712 com-

391 731 523 762 motus
545 723 646 770 sum,
678 726 786 778 quod
814 726 915 766 nihil
943 736 1024 767 tam
1051 739 1188 782 praeter
1207 733 1437 784 opinionem
1458 748 1585 774 meam
1606 738 1779 778 accidere

390 789 545 841 potuit,
569 798 699 829 tamen
721 800 765 830 ut
784 806 849 830 me
865 793 1023 847 collegi,
1041 805 1178 834 caetera
1197 797 1300 836 mihi
1320 798 1511 838 facillima
1530 801 1777 850 videbantur,

389 854 498 907 quod
518 864 556 894 et
582 856 624 894 in
653 865 691 895 te
717 857 800 911 ipso
826 860 1042 899 maximam
1070 861 1178 914 spem
1204 873 1243 902 et
1270 864 1311 902 in
1339 867 1417 904 tuis
1445 880 1628 920 magnam
1654 869 1776 909 habe-

389 919 508 967 bam;
531 922 736 976 multaque
756 924 858 963 mihi
877 927 1085 966 veniebant
1107 929 1147 966 in
1168 939 1358 977 mentem,
1381 934 1639 984 quamobrem
1658 935 1777 976 istum

389 986 564 1026 laborem
586 989 661 1027 tibi
687 991 807 1030 etiam
835 991 976 1031 honori
1008 984 1187 1047 putarem
1214 997 1311 1037 fore.
1358 999 1465 1037 Illud
1484 1001 1598 1053 plane
1618 1004 1778 1042 moleste

387 1053 478 1099 tuli,
510 1054 618 1107 quod
641 1057 897 1097 certiffimum
917 1069 956 1097 et
970 1060 1226 1112 justiffimum
1247 1065 1498 1118 triumphum
1518 1066 1596 1106 hoc
1617 1069 1774 1108 invido-

386 1132 475 1158 rum
496 1121 659 1160 confilio
678 1122 750 1161 effe
771 1124 846 1162 tibi
865 1135 1045 1178 ereptum
1065 1127 1260 1168 videbam.
1305 1131 1425 1183 Qod
1456 1141 1497 1170 tu
1528 1133 1554 1171 fi
1585 1137 1683 1173 tanti
1712 1135 1773 1174 fa-

385 1185 478 1230 cies,
505 1187 643 1238 quanti
663 1201 736 1240 ego
759 1188 907 1242 semper
921 1191 1096 1243 judicavi
1117 1194 1343 1234 faciendum
1363 1197 1449 1243 esse,
1480 1198 1599 1238 facies
1620 1200 1773 1254 sapien-

385 1258 457 1295 ter,
487 1260 527 1289 et
546 1265 634 1304 ages
659 1254 783 1293 vietor
808 1269 856 1294 ex
886 1257 1141 1297 inimicorum
1172 1261 1305 1300 dolore
1336 1263 1586 1317 triumphum
1609 1267 1771 1319 justiffi-

383 1329 510 1355 mum.
544 1319 632 1370 Ego
653 1320 759 1357 enim
780 1321 895 1373 plane
915 1323 1028 1362 video
1048 1324 1132 1363 fore
1153 1328 1295 1372 nervis,
1313 1329 1470 1381 opibus,
1488 1331 1676 1384 sapientia
1689 1342 1770 1380 tua,

382 1381 634 1422 vehementer
653 1395 697 1424 ut
716 1386 901 1427 inimicos
923 1398 1011 1428 tuos
1032 1392 1221 1443 poeniteat
1241 1393 1550 1448 intemperantiae
1578 1399 1664 1438 suae.
1709 1401 1772 1440 De

379 1461 444 1486 me
470 1449 546 1488 tibi
572 1450 638 1497 fic,
670 1453 887 1492 contestans
914 1469 1050 1495 omnes
1072 1457 1178 1503 deos,
1210 1461 1402 1512 promitto
1422 1472 1538 1515 atque
1559 1465 1767 1513 confirmo,

381 1526 445 1552 me
471 1529 542 1568 pro
570 1525 637 1555 tua
662 1517 854 1571 dignitate
877 1521 999 1573 (malo
1026 1524 1133 1561 enim
1160 1524 1303 1571 dicere,
1335 1541 1454 1580 quam
1474 1542 1545 1582 pro
1566 1529 1704 1582 salute)
1727 1532 1770 1571 in

378 1576 452 1617 hac
486 1583 702 1633 provincia,
734 1585 800 1623 cui
832 1595 875 1624 tu
908 1587 1109 1639 praefuisti,
1142 1591 1315 1643 rogando
1349 1593 1623 1646 deprecatoris,
1655 1596 1767 1636 labo-

379 1646 497 1684 rando
519 1649 749 1701 propinqui,
780 1654 1007 1692 auftoritate
1035 1656 1112 1694 cari
1140 1655 1314 1696 hominis
1346 1661 1408 1711 (ut
1433 1660 1559 1713 spero)
1583 1663 1686 1716 apud
1706 1665 1766 1703 ci-

378 1711 530 1757 vitates,
562 1715 750 1764 gravitate
777 1716 1036 1770 imperatoris,
1069 1721 1339 1775 suscepturum
1370 1725 1500 1764 officia
1531 1737 1647 1781 atque
1673 1743 1764 1782 par-

378 1784 449 1815 tes.
498 1779 646 1817 Omnia
672 1781 762 1819 volo
789 1796 810 1820 a
835 1797 898 1822 me
925 1794 964 1823 et
991 1786 1160 1838 postules
1188 1798 1226 1826 et
1252 1792 1457 1842 expedies:
1490 1793 1645 1832 vincam
1666 1796 1764 1835 meis

375 1842 518 1880 officiis
551 1846 808 1896 cogitationes
842 1858 939 1889 tuas.
983 1852 1246 1904 QServilius
1266 1856 1469 1907 perbreves
1490 1857 1592 1897 mihi
1613 1873 1633 1897 a
1654 1870 1692 1899 te
1711 1862 1763 1900 li-

374 2047 543 2092 tempus‚
575 2043 615 2079 in
638 2057 717 2095 quo
737 2046 952 2098 perspicere
972 2049 1109 2100 posses,
1140 2053 1278 2103 quanti
1298 2066 1372 2105 ego
1393 2063 1444 2100 te,
1477 2057 1614 2108 quanti
1636 2058 1760 2097 Pom-

370 2105 519 2156 peium,
554 2108 690 2160 (quem
719 2124 845 2150 unum
875 2127 922 2152 ex
952 2117 1138 2155 omnibus
1168 2116 1286 2164 facio,
1323 2128 1367 2158 ut
1400 2120 1536 2167 debeo,
1573 2122 1757 2177 plurimi)

370 2172 507 2221 quanti
536 2173 718 2220 Brutum,
751 2176 944 2225 facerem5
977 2195 1204 2234 quanquam
1236 2184 1276 2221 in
1309 2185 1592 2226 consuetudine
1621 2191 1758 2241 quoti-

369 2235 482 2274 diana
501 2238 765 2290 perspexisses,
789 2243 886 2282 ficut
906 2246 1136 2299 perspicies:
1161 2248 1223 2286 sed
1239 2251 1426 2302 quoniam
1443 2253 1601 2299 accidit,
1619 2254 1645 2294 fi
1661 2256 1759 2308 quid

368 2314 389 2338 a
408 2315 471 2339 me
492 2306 785 2354 praetermiffum
812 2311 900 2356 erit,
932 2314 1182 2352 commiffum
1208 2314 1361 2355 facinus
1388 2327 1427 2356 et
1454 2318 1660 2358 admiffum
1686 2322 1756 2360 de-

369 2366 487 2405 decus
508 2370 741 2412 confitebor.
779 2375 1003 2424 Pontinius,
1035 2381 1105 2432 qui
1126 2395 1146 2418 a
1166 2390 1204 2419 te
1225 2384 1407 2423 tractatus
1428 2384 1480 2422 est
1500 2386 1694 2438 praestanti
1714 2401 1758 2426 ac

368 2432 550 2485 singulari
571 2435 661 2481 fide,
693 2441 805 2493 cujus
832 2444 891 2481 tui
913 2444 1094 2485 beneficii
1121 2447 1208 2486 sum
1240 2463 1313 2502 ego
1345 2450 1465 2496 testis,
1496 2452 1647 2504 praestat
1678 2453 1753 2492 tibi

368 2501 600 2539 memoriam
623 2502 1029 2564 benevolentiamque,
1052 2526 1170 2565 quam
1191 2514 1307 2554 debet
1325 2531 1334 2555 ε
1367 2518 1437 2570 qui
1458 2530 1551 2556 cum
1571 2518 1753 2558 maximis

450 2566 487 2604 T
499 2579 522 2603 ο
536 2580 569 2605 Μ
579 2598 587 2605 .
623 2568 715 2609 VII.
1436 2583 1453 2620 Ι
