2351 2997
558 244 606 282 82
903 243 1583 281 EPISTOLARUM

558 343 766 396 cogitatione
795 357 835 380 ea
865 357 931 380 non
961 342 1179 380 mediocriter
1196 342 1280 394 sum
1304 343 1544 394 confirmatus.
1585 343 1669 381 Hoc
1686 342 1786 388 idem,
1803 343 1847 395 si
1868 343 1938 382 tibi

559 409 716 453 videtur,
725 409 798 460 fac
816 417 900 446 ante
919 409 1028 445 oculos
1045 407 1115 444 tibi
1122 415 1313 458 proponas.
1352 407 1474 450 Modo,
1504 421 1571 446 uno
1590 417 1754 461 tempore,
1767 418 1769 421 “
1784 418 1838 448 tot
1857 410 1938 448 viri

558 473 735 524 clarffmi
762 473 976 510 interierunt
996 487 1008 509 :
1043 471 1083 509 de
1111 471 1253 522 imperio
1275 480 1458 523 praterea
1490 481 1597 511 tanta
1626 473 1807 512 diminutio
1821 475 1934 527 faHa

558 537 603 586 est*
618 554 632 576 .·
653 551 764 576 omnes
775 537 976 589 provinciae
995 536 1326 588 conquaffiztaeficnt
1339 551 1351 573 :
1373 536 1409 574 in
1429 536 1531 574 unius
1549 537 1761 576 mulierculae
1779 540 1935 577 animula

545 603 586 653 fi
599 603 753 653 jactura
766 602 879 653 fizbJa
909 601 966 652 est,
1003 611 1105 639 tanto
1133 610 1232 652 opere
1257 601 1479 639 commoveris
1496 602 1515 639 ἒ
1546 603 1636 653 Qae
1645 603 1688 653 Ji
1704 603 1766 641 hoc
1785 613 1937 655 tempore

558 682 627 706 non
663 667 750 706 diem
773 669 883 720 ficum
921 667 1058 720 obiiſjet,
1093 668 1219 719 paucis
1249 667 1325 719 pest
1362 668 1465 706 annis
1502 678 1618 706 tamen
1657 669 1691 706 ei
1723 669 1936 707 moriendum

546 733 632 784 suit
648 751 659 776 ;
700 733 860 785 quoniam
879 732 973 770 bomo
992 733 1235 783 natasuerat.
1277 732 1401 770 Etiam
1420 732 1465 770 ab
1484 732 1571 785 bisce
1591 741 1633 771 tu
1651 733 1754 772 rebus
1782 735 1937 772 animum

560 812 604 836 ac
634 798 875 849 cogitationem
905 808 1004 835 tuam
1033 811 1158 841 avoca,
1190 807 1296 849 atque
1314 811 1354 835 ea
1364 798 1485 849 potius
1503 798 1730 851 reminiscere,
1758 813 1837 851 quae
1855 798 1935 851 dig-

561 877 610 900 na
639 872 704 900 tua
721 863 871 919 peisogza
884 863 976 914 sunt
991 877 1005 900 :
1035 863 1142 906 illam,
1173 861 1337 914 quamdiu
1347 862 1473 913 fuerit
1497 871 1579 914 opus
1609 863 1651 907 ei,
1682 863 1802 916 vixgffi’
1815 882 1828 909 3
1864 878 1936 902 una

562 942 641 966 cum
659 927 839 979 republica
847 927 958 979 suff
974 945 985 970 ς
1017 936 1052 965 te
1066 936 1212 978 patrem
1220 931 1344 978 suum,
1369 936 1577 979 praetorem,
1608 929 1787 980 confidem,
1816 943 1936 980 augu-

561 1007 649 1037 rem,
680 992 799 1044 vidsse
813 1010 825 1036 3
856 991 1122 1043 adolescentibus
1134 992 1324 1044 primariis
1342 1000 1491 1043 nuptam
1496 990 1607 1043 fufffi’
1622 1009 1633 1035 ;
1665 992 1819 1030 omnibus
1841 992 1938 1031 bonis

555 1066 669 1109 prope
681 1057 911 1109 peiy‘unt‘tam
931 1056 1014 1107 effu
1037 1069 1114 1093 cum
1134 1055 1326 1106 respublica
1345 1055 1527 1100 occideret,
1546 1056 1628 1094 vita
1648 1055 1818 1108 exceffi'ffe.
1840 1057 1944 1109 Qeid

562 1121 621 1171 est,
652 1120 746 1174 quod
759 1129 814 1164 tu,
845 1128 910 1157 aut
929 1119 1005 1163 illa,
1037 1133 1114 1158 cum
1118 1120 1281 1171 fortuna
1300 1120 1362 1158 hoc
1381 1119 1515 1158 nomine
1538 1120 1642 1172 queri
1650 1120 1782 1172 poffi'tis
1798 1121 1817 1159 ?
1852 1123 1937 1160 De-

562 1187 666 1239 nique
695 1186 767 1224 noli
793 1195 828 1223 te
858 1184 1015 1236 oblzvffci
1042 1185 1242 1223 Ciceronem
1273 1184 1345 1236 effe,
1376 1195 1411 1223 et
1437 1199 1512 1223 eum
1541 1185 1604 1238 qui
1625 1185 1703 1223 aliis
1721 1187 1938 1238 consueveris

557 1251 755 1304 praecipere
786 1259 820 1288 et
846 1250 932 1288 dare
962 1249 1133 1299 coifilium
1149 1265 1162 1286 .·
1193 1264 1300 1302 neque
1326 1250 1468 1288 imitare
1495 1251 1599 1288 malos
1625 1250 1780 1295 medicos,
1810 1251 1874 1304 qui
1900 1252 1938 1290 in

563 1316 686 1354 alienis
705 1315 832 1354 morbis
845 1314 1066 1367 profitentur
1085 1323 1203 1352 tenere
1217 1315 1264 1365 se
1291 1314 1690 1367 Medicinaestientiam,
1720 1315 1785 1368 ipsi
1795 1318 1842 1368 st'
1871 1329 1936 1359 cu·

562 1372 649 1419 rare
668 1395 735 1419 non
748 1379 889 1432 poffimt
903 1396 914 1423 3
930 1378 1003 1430 st’d
1010 1379 1144 1431 potius,
1175 1393 1253 1430 quae
1272 1379 1352 1417 aliis
1371 1388 1450 1417 tute
1460 1380 1769 1432 praeciperesoles,
1799 1395 1841 1418 ea
1859 1389 1939 1420 tute

564 1446 634 1485 tibi
641 1446 794 1497 subjice,
824 1454 931 1497 atque
961 1444 1060 1496 apud
1079 1444 1233 1482 animum
1251 1453 1420 1496 propone.
1460 1446 1596 1484 Nullus
1624 1445 1719 1483 dolor
1749 1445 1806 1496 «ss,
1839 1460 1938 1498 quem

565 1526 632 1550 non
651 1510 888 1563 longinquitas
909 1509 1073 1562 temporis
1092 1509 1229 1547 minuat
1249 1523 1292 1547 ac
1311 1510 1444 1548 molliat
1463 1525 1476 1548 .·
1507 1510 1568 1548 hoc
1586 1519 1622 1548 te
1643 1512 1827 1562 expecft‘are
1846 1521 1937 1550 tem-

557 1587 643 1631 pus,
674 1576 744 1615 tibi
759 1585 866 1628 turpe
885 1576 941 1627 est,
972 1589 1015 1613 ac
1033 1590 1100 1613 non
1120 1575 1153 1612 ei
1170 1575 1226 1612 rei
1226 1575 1412 1626 stzpientia
1442 1584 1509 1614 tua
1536 1585 1572 1614 te
1601 1590 1797 1614 occurrere.
1837 1577 1944 1628 Qod

549 1645 592 1694 st
608 1643 684 1695 quis
703 1642 809 1679 etiam
827 1641 952 1692 itfferis
963 1641 1090 1691 stiffus
1120 1640 1191 1692 est5
1223 1640 1285 1692 qui
1311 1641 1404 1678 illius
1433 1640 1470 1678 in
1497 1649 1534 1678 te
1562 1654 1662 1679 amor
1673 1641 1775 1691 ficit,
1799 1642 1937 1694 pietcffi-

564 1722 630 1760 que
648 1707 684 1745 in
705 1707 922 1755 omnessuos,
954 1705 1017 1742 boc
1046 1713 1141 1742 certe
1171 1705 1231 1742 illa
1262 1714 1297 1742 te
1310 1705 1444 1755 facere
1471 1719 1538 1743 non
1566 1705 1664 1743 vult.
1711 1707 1779 1744 Da
1806 1707 1868 1745 lzoc
1886 1707 1942 1745 illi

565 1781 714 1811 morture
731 1787 743 1808 .·
774 1770 819 1808 da
853 1769 992 1808 caeteris
1021 1770 1140 1807 amicis
1166 1783 1207 1807 ac
1224 1770 1488 1821 familiaribus,
1526 1770 1589 1822 qui
1617 1779 1677 1807 tuo
1709 1770 1822 1808 dolore
1851 1785 1937 1809 mae-

566 1846 647 1875 rent
664 1853 677 1875 :
707 1836 753 1874 da
768 1836 919 1887 patriae,
951 1844 1006 1878 ut,
1020 1835 1063 1884 st
1078 1848 1148 1886 qua
1167 1835 1203 1872 in
1224 1849 1263 1872 re
1283 1844 1366 1887 opus
1369 1835 1441 1884 stt,
1469 1843 1574 1886 opera
1594 1844 1629 1872 et
1648 1835 1781 1884 consilio
1801 1845 1861 1874 tuo
1883 1838 1941 1875 uti

560 1902 672 1955 poffl‘t.
715 1901 895 1952 Denique,
933 1899 1094 1950 quoniam
1124 1899 1160 1937 in
1190 1914 1266 1937 eam
1282 1901 1481 1950 fortunam
1514 1899 1727 1944 devenimus,
1759 1909 1801 1938 ut
1831 1901 1938 1939 etiam

565 1968 646 2006 huic
666 1967 722 2005 rei
737 1965 831 2004 nobis
837 1964 1069 2015 strviendum
1073 1965 1154 2015 βω
1190 1965 1262 2003 noli
1277 1965 1502 2010 committere,
1525 1975 1566 2003 ut
1587 1966 1764 2018 quisquam
1783 1974 1819 2003 te
1827 1975 1936 2019 putet

566 2048 633 2072 non
654 2031 868 2081 tamfiliam,
899 2044 1002 2081 quam
1023 2029 1224 2082 reipublicae
1243 2020 1400 2082 tempora
1420 2039 1454 2068 et
1473 2031 1621 2068 altorum
1641 2030 1842 2074 vicioriam,
1879 2031 1938 2069 lu·

560 2113 659 2151 gere.
700 2096 820 2135 Plura
839 2109 890 2132 me
909 2094 958 2132 ad
974 2103 1009 2131 te
1027 2094 1067 2132 de
1085 2095 1152 2132 hac
1171 2095 1377 2146 rescribere
1388 2095 1514 2146 pudet,
1533 2109 1575 2133 ne
1594 2095 1721 2132 videar
1733 2094 1937 2147 prudentiae

567 2174 640 2202 tuce
659 2161 824 2214 diffidere.
865 2162 1001 2211 Qun-e,
1019 2160 1061 2210 fl
1085 2161 1146 2198 lloc
1171 2175 1277 2198 unum
1300 2161 1524 2213 proposuero,
1547 2161 1661 2213 finem
1671 2160 1817 2212 faciam
1831 2161 1936 2212 scri-

565 2227 678 2268 bendi.
721 2226 876 2265 W'dimus
902 2226 1083 2278 aliquoties
1094 2226 1288 2278 ficundam
1311 2227 1550 2278 pulcherrime
1568 2235 1604 2264 te
1613 2226 1937 2278 ferre-fortunam,

566 2306 796 2346 magnamque
827 2306 869 2329 ex
900 2305 940 2329 ea
970 2305 1010 2328 re
1041 2300 1076 2329 te
1107 2291 1242 2329 laudem
1275 2291 1384 2344 apffci
1396 2306 1410 2329 .·
1431 2291 1506 2342 fizc
1538 2290 1724 2343 aliquando
1753 2292 1935 2344 intelliga-

565 2374 653 2403 mus,
686 2357 872 2409 adverstzm
902 2369 1031 2408 quoque
1061 2365 1097 2393 te
1122 2370 1218 2408 (eque
1235 2356 1345 2407 serre
1357 2355 1462 2408 poſje,
1492 2370 1600 2409 neque
1618 2356 1658 2394 id
1672 2356 1797 2410 majus,
1832 2371 1937 2409 quam

565 2424 700 2468 debeat,
732 2420 801 2460 tibi
829 2435 913 2460 onus
945 2419 1066 2458 videri
1078 2438 1089 2464 ;
1120 2434 1162 2458 ne
1193 2435 1234 2459 ex
1260 2420 1413 2459 omnibus
1439 2420 1639 2459 virtutibus
1669 2421 1753 2473 haeo
1773 2435 1844 2460 una
1870 2421 1941 2460 tibi

565 2489 734 2528 videatur
752 2485 864 2538 deeffi’.
899 2484 1011 2537 ..Qcod
1030 2484 1081 2524 ad
1095 2499 1146 2525 me
1164 2486 1312 2531 attinet,
1344 2500 1422 2526 cwn
1449 2496 1484 2525 te
1510 2486 1793 2538 tranquilliorem
1823 2485 1937 2525 animo
