2351 2997
607 224 700 263 AD
759 219 1225 261 FAMILIARES
1285 219 1586 260 LIB.XV1.
1714 235 1794 275 437

406 458 614 495 Turnus
655 469 714 494 ET
755 457 947 501 emmo,
989 457 1244 493 TERENTIA
1279 466 1338 493 ET
1371 456 1578 502 TULLIA,
1620 456 1787 507 QFR,

722 535 780 560 ET
823 523 1009 573 QF1L.
1042 523 1216 559 T1RON1
1260 521 1297 558 S.
1331 520 1376 558 P.
1410 522 1464 559 D.

406 650 480 688 XI.
506 650 686 723 ETSI
716 649 1051 702 opportunitatem
1073 661 1196 700 operae
1218 655 1292 685 tuae
1313 648 1498 686 omnibus
1520 649 1616 687 locis
1638 648 1788 687 defide-

601 729 658 759 ro,
682 724 810 752 tamen
833 728 910 751 non
933 723 1011 751 tam
1034 726 1118 750 mea
1138 721 1342 763 quamtua
1363 714 1471 750 causa
1492 714 1619 758 doleo,
1649 723 1686 751 te
1707 728 1791 753 non

404 779 542 817 valere.
590 779 661 816 Sed
691 778 847 831 quando
877 778 917 814 in
947 787 1175 830 quartanam
1206 777 1386 814 conversa
1412 778 1468 814 vis
1490 777 1542 815 est
1563 779 1692 815 morbi
1716 779 1786 830 (fic

404 845 511 882 enim
533 843 668 882 scribit
698 843 861 893 Curius)
894 842 1002 895 spero
1030 852 1081 887 te,
1113 842 1318 894 diligentia
1347 842 1536 887 adhibita,
1568 844 1686 881 etiam
1716 843 1786 880 fir—

405 911 572 948 miorem
593 908 690 948 fore.
722 908 849 946 Modo
870 907 945 953 fac,
972 908 1011 945 id
1033 908 1139 960 quod
1159 907 1415 946 humanitatis
1439 917 1512 945 tuae
1532 908 1599 953 est,
1622 922 1670 946 ne
1690 909 1788 961 quid

405 975 510 1012 aliud
532 988 641 1013 cures
663 974 738 1012 hoc
761 983 950 1026 tempore,
982 973 1051 1011 nis1
1082 982 1125 1011 ut
1154 986 1272 1025 quam
1301 973 1613 1011 commodiffime
1642 988 1787 1012 conva-

405 1041 535 1079 lescas.
582 1041 678 1078 Non
711 1040 863 1091 ignoro,
896 1048 1088 1091 quantum
1118 1053 1165 1076 ex
1187 1037 1371 1076 defiderio
1393 1039 1557 1084 labores,
1590 1039 1651 1077 sed
1673 1050 1789 1078 erunt

404 1106 538 1142 omnia
557 1104 701 1149 facilia,
734 1105 760 1141 fi
791 1103 949 1142 valebis.
996 1103 1190 1141 Festinare
1211 1112 1248 1140 te
1270 1103 1376 1148 nolo,
1408 1117 1455 1141 ne
1477 1104 1620 1142 nauseae
1643 1104 1789 1142 moles-

405 1171 500 1208 tiam
536 1169 716 1222 suscipias
750 1183 863 1220 aeger,
905 1178 943 1206 et
978 1168 1191 1221 periculose
1225 1167 1366 1218 hyeme
1400 1169 1570 1220 naviges.
1619 1170 1707 1221 Ego
1740 1169 1790 1206 ad

405 1236 543 1273 urbem
564 1235 695 1273 acceffi
716 1234 841 1287 pridie
863 1235 998 1272 Nonas
1021 1235 1178 1285 Januar.
1213 1233 1387 1271 Obviam
1414 1233 1516 1272 mihi
1545 1235 1595 1272 fic
1619 1235 1672 1272 est
1692 1249 1786 1286 pro-

405 1300 549 1345 ditum,
581 1309 625 1338 ut
646 1299 747 1337 nihil
768 1299 882 1351 poffit
901 1299 984 1337 fieri
1005 1299 1194 1337 ornatius.
1232 1298 1308 1336 Sed
1323 1298 1447 1336 incidi
1466 1300 1508 1337 in
1528 1299 1650 1351 ipsam
1672 1300 1785 1338 flam-

405 1379 511 1403 mam
531 1365 659 1403 civilis
680 1364 894 1409 discordiae,
916 1364 977 1402 vel
998 1365 1128 1416 potius
1151 1364 1274 1409 belli;
1298 1365 1364 1402 cui
1384 1378 1476 1402 cum
1496 1378 1678 1417 cuperem
1699 1379 1789 1403 me-

404 1432 504 1477 deri,
531 1440 583 1477 et,
616 1440 659 1469 ut
685 1430 864 1475 arbitror,
896 1430 1058 1483 poffem,
1088 1430 1321 1483 cupiditates
1349 1440 1547 1469 certorum
1573 1430 1792 1469 hominum

407 1499 514 1549 (nam
538 1511 583 1535 ex
607 1506 769 1549 utraque
789 1506 896 1548 parte
916 1496 1019 1541 sunt,
1038 1496 1107 1548 qui
1128 1509 1300 1548 pugnare
1317 1497 1495 1548 cupiant)
1519 1497 1792 1548 impedimen--

405 1572 445 1600 to
467 1562 567 1600 mihi
587 1561 764 1599 fuerunt.
796 1562 975 1599 Omnino
995 1570 1033 1599 et
1054 1561 1133 1613 ipse
1155 1562 1293 1606 Caesar,
1324 1562 1473 1601 amicus
1494 1562 1634 1607 noster,
1657 1563 1785 1601 mina—

404 1641 465 1665 ces
487 1627 533 1664 ad
555 1627 729 1664 senatum
750 1634 787 1663 et
808 1626 960 1663 acerbas
982 1626 1114 1664 literas·
1132 1626 1286 1664 miserat
1303 1646 1317 1671 ς
1346 1636 1383 1664 et
1404 1635 1484 1664 erat
1503 1626 1629 1665 adhuc
1650 1628 1790 1680 impu-

404 1692 513 1736 dens,
545 1693 614 1743 qui
643 1692 861 1729 exercitum
889 1700 928 1728 et
957 1692 1201 1743 provinciam
1230 1691 1355 1728 invito
1385 1691 1515 1728 senatu
1541 1700 1714 1730 teneret:
1747 1701 1789 1731 et

405 1759 528 1795 Curio
556 1771 664 1795 meus
694 1758 810 1795 illum
840 1757 1043 1795 incitabat.
1089 1758 1289 1795 Antonius
1319 1757 1479 1808 quidem
1508 1757 1635 1795 noster
1659 1768 1698 1795 et
1728 1760 1796 1810 Q

404 1824 566 1867 Caffius,
599 1823 707 1860 nulla
736 1824 773 1861 vi
804 1824 967 1875 expulsi,
999 1823 1046 1860 ad
1077 1823 1265 1860 Caesarem
1295 1836 1387 1860 cum
1418 1823 1592 1860 Curione
1621 1823 1786 1875 profecti

403 1897 538 1932 erant3
577 1888 824 1940 posteaquam
859 1888 1010 1926 senatus
1046 1889 1288 1933 consulibus,
1328 1889 1574 1940 praetoribus‚
1616 1889 1793 1928 tribunis,

403 1954 544 2006 plebis,
576 1963 614 1991 et
636 1955 764 1999 nobis,
792 1955 860 2006 qui
881 1954 1130 2006 proconsules
1153 1954 1300 1999 sumus,
1324 1955 1528 2006 negotium
1549 1954 1717 2000 dederat,
1742 1966 1786 1994 ut

403 2034 639 2064 curaremus,
672 2033 719 2056 ne
739 2020 835 2070 quid
860 2020 1077 2072 respublica
1097 2020 1329 2058 detrimenti
1353 2030 1519 2072 caperet.
1567 2021 1786 2073 Nunquam

403 2087 547 2137 majore
574 2086 615 2122 in
644 2085 820 2136 periculo
849 2086 984 2123 civitas
1012 2085 1117 2123 fuit:
1151 2099 1353 2137 nunquam
1382 2086 1554 2138 improbi
1584 2087 1686 2124 cives
1712 2086 1784 2124 ha-

404 2151 572 2188 buerunt
596 2151 824 2202 paratiorem
845 2151 1000 2189 ducem.
1048 2152 1226 2188 Omnino
1253 2165 1300 2189 ex
1324 2151 1397 2189 hac
1418 2166 1574 2204 quoque
1594 2162 1700 2204 parte
1721 2153 1783 2191 di-

404 2215 653 2268 ligentiffime
684 2225 957 2267 comparatur:
990 2215 1030 2253 id
1063 2216 1107 2254 fit
1136 2217 1363 2254 auctoritate
1392 2227 1431 2254 et
1457 2217 1583 2254 studio
1604 2218 1785 2271 Pompeii

404 2280 536 2325 nostri,
569 2280 638 2332 qui
660 2280 848 2318 Caesarem
869 2281 949 2318 sero
970 2281 1091 2333 coepit
1113 2281 1264 2319 timere.
1312 2281 1441 2319 Nobis
1472 2282 1574 2319 inter
1602 2281 1669 2320 has
1698 2293 1782 2321 tur-

404 2347 469 2383 bas
492 2345 640 2383 senatus
664 2354 791 2382 tamen
813 2345 995 2398 frequens
1018 2346 1205 2398 flagitavit
1227 2345 1476 2398 triumphum
1496 2363 1503 2384 :
1537 2347 1598 2385 sed
1630 2349 1781 2385 Lentu-

404 2411 464 2448 l-us
487 2411 636 2455 consul,
668 2424 747 2463 quo
774 2412 898 2463 majus
931 2412 1044 2450 suum
1076 2412 1312 2450 beneficium
1339 2412 1496 2457 faceret,
1528 2414 1640 2450 simul
1668 2422 1783 2464 atque

402 2476 610 2529 expedifi'et
635 2490 720 2528 quae
747 2475 864 2516 efl'ent
893 2477 1094 2516 necessaria
1120 2477 1166 2516 de
1193 2477 1407 2529 republica,
1439 2478 1540 2517 dixit
1570 2478 1605 2516 se
1636 2478 1789 2516 relatu*
