2351 2997
674 292 766 330 AD
825 290 1291 329 FAMILIARES
1350 291 1483 329 LIB.
1536 291 1631 330 VII.
1776 294 1847 347 183

713 522 1431 560 M.C10ER0V0LUMN10
1473 523 1510 562 S.
1544 524 1598 561 D.

468 651 666 689 XXXIII.
783 651 820 687 U
837 651 872 687 O
890 650 927 687 D
958 648 1309 688 declamationibus
1330 649 1468 687 nostris
1489 664 1607 695 cares,
1631 650 1762 688 damni
1784 652 1848 688 ni-

796 714 855 752 hil
876 714 987 753 facis.
1011 714 1131 766 Qod
1152 714 1289 751 Hirtio
1310 714 1515 760 invideres,
1538 716 1608 753 nifi
1629 729 1718 754 eum
1741 730 1848 754 ama-

467 793 541 825 res,
572 794 652 818 non
672 789 752 818 erat
771 779 881 817 causa
901 778 1124 817 invidendi:
1157 778 1227 815 nis1
1248 777 1348 816 forte
1369 779 1487 831 ipsius
1509 779 1741 832 eloquentiae
1762 794 1848 818 ma·-

466 846 541 897 gis,
574 858 692 897 quam
713 844 819 896 quod
846 858 909 882 me
929 844 1094 889 audiret,
1125 843 1332 882 invideres.
1378 845 1465 882 Nos
1495 845 1602 882 enim
1633 845 1760 897 plane,
1792 847 1848 884 mi

466 911 680 949 suaviffime
701 910 910 954 Volumni,
941 918 1007 947 aut
1028 909 1129 947 nihil
1151 909 1299 954 sumUS,
1330 918 1395 947 aut
1425 910 1539 948 nobis
1570 910 1731 962 quidem
1758 911 1846 964 ipsis

466 977 733 1029 displicemus,
754 976 977 1029 gregalibus
999 976 1094 1021 illis,
1116 975 1276 1029 quibus,
1298 984 1336 1013 te
1355 975 1579 1029 plaudente,
1601 976 1845 1022 videbamus,

465 1042 634 1080 amiffis:
668 1051 712 1080 ut
742 1043 877 1087 etiam,
906 1041 932 1079 fi
964 1041 1120 1094 quando
1151 1040 1300 1092 aliquid
1332 1041 1499 1093 dignum
1532 1041 1660 1079 nostro
1688 1043 1847 1080 nomine

465 1108 682 1153 emisimus,
709 1107 1026 1160 ingemiscamus,
1057 1107 1164 1159 quod
1184 1106 1266 1144 haec
1280 1107 1488 1159 pennigero,
1510 1122 1577 1145 non
1598 1108 1787 1159 armigero,
1809 1108 1846 1146 in

465 1181 608 1226 corpore
626 1173 698 1211 tela
717 1182 965 1217 exerceantur,
997 1182 1041 1210 ut
1071 1173 1125 1210 ait
1156 1171 1392 1210 Philo&etes
1424 1173 1527 1225 apud
1556 1174 1743 1218 Accium,
1775 1174 1845 1211 ab·

460 1241 562 1291 jecta
581 1239 717 1291 gloria.
758 1240 830 1277 Sed
852 1248 981 1277 tamen
1002 1238 1135 1276 omnia
1154 1237 1255 1276 mihi
1275 1248 1403 1284 erunt,
1436 1239 1461 1276 fi
1485 1249 1526 1277 tu
1547 1241 1710 1285 veneris,
1742 1239 1844 1277 hila-

465 1304 579 1342 riora.
631 1305 868 1356 Qanquam
901 1305 1046 1348 venies,
1079 1312 1122 1341 ut
1156 1303 1236 1355 ipse
1271 1303 1476 1355 intelligis,
1508 1304 1548 1341 in
1584 1305 1845 1343 maximarum

464 1369 568 1421 quafi
589 1369 822 1407 concursum
843 1370 1175 1421 occupationum3
1208 1382 1301 1420 quas
1324 1369 1364 1413 fi,
1387 1378 1431 1406 ut
1450 1369 1648 1415 volumus,
1680 1384 1846 1422 excepe-

463 1435 601 1478 rimus,
632 1448 704 1486 ego
730 1448 820 1472 vero
849 1435 1017 1472 multam
1047 1433 1210 1471 salutem
1240 1442 1278 1470 et
1307 1433 1393 1471 foro
1414 1434 1541 1472 dicam
1562 1444 1600 1472 et
1621 1436 1751 1480 curiae,
1782 1436 1843 1473 vi-

463 1513 629 1552 vamque
650 1509 782 1538 tecum
801 1500 992 1545 multum,
1023 1509 1061 1537 et
1085 1513 1179 1537 cum
1199 1500 1479 1537 communibus
1501 1501 1637 1538 nostris
1659 1502 1844 1539 amatori-

463 1566 551 1604 bus.
598 1566 704 1604 Nam
739 1575 777 1604 et
812 1566 957 1605 Caffius
993 1574 1099 1610 tuus,
1131 1575 1169 1603 et
1204 1565 1413 1603 Dolabella
1447 1565 1585 1610 noster,
1617 1567 1677 1603 vel
1712 1568 1842 1618 potius

464 1640 626 1682 uterque
660 1630 800 1675 noster,
840 1631 975 1668 studiis
1010 1630 1147 1669 iisdem
1182 1639 1379 1675 tenentur,
1417 1639 1455 1668 et
1490 1632 1586 1668 meis
1621 1632 1843 1682 aequiffimis

463 1704 630 1733 utuntur
649 1696 822 1733 auribus.
870 1697 982 1747 Opus
1004 1696 1056 1733 est
1076 1695 1155 1733 huc
1177 1696 1358 1733 limatulo
1379 1705 1417 1733 et
1441 1697 1567 1748 polito
1589 1706 1656 1734 tuo
1672 1697 1840 1748 judicio,

461 1770 500 1799 et
530 1761 610 1799 illis
642 1762 893 1799 interioribus
926 1761 1048 1798 literis
1080 1762 1192 1806 meis,
1224 1762 1368 1813 quibus
1401 1762 1496 1814 saepe
1522 1762 1842 1800 verecundiorem

461 1840 524 1864 rne
545 1828 586 1864 in
607 1827 805 1879 loquendo
824 1826 934 1865 facis.
980 1826 1090 1864 Mihi
1115 1827 1221 1864 enim
1237 1827 1460 1879 judicatum
1481 1827 1548 1872 est,
1580 1828 1605 1865 fi
1627 1828 1746 1865 modo
1766 1827 1842 1867 hoc

462 1893 586 1930 Caesar
616 1902 681 1930 aut
713 1893 896 1945 patietur,
927 1901 993 1930 aut
1022 1892 1141 1937 volet,
1173 1892 1364 1945 deponere
1393 1893 1503 1931 illam
1518 1894 1602 1945 jam
1622 1894 1838 1946 personam,

460 1959 501 1997 in
523 1972 599 2010 qua
619 1971 682 1996 me
702 1958 797 2011 saepe
818 1958 879 1995 illi
899 1958 968 2010 ipfi
989 1957 1165 2010 probavi,
1182 1971 1224 1995 ac
1241 1972 1304 1996 me
1325 1967 1454 1996 totum
1475 1960 1516 1996 in
1537 1959 1666 1997 literas
1687 1960 1839 2005 abdere,

460 2034 672 2076 tecumque
706 2034 744 2062 et
777 2038 874 2062 cum
905 2024 1052 2062 caeteris
1086 2037 1219 2062 earum
1252 2023 1426 2062 studiosis
1461 2024 1725 2063 honestiffimo
1759 2027 1841 2064 otio

460 2089 623 2144 perfrui.
670 2092 736 2128 Tu
768 2090 924 2135 vellem,
957 2104 1005 2128 ne
1036 2090 1181 2128 veritus
1213 2090 1318 2135 effes,
1350 2104 1397 2128 ne
1424 2092 1641 2143 perinvitus
1671 2092 1840 2144 legerem

461 2166 545 2193 tuas
578 2155 721 2200 literas,
753 2156 779 2192 fi
812 2154 927 2201 mihi,
963 2156 1316 2208 (quemadmodum
1343 2156 1498 2208 scribis)
1521 2158 1716 2209 longiores
1738 2157 1840 2195 forte

460 2220 616 2259 mififfes
635 2236 643 2259 ε
676 2234 719 2259 ac
739 2221 858 2259 velim
879 2220 1037 2273 posthac
1058 2221 1108 2259 fic
1128 2221 1282 2268 statuas,
1311 2231 1395 2261 tuas
1416 2222 1518 2262 mihi
1538 2223 1670 2262 literas
1689 2223 1844 2275 longis-

458 2286 568 2325 fimas
590 2287 759 2339 quasque
779 2286 1006 2340 gratiffimas
1026 2285 1123 2326 fore.
1157 2287 1268 2326 Vale.
