2351 2997
578 321 650 359 168
924 322 1603 364 EPISTOLARUM

938 557 1180 594 CICERO
1221 556 1575 597 TREBATIO.

573 682 685 721 XIV.
711 680 777 755 C
793 682 835 720 H
850 682 931 720 RY
946 682 967 719 S
984 683 1000 720 I
1016 683 1045 720 P
1060 684 1088 721 P
1101 684 1138 721 U
1155 684 1175 720 S
1207 684 1378 728 Vettius,
1412 685 1506 737 Cyri
1536 684 1734 724 architecti
1766 685 1942 732 libertus,

809 747 904 785 fecit
925 756 968 785 ut
991 756 1026 785 te
1047 761 1125 786 non
1148 748 1420 787 immemorem
1441 761 1619 803 putarem
1646 752 1722 788 mei
1742 766 1749 789 :
1782 752 1945 789 salutem

570 812 677 850 enim
709 812 836 850 verbis
869 813 945 850 tuis
979 812 1079 850 mihi
1111 813 1321 851 nuntiarat.
1369 815 1491 852 Valde
1517 817 1599 866 jam
1630 816 1758 853 lautus
1790 829 1844 860 es,
1876 817 1945 868 qui

570 891 723 929 gravere
744 878 871 915 literas
892 878 938 914 ad
959 891 1022 915 me
1043 878 1144 921 dare,
1171 877 1324 915 homini
1345 879 1555 930 praesertim
1576 894 1695 932 prope
1716 880 1941 918 domestico.

571 943 690 994 Qod
712 942 737 980 fi
758 942 921 980 scribere
941 942 1088 980 oblitus
1109 956 1162 986 es,
1186 943 1316 980 minus
1338 944 1454 981 multi
1470 946 1552 995 jam
1576 955 1611 982 te
1632 945 1816 983 advocato
1836 946 1946 983 causa

570 1008 735 1045 cadent:
768 1008 822 1045 fin
850 1007 967 1044 nostri
997 1008 1144 1045 oblitus
1174 1021 1228 1052 es,
1260 1007 1359 1045 dabo
1387 1022 1559 1060 operam,
1591 1019 1634 1047 ut
1666 1010 1762 1047 istuc
1791 1012 1944 1048 veniam

569 1081 657 1110 ante
678 1086 795 1125 quam
816 1073 930 1124 plane
950 1086 995 1110 ex
1017 1072 1149 1109 animo
1170 1081 1238 1109 tuo
1259 1071 1376 1110 effluo
1394 1088 1403 1111 ;
1436 1074 1489 1110 fin
1520 1074 1737 1112 aestivorum
1768 1075 1886 1112 timor
1908 1084 1945 1112 te

569 1138 762 1182 debilitat,
793 1137 942 1189 aliquid
967 1137 1158 1188 excogita,
1191 1146 1234 1174 ut
1254 1136 1378 1174 fecisti
1400 1137 1446 1175 de
1468 1139 1680 1177 Britannia.
1727 1139 1832 1177 Illud
1853 1140 1944 1192 qui-

568 1202 656 1239 dem
679 1202 915 1254 perlibenter
935 1202 1064 1239 audivi
1085 1215 1131 1238 ex
1151 1201 1289 1239 eodem
1312 1201 1544 1255 Chrysippo,
1577 1213 1613 1242 te
1635 1204 1705 1241 effe
1727 1204 1864 1242 Caesari
1884 1204 1944 1242 fa-

567 1268 775 1305 miliarem.
809 1267 879 1305 Sed
900 1266 1124 1305 mehercule
1144 1267 1318 1312 mallem,
1337 1268 1376 1305 id
1398 1269 1503 1320 quod
1524 1279 1602 1307 erat
1623 1270 1785 1321 aequius,
1804 1270 1850 1307 de
1867 1271 1943 1308 tuis

568 1334 682 1371 rebus
704 1347 750 1371 ex
772 1334 849 1371 tuis
871 1334 993 1370 literis
1015 1346 1133 1385 quam
1155 1333 1351 1385 saepiflime
1372 1335 1644 1386 cognoscerem
1664 1350 1672 1372 :
1706 1336 1812 1387 quod
1841 1345 1944 1374 certe

567 1401 620 1437 ita
641 1399 762 1444 fieret,
795 1399 820 1436 s1
843 1408 884 1436 tu
905 1399 1097 1436 maluisses
1120 1399 1410 1445 benevolentiae‚
1442 1414 1559 1451 quam
1581 1401 1728 1446 litium,
1746 1402 1833 1453 jura
1853 1416 1942 1454 per-

567 1465 725 1503 discere.
759 1465 831 1501 Sed
851 1463 933 1502 haec
948 1464 1071 1516 jocati
1092 1463 1239 1508 sumus,
1271 1473 1309 1502 et
1331 1474 1398 1502 tuo
1418 1479 1539 1511 more,
1563 1476 1600 1504 et
1622 1465 1804 1504 nonnihil
1826 1468 1943 1505 etiam

567 1529 708 1567 nostro.
755 1530 816 1567 Te
843 1529 952 1566 valde
978 1542 1166 1573 amamus»,
1199 1529 1344 1581 nosque
1373 1543 1393 1567 a
1419 1539 1455 1568 te
1484 1531 1602 1569 amari
1631 1544 1722 1568 cum
1744 1532 1941 1577 volumus,

567 1605 654 1633 tum
674 1596 791 1633 etiam
813 1594 1063 1633 confidimus.
1097 1594 1206 1632 Vale.

932 1797 1174 1834 CICERO
1215 1797 1571 1836 TREBATIO.

565 1924 657 1961 XV.
683 1923 920 2010 QUAM
951 1924 1023 1962 fint
1054 1925 1193 1962 morofi
1225 1925 1294 1976 qui
1326 1933 1470 1969 amant,
1503 1925 1561 1962 vel
1590 1937 1636 1962 ex
1667 1923 1742 1961 hoc
1770 1924 1940 1976 intelligi

789 1988 925 2040 potest.
973 1988 1139 2026 Moleste
1163 1988 1335 2026 ferebam
1356 1998 1465 2026 antea
1487 1998 1523 2026 te
1543 1990 1712 2027 invitum
1735 1988 1818 2026 istic
1839 1989 1910 2026 effe
1929 2004 1938 2027 ;

564 2055 707 2106 pungit
735 2067 797 2091 me
824 2053 965 2097 rursuS,
998 2054 1103 2105 quod
1136 2054 1270 2091 scribis
1298 2054 1369 2091 effe
1396 2064 1432 2091 te
1459 2054 1542 2092 istic
1570 2055 1751 2092 libenter.
1800 2054 1941 2105 Neque

563 2119 670 2156 enim
691 2132 775 2156 mea
795 2118 1135 2156 commendatione
1163 2129 1199 2156 te
1228 2133 1305 2156 non
1333 2119 1512 2156 deleetari
1540 2118 1654 2156 facile
1674 2119 1872 2171 patiebar:
1904 2128 1943 2156 et

564 2197 669 2222 nunc
690 2198 824 2236 angor,
856 2183 1071 2237 quidquam
1100 2185 1173 2221 tibi
1206 2185 1282 2222 fine
1310 2198 1372 2221 me
1393 2184 1716 2236 effejucundum.
1765 2184 1837 2221 Sed
1866 2183 1943 2221 hoc

562 2258 692 2287 tamen
714 2249 831 2293 malo,
859 2248 956 2286 ferre
977 2262 1046 2286 nos
1068 2248 1312 2293 defflerium,
1336 2263 1454 2301 quam
1477 2259 1513 2287 te
1535 2263 1611 2287 non
1633 2263 1688 2293 ea,
1711 2262 1796 2300 quae
1817 2249 1939 2300 spero,

562 2314 761 2366 consequi.
813 2315 918 2351 Cum
952 2328 1042 2351 vero
1076 2315 1115 2351 in
1152 2315 1201 2352 C.
1237 2315 1370 2359 Mani,
1416 2314 1621 2352 suavissimi
1657 2313 1940 2364 doctissimique

560 2379 750 2424 hominis,
781 2379 1088 2429 familiaritatem
1122 2380 1273 2425 venisti,
1307 2394 1384 2417 non
1417 2379 1496 2417 dici
1528 2379 1651 2432 potest
1683 2393 1800 2431 quam
1833 2379 1941 2416 valde

559 2445 776 2498 gaudeam:
809 2446 877 2497 qui
904 2444 964 2483 fac
993 2455 1035 2483 ut
1064 2455 1101 2483 te
1128 2459 1246 2498 quam
1279 2446 1449 2483 maxime
1477 2446 1628 2497 diligat.
1675 2445 1783 2482 Mihi
1812 2445 1937 2489 crede,

560 2510 662 2549 nihil
693 2525 740 2548 ex
772 2511 840 2548 ista
871 2512 1070 2563 provincia
1101 2521 1226 2564 potes,
1258 2511 1364 2564 quod
1388 2511 1604 2563 jucundius
1632 2510 1691 2555 fit,
1723 2510 1935 2562 deportare.

561 2578 680 2621 Cura,
712 2585 755 2615 ut
776 2576 913 2615 valeas.
