2351 2997
610 294 702 330 AD
762 290 1223 328 FAMILIARES
1284 291 1414 328 LIB.
1463 292 1533 329 IV.
1715 308 1761 346 75

383 393 429 431 ad
451 402 486 431 te
507 390 744 442 scripsissem,
777 398 813 428 te
834 389 971 428 frustra
992 390 1031 427 in
1054 390 1243 435 senatum,
1276 391 1348 428 five
1370 392 1500 442 potius
1527 392 1567 429 in
1588 404 1761 429 conven-

383 467 470 495 tum
490 457 724 500 senatorum,
756 455 827 494 effe
848 464 1056 493 venturum
1075 474 1086 500 ;
1119 456 1160 493 ni
1181 456 1325 493 veritus
1346 457 1475 501 essem,
1505 471 1552 495 ne
1574 458 1655 509 ejus
1677 458 1761 494 ani-

382 536 495 560 mum
515 521 768 567 offenderem,
800 522 870 574 qui
889 535 910 559 a
929 535 1006 566 me,
1030 531 1074 558 ut
1095 530 1131 558 te
1152 522 1339 567 imitarer,
1368 523 1537 574 petebat.
1571 524 1649 561 Cui
1670 524 1759 575 qui-

381 588 470 626 dem
491 601 577 640 ego,
610 601 673 625 me
693 601 786 625 cum
806 595 958 638 rogaret
978 595 1022 624 ut
1042 586 1204 624 adessem
1226 587 1266 624 in
1288 588 1433 633 senatu,
1460 588 1592 626 eadem
1614 590 1760 632 omnia,

382 667 467 705 quae
497 668 517 691 a
546 663 583 692 te
614 653 660 691 de
689 667 782 705 pace
811 662 849 690 et
878 652 925 690 de
955 652 1158 704 Hispaniis
1184 652 1284 689 dicta
1305 652 1407 697 sunt,
1438 654 1587 691 ostendi
1608 668 1670 692 me
1691 655 1761 692 effe

382 720 594 758 dicturum.
638 720 716 756 Res
746 718 873 756 videas
904 732 983 770 quo
1004 717 1123 755 modo
1144 718 1180 755 se
1200 717 1339 756 habeat
1355 734 1366 756 ς
1399 719 1535 756 orbem
1557 728 1759 765 terrarum,

381 785 555 836 imperiis
576 783 808 828 distributis,
831 783 961 821 ardere
982 783 1110 821 bello:
1144 783 1281 821 urbem
1302 784 1379 821 fine
1399 784 1567 835 legibus,
1600 785 1677 822 fine
1693 787 1760 837 ju-

380 850 508 893 diciis,
531 849 608 887 fine
624 850 726 901 jure,
744 849 821 887 fine
842 849 931 894 fide,
955 849 1129 886 reli&am
1149 849 1361 901 direptioni
1381 859 1419 887 et
1440 850 1647 888 incendiis.
1681 851 1760 888 Ita-

379 928 455 967 que
471 912 572 952 mihi
593 914 724 952 venire
744 914 784 952 in
801 923 975 951 mentem
992 913 1094 951 nihil
1115 914 1239 966 potest
1256 928 1332 952 non
1351 914 1469 952 modo
1485 915 1581 967 quid
1598 915 1759 967 sperem,

381 979 443 1016 sed
464 980 529 1017 vix
544 980 627 1031 jam
648 979 744 1031 quid
765 979 925 1017 audeam
946 988 1092 1031 optare.
1132 979 1196 1016 Sin
1218 989 1349 1017 autem
1371 980 1459 1023 tibi,
1491 979 1645 1018 homini
1666 995 1761 1033 pru-

379 1044 615 1088 dentiffimo,
646 1044 800 1082 videtur
820 1044 917 1082 utile
938 1045 1009 1082 effe
1031 1058 1099 1082 nos
1127 1045 1319 1097 colloqui,
1351 1059 1574 1098 quanquam
1604 1046 1760 1098 longius

379 1111 497 1148 etiam
518 1111 740 1161 cogitabam
757 1110 803 1147 ab
821 1111 916 1148 urbe
937 1110 1143 1154 discedere,
1161 1112 1273 1162 cujus
1288 1112 1372 1163 jam
1393 1112 1510 1148 etiam
1532 1125 1675 1149 nornen
1697 1113 1760 1149 in-

379 1176 482 1213 vitus
504 1175 633 1219 audio,
658 1185 786 1213 tamen
808 1176 968 1228 propius
990 1175 1193 1214 accedam:
1218 1176 1484 1228 Trebatioque
1506 1177 1699 1221 mandavi,
1719 1186 1763 1215 ut

380 1241 406 1277 fi
428 1239 523 1292 quid
545 1249 586 1277 tu
608 1254 697 1277 eum
719 1240 836 1278 velles
858 1240 904 1277 ad
925 1254 988 1277 me
1009 1241 1179 1285 mittere,
1202 1255 1248 1279 ne
1270 1242 1478 1285 recusaret;
1504 1242 1621 1294 idque
1638 1252 1681 1280 ut
1701 1242 1760 1280 fa-

378 1306 456 1343 cias
477 1305 624 1350 velim3
648 1314 713 1342 aut
734 1306 760 1342 fi
782 1319 899 1357 quem
923 1315 1082 1343 tuorum
1104 1306 1281 1344 fidelium
1302 1308 1422 1351 voles,
1445 1307 1491 1344 ad
1512 1321 1575 1344 me
1596 1308 1728 1345 mittas
1746 1327 1758 1352 3

380 1385 428 1408 ne
448 1379 514 1408 aut
534 1371 609 1408 tibi
629 1371 733 1408 exire
754 1385 801 1408 ex
823 1372 918 1409 urbe
946 1371 1089 1409 necesse
1120 1371 1178 1415 sit,
1211 1381 1277 1409 aut
1306 1372 1407 1410 mihi
1437 1373 1629 1411 accedere.
1674 1374 1763 1425 Ego

381 1445 535 1474 tantum
556 1437 630 1474 tibi
652 1437 797 1481 tribuo,
830 1446 984 1474 tantum
1014 1435 1115 1474 mihi
1145 1435 1297 1475 fortasse
1326 1451 1476 1489 arrogo,
1509 1448 1551 1475 ut
1580 1439 1760 1490 explora-

379 1511 466 1539 tum
486 1500 665 1547 habeam,
697 1502 892 1554 quidquid
915 1516 983 1540 nos
1005 1503 1210 1540 communi
1231 1503 1419 1541 sententia
1439 1503 1699 1549 statuerimus,
1721 1504 1762 1541 id

378 1581 514 1605 omnes
535 1566 715 1606 homines
736 1568 982 1620 probaturos,
1015 1568 1125 1606 Vale.

628 1769 690 1806 M.
724 1770 777 1807 T.
811 1770 859 1808 C.
898 1770 1345 1808 SER.SULP1C10
1387 1771 1424 1808 S.
1458 1771 1512 1809 D.

382 1895 681 1968 ILANTE
713 1897 817 1935 diem
843 1911 915 1936 111.
939 1898 1018 1937 kal.
1052 1897 1193 1942 Maias,
1225 1911 1318 1936 cum
1346 1897 1461 1937 effem
1490 1899 1531 1936 in
1563 1900 1759 1947 Cumano,

550 1964 682 2014 accepi
698 1971 781 2001 tuas
800 1963 948 2002 literas:
972 1964 1117 2016 quibus
1133 1964 1257 2008 lectis,
1276 1965 1443 2016 cognovi
1460 1978 1537 2002 non
1555 1964 1642 2004 satis
1663 1980 1760 2019 pru-

380 2030 516 2067 denter
542 2027 671 2066 feciffe
700 2028 991 2074 Philotimum3
1024 2030 1094 2081 qui
1120 2043 1212 2067 cum
1240 2030 1306 2068 abs
1329 2039 1366 2068 te
1386 2030 1565 2068 mandata
1585 2030 1760 2078 haberet,

380 2105 423 2133 ut
445 2095 595 2138 scribis,
627 2094 673 2131 de
693 2095 879 2133 omnibus
902 2095 1030 2140 rebus,
1063 2096 1142 2148 ipse
1171 2095 1216 2133 ad
1237 2109 1301 2134 me
1320 2110 1399 2134 non
1427 2097 1599 2142 venisset,
1630 2097 1760 2136 literas

380 2170 464 2197 tuas
486 2159 641 2197 mififfet
659 2179 669 2203 ;
702 2173 796 2212 quas
824 2160 1002 2198 intellexi
1023 2160 1216 2198 breviores
1237 2160 1363 2206 fuiffe,
1395 2161 1501 2214 quod
1521 2176 1612 2200 eum
1632 2163 1761 2215 perla-

382 2234 515 2262 turum
536 2224 714 2276 putaffes.
749 2225 820 2262 Sed
841 2234 985 2269 tamen,
1017 2225 1221 2278 postquam
1242 2226 1371 2264 literas
1393 2237 1476 2265 tuas
1497 2227 1592 2279 legi,
1620 2227 1761 2266 Postu-

379 2291 459 2328 mia
479 2300 545 2328 tua
564 2304 626 2328 me
647 2292 845 2336 convenit,
876 2300 916 2329 et
937 2292 1089 2330 Servius
1111 2292 1250 2331 noster.
1298 2294 1374 2331 His
1395 2293 1559 2346 placuit,
1590 2302 1635 2332 ut
1655 2303 1699 2332 tu
1720 2294 1762 2333 in

382 2357 609 2393 Cumanum
643 2358 820 2402 venires,
853 2357 960 2409 quod
992 2358 1108 2396 etiam
1140 2372 1299 2396 mecum
1330 2368 1374 2396 ut
1405 2358 1452 2396 ad
1485 2368 1522 2396 te
1553 2359 1761 2397 scriberem

381 2429 557 2472 egerunt.
592 2421 711 2471 Qod
731 2435 864 2460 meum
885 2422 1091 2460 confilium
1111 2423 1301 2475 exquiris,
1324 2423 1364 2460 id
1384 2423 1436 2461 est
1457 2424 1546 2469 tale,
1564 2433 1607 2461 ut
1628 2436 1762 2475 capere

381 2485 537 2523 facilius
564 2486 644 2538 ipse
670 2487 823 2538 poffim‚
854 2501 973 2539 quam
1000 2488 1110 2526 alteri
1137 2489 1239 2527 dare.
1284 2488 1394 2540 Qid
1423 2489 1529 2526 enim
1556 2488 1623 2533 est,
1654 2487 1760 2539 quod

381 2551 542 2590 audeam
577 2551 729 2590 suadere
764 2553 852 2598 tibi,
892 2552 1046 2592 homini
1085 2554 1236 2592 summa
1269 2554 1495 2592 auctoritate
1533 2554 1761 2605 summaque

1371 2619 1409 2655 K
1440 2630 1460 2656 2
