2351 2997
629 230 720 267 AD
779 227 1246 267 FAMILIARES
1306 229 1436 268 LIB.
1488 231 1561 270 XI.
1713 235 1788 286 289

407 333 555 371 autem,
588 326 643 363 mi
678 327 811 371 Brute,
848 325 961 364 fortis
996 326 1062 371 est,
1096 335 1134 364 et
1167 326 1284 365 habet
1318 326 1437 366 fortes
1472 327 1604 366 duces.
1652 330 1788 381 Itaque

410 390 568 428 moleste
600 389 747 428 ferebat
780 390 814 428 se
845 405 864 428 a
894 400 945 436 te,
977 405 1095 443 quern
1128 392 1323 437 omnium,
1355 394 1582 445 quicunque
1614 392 1785 438 fuissent,

409 455 884 508 fortiffimumjudicaret,
917 457 1104 495 timidum
1131 466 1246 510 atque
1274 458 1459 510 ignavum
1481 459 1664 511 judicari.
1712 460 1786 497 Et-

407 520 529 565 enim,
562 535 668 566 cum,
701 532 738 559 te
759 522 924 567 incluso,
956 522 1062 574 spem
1092 524 1305 561 maximam
1332 537 1466 562 omnes
1498 524 1715 562 habuissent
1746 525 1788 561 in

408 594 474 622 tua
494 586 652 631 virtute,
685 586 846 624 florente
867 588 1072 632 Antoni03
1105 589 1193 640 quis
1215 598 1307 633 erat,
1339 589 1408 640 qui
1430 589 1645 642 quidquam
1668 590 1786 627 time-

408 660 479 696 ret,
512 652 718 704 profligato
750 652 834 696 illo,
868 661 904 690 te
936 652 1130 690 liberato?
1164 653 1251 691 Nec
1278 667 1368 691 vero
1397 655 1594 706 Lepidum
1620 655 1786 692 timeba-

407 730 509 755 mus.
586 717 644 754 uis
665 717 771 754 enim
791 716 895 761 effet,
919 717 987 768 qui
1008 716 1125 754 illum
1147 725 1225 754 tam
1247 716 1439 756 furiosum
1460 719 1722 764 arbitraretur,
1746 729 1790 757 ut

407 782 476 832 qui
498 781 537 818 in
560 782 734 819 maximo
755 781 859 818 bello
880 795 1016 833 pacem
1037 781 1136 819 velle
1163 781 1199 820 se
1226 781 1393 827 dixisset,
1425 783 1456 820 is
1487 784 1528 820 in
1555 784 1790 836 optatiffima

407 859 500 898 pace
522 846 672 884 bellum
694 847 919 898 reipublicae
945 847 1164 884 indiceret?
1197 848 1285 885 Nec
1315 847 1469 893 dubito,
1501 849 1597 900 quin
1627 858 1669 886 tu
1700 849 1788 901 plus

407 910 623 963 provideas.
671 911 743 948 Sed
778 920 923 956 tamen,
961 920 1040 949 tam
1075 912 1222 949 recenti
1256 912 1530 964 gratulatione,
1567 927 1685 965 quam
1721 924 1789 951 tuo

408 977 568 1013 nomine
597 975 643 1013 ad
670 977 802 1013 omnia
828 977 991 1014 deorum
1024 977 1169 1029 templa
1195 975 1378 1022 fecimus,
1410 979 1607 1016 renovatio
1635 979 1787 1016 timoris

408 1054 590 1092 magnam
612 1041 829 1079 molestiam
856 1041 1052 1080 afferebat.
1100 1044 1230 1093 Qare
1250 1043 1369 1080 velim
1391 1043 1589 1094 equidem,
1621 1044 1660 1081 id
1682 1045 1788 1096 quod

408 1105 530 1157 spero,
563 1115 606 1143 ut
634 1106 747 1158 plane
775 1106 946 1158 abjectus
976 1116 1014 1144 et
1046 1105 1188 1144 fractus
1218 1107 1264 1144 fit
1291 1108 1518 1146 Antonius:
1552 1108 1605 1146 fin
1638 1109 1789 1162 aliquid

406 1172 550 1208 virium
571 1170 672 1208 forte
693 1172 909 1224 collegerit,
942 1172 1079 1210 sentiet
1101 1186 1171 1210 nec
1192 1172 1338 1211 senatui
1359 1174 1581 1219 confilium,
1613 1188 1684 1213 nec
1714 1189 1787 1227 po-

407 1236 502 1287 pulo
532 1236 713 1273 Romano
734 1237 936 1281 virtutem,
968 1236 1102 1282 deeffe,
1136 1250 1205 1275 nec
1236 1238 1476 1291 reipublicae,
1509 1248 1546 1277 te
1573 1240 1676 1286 vivo,
1708 1240 1786 1278 im-

405 1310 636 1352 peratorem.
672 1315 781 1340 xr111
806 1302 895 1340 Kal.
918 1303 1013 1353 Jun.

529 1503 583 1541 D.
617 1503 864 1542 BRUTUS
907 1504 971 1542 M.
1004 1505 1058 1544 T.
1091 1504 1414 1544 CICERONI
1457 1506 1495 1545 S.
1529 1506 1573 1545 P.
1608 1507 1662 1545 D.

406 1631 520 1669 XIX.
525 1631 627 1705 A
632 1632 674 1669 D
691 1631 855 1683 finarum
876 1645 963 1685 quas
981 1631 1104 1670 literas
1125 1633 1211 1681 ms'sz',
1243 1633 1351 1671 velim
1367 1633 1471 1686 prius
1481 1635 1661 1689 perlegas,
1684 1644 1730 1683 et,
1749 1637 1792 1688 si

647 1710 717 1749 qua
736 1695 802 1734 tibi
819 1696 1044 1743 videbuntur,
1077 1706 1272 1735 commutes.
1318 1699 1518 1748 Neccffzrio
1541 1714 1594 1738 me
1603 1701 1783 1753 scaeipsgffi’,

409 1761 476 1814 2]st
495 1760 770 1799 aninmdvertes.
804 1762 907 1799 Alam
929 1775 1007 1798 cum
1021 1770 1201 1814 putarem,
1223 1763 1404 1813 Quartam
1419 1772 1452 1800 et
1472 1764 1654 1802 lisaniam
1674 1766 1783 1816 legio—

408 1840 465 1864 nes
485 1840 615 1864 mecum
651 1834 787 1872 uluras,
822 1835 861 1863 ut
881 1827 970 1865 Dru
985 1841 1002 1863 O
1026 1827 1210 1880 Pauloque
1223 1828 1424 1880 placuerat,
1457 1829 1554 1866 vohis
1573 1829 1781 1880 cffl‘ntienli-

406 1891 480 1937 bus,
499 1891 611 1929 ms'nus
629 1891 670 1928 de
691 1890 833 1944 reliquis
852 1892 950 1929 rebus
971 1891 1198 1929 laborandum
1219 1891 1424 1943 e.i·jstinzczvl.
1456 1894 1564 1932 Nunc
1585 1909 1684 1942 vero,
1707 1908 1784 1933 cum

390 1956 463 2008 stul
483 1970 560 1993 cum
580 1955 748 1994 tironibus
769 1956 996 2008 egentfflnu's,
1027 1956 1134 1994 valde
1161 1965 1193 1994 et
1220 1971 1333 1994 meam
1358 1966 1391 1995 et
1419 1959 1570 2010 vistrum
1602 1960 1714 1998 vicem
1736 1960 1782 1997 tl-

407 2036 518 2059 mecmz
550 2022 670 2072 neccffe
698 2022 753 2073 cst.
800 2022 950 2060 Vicetini
981 2036 1033 2060 me
1059 2030 1094 2060 et
1128 2023 1189 2060 M.
1209 2024 1365 2064 Brutum
1387 2024 1566 2078 praecipzle
1593 2025 1790 2078 olgses'·va72l.

405 2087 480 2124 His
500 2101 540 2125 ne
560 2101 666 2141 quum
680 2087 825 2140 patiare
845 2087 1013 2140 injuriam
1021 2087 1113 2137 fieri
1131 2089 1166 2125 in
1177 2088 1307 2141 finatu
1329 2104 1522 2128 vernarum
1543 2091 1667 2142 causa,
1697 2106 1720 2128 a
1752 2101 1787 2130 te

398 2160 493 2206 peto.
541 2152 695 2206 Causam
723 2151 848 2190 hahent
880 2153 1059 2206 optimam,
1090 2151 1236 2202 offi'cium
1265 2153 1301 2192 in
1333 2155 1580 2209 rempublicam
1588 2156 1784 2209 stamnum,

401 2230 513 2268 genus
534 2216 708 2254 hominum
730 2216 1016 2271 adveaesam'orum
1034 2216 1238 2271 fiditicfimz
1270 2227 1304 2257 et
1335 2219 1584 2272 inertffmum.
1620 2237 1673 2261 XII
1691 2223 1782 2261 Kal.

406 2279 497 2334 Jun.
531 2281 707 2320 Vercellis.

490 2544 621 2582 ToM.
654 2543 748 2581 VII.
1399 2548 1435 2584 Ο
1466 2561 1489 2585 0
