2351 2997
546 290 593 317 10
887 279 1571 319 EPISTOLARUM

544 378 695 417 senatus
716 379 832 417 initio
860 379 1038 425 censuit,
1070 390 1108 418 et
1140 380 1217 418 fine
1244 380 1502 420 multitudine
1530 381 1750 428 reducatur,
1783 396 1923 436 quem·

543 444 757 483 admodum
779 444 957 483 homines
980 446 1147 497 religiosi
1170 447 1326 497 Sibyllae
1343 448 1493 499 placere
1514 447 1713 488 dixerunt.
1749 450 1821 487 Sed
1843 449 1924 488 haec

544 510 733 548 sententia
752 511 801 548 fic
830 520 867 548 et
888 510 948 548 illi
976 520 1014 548 et
1034 511 1147 549 nobis
1183 513 1434 564 probabatur,
1470 523 1512 550 ut
1541 527 1588 551 ex
1617 524 1759 553 eventu
1789 514 1923 553 homi-

544 589 611 614 nes
644 576 690 613 de
721 587 791 613 tuo
822 576 982 614 confilio
1013 577 1298 615 existimaturos
1327 578 1573 616 videremus:
1607 579 1632 617 fi
1661 581 1927 619 cecidifl‘etvut

544 641 728 679 volumus
750 650 788 679 et
807 650 1004 694 optamus,
1027 656 1162 680 omnes
1185 652 1222 680 te
1242 643 1431 696 sapienter
1451 653 1488 681 et
1510 643 1678 690 fortiter,
1702 645 1756 682 fin
1777 645 1926 697 aliquid

544 706 635 744 effet
655 706 862 752 offensum,
894 707 1047 745 eosdem
1077 708 1166 746 illos
1196 718 1234 746 et
1264 708 1406 760 cupide
1435 718 1472 747 et
1501 718 1659 754 temere,
1690 709 1820 748 feciffe
1840 710 1925 748 dic-

544 782 668 811 turos.
716 774 846 825 Qare
881 773 977 826 quid
1009 773 1151 826 affequi
1182 775 1311 826 poflis,
1345 788 1422 812 non
1457 784 1535 812 tam
1569 774 1684 813 facile
1715 775 1768 813 est
1797 775 1926 821 nobis,

544 852 663 890 quam
688 838 777 883 tibi,
809 840 921 891 cujus
950 853 1070 891 prope
1102 840 1142 876 in
1175 839 1383 891 conspeetu
1413 841 1609 892 AEgyptus
1641 840 1707 885 est,
1733 840 1925 892 judicare.

544 905 632 943 Nos
655 905 815 957 quidem
835 904 912 943 hoc
933 906 1144 943 sentimus:
1168 905 1194 943 fi
1215 906 1462 958 exploratum
1479 906 1552 944 tibi
1573 907 1618 944 fit
1638 906 1740 959 poffe
1763 916 1799 944 te
1818 907 1926 945 illius

545 971 655 1022 regni
674 971 808 1023 potiri,
832 984 909 1009 non
931 971 1001 1009 effe
1022 971 1311 1017 cunfihmdum5
1335 972 1361 1009 fi
1383 971 1564 1017 dubium,
1589 986 1666 1010 non
1687 973 1759 1010 effe
1779 986 1926 1010 conan-

544 1036 656 1075 dum.
691 1037 797 1074 Illud
819 1037 892 1074 tibi
913 1038 1088 1082 affirmo,
1114 1038 1139 1074 fi
1157 1051 1238 1075 rem
1260 1037 1369 1075 istam
1385 1051 1433 1074 ex
1454 1038 1642 1075 sententia
1657 1037 1826 1089 gefferiS,
1845 1037 1927 1076 fore

544 1111 589 1139 ut
610 1102 742 1140 absens
764 1116 784 1139 a
804 1102 957 1147 multis,
984 1116 1077 1139 cum
1098 1102 1255 1140 redieris
1278 1102 1324 1139 ab
1346 1103 1546 1147 omnibus,
1579 1103 1812 1141 collaudere.
1847 1103 1925 1141 Of-

545 1168 759 1206 fensionem
780 1168 851 1206 effe
872 1168 1144 1221 periculosam,
1175 1177 1334 1221 propter
1364 1169 1630 1221 interpositam
1657 1170 1927 1207 auetoritatem

546 1234 871 1286 religionemque,
893 1233 1019 1272 video.
1054 1234 1125 1271 Sed
1146 1248 1218 1286 ego
1240 1244 1291 1279 te,
1312 1243 1354 1271 ut
1375 1234 1420 1271 ad
1442 1243 1587 1271 certam
1609 1234 1763 1272 laudem
1783 1234 1926 1272 adhor-

545 1309 620 1344 tor,
653 1301 702 1337 fic
724 1313 744 1336 a
763 1300 1015 1337 dimicatione
1036 1299 1208 1337 deterreo
1227 1315 1235 1338 :
1269 1299 1459 1352 redeoque
1480 1300 1525 1337 ad
1547 1299 1661 1345 illud,
1685 1300 1790 1352 quod
1811 1301 1926 1338 initio

546 1365 690 1418 scripsi,
708 1366 828 1403 totius
846 1365 937 1403 faffi
959 1367 1015 1403 tui
1032 1365 1246 1417 judicium,
1266 1379 1342 1403 non
1361 1374 1438 1403 tam
1456 1380 1502 1403 ex
1524 1366 1685 1403 consilio
1706 1375 1788 1411 tuo,
1808 1380 1926 1418 quam

543 1444 592 1469 ex
609 1440 763 1476 eventu,
781 1430 961 1469 homines
978 1432 1048 1468 effe
1066 1431 1247 1469 facturos.
1281 1430 1400 1482 Qod
1423 1431 1446 1468 fi
1464 1430 1545 1469 haec
1562 1433 1659 1469 ratio
1676 1433 1729 1469 rei
1749 1432 1925 1484 gerenda>

544 1498 760 1550 periculosa
784 1498 857 1535 tibi
887 1497 959 1535 effe
979 1497 1188 1542 videbitur,
1220 1498 1396 1550 placebat
1418 1497 1532 1542 illud,
1565 1507 1623 1542 ut,
1656 1498 1680 1535 fi
1703 1511 1767 1535 rex
1789 1499 1925 1535 amicis

545 1564 639 1606 tuis,
672 1564 741 1614 qui
773 1577 840 1615 per
867 1564 1106 1615 provinciam
1136 1563 1292 1615 imperii
1321 1564 1378 1600 tui
1403 1564 1587 1615 pecunias
1609 1564 1642 1601 ei
1664 1563 1925 1608 credidissent,

546 1629 665 1666 fidem
687 1629 793 1666 suam
814 1629 1054 1681 praestitisset,
1087 1639 1125 1666 et
1145 1629 1302 1666 auxiliis
1324 1642 1414 1666 eum
1443 1630 1520 1666 tuis
1550 1638 1588 1666 et
1617 1630 1741 1680 copiis
1767 1629 1926 1680 adjuva-

544 1708 617 1733 res.
664 1696 762 1732 Eam
792 1694 863 1732 effe
893 1703 1068 1732 naturam
1099 1703 1136 1731 et
1164 1696 1354 1731 rationem
1382 1695 1592 1747 provinciae
1623 1703 1712 1738 tuae‚
1746 1703 1789 1731 ut
1818 1694 1925 1732 illius

544 1761 716 1798 reditum
737 1761 795 1798 vel
818 1760 1034 1812 adjuvando
1056 1760 1320 1804 confirmares,
1353 1760 1411 1797 vel
1443 1759 1679 1811 negligendo
1700 1760 1923 1811 impedireS.

546 1829 593 1865 In
625 1827 697 1864 hac
730 1828 876 1864 ratione
908 1826 1003 1878 quid
1037 1839 1108 1870 res,
1141 1826 1236 1877 quid
1265 1825 1388 1869 causa,
1419 1825 1514 1877 quid
1536 1835 1707 1877 tempus,
1739 1824 1851 1870 ferat,
1884 1836 1926 1864 tu

546 1892 735 1930 facillime
767 1893 994 1943 optimeque
1026 1890 1259 1943 perspicies:
1292 1891 1389 1943 quid
1414 1891 1528 1928 nobis
1549 1890 1764 1943 placuisset,
1796 1904 1842 1928 ex
1864 1905 1926 1929 me

546 1958 788 2010 potiffimum
810 1958 942 2009 putavi
965 1967 1001 1994 te
1023 1957 1116 1994 scire
1136 1965 1328 2008 oportere.

602 2023 721 2075 Qod
755 2022 855 2061 mihi
891 2022 937 2060 de
972 2022 1100 2060 nostro
1134 2022 1246 2067 statu,
1279 2022 1325 2059 de
1360 2021 1530 2059 Milonis
1564 2020 1843 2066 familiaritate,
1880 2022 1925 2059 de

544 2090 702 2128 levitate
733 2098 771 2126 et
802 2088 1075 2126 imbecillitate
1111 2088 1259 2133 Clodii,
1288 2088 1507 2140 gratularis,
1539 2087 1704 2124 minime
1738 2087 1926 2124 miramur

545 2165 582 2194 te
604 2156 696 2200 tuis,
728 2163 772 2192 ut
798 2154 1000 2206 egregium
1021 2153 1226 2197 artificem,
1258 2153 1449 2205 praeclaris
1471 2153 1597 2204 operis
1619 2152 1766 2196 laetari3
1799 2165 1924 2203 quan-

544 2235 663 2274 quam
683 2221 736 2258 est
757 2220 999 2257 incredibilis
1021 2218 1232 2256 hominum
1253 2219 1489 2270 perversitas,
1511 2218 1696 2269 (graviori
1716 2218 1823 2254 enim
1839 2230 1925 2254 ver-

544 2289 596 2326 bo
616 2287 675 2325 uti
696 2300 774 2324 non
796 2286 911 2337 libet)
935 2287 1003 2338 qui
1026 2299 1109 2330 nos,
1141 2298 1238 2336 quos
1261 2283 1426 2322 favendo
1447 2283 1486 2321 in
1508 2283 1713 2322 communi
1734 2282 1843 2319 causa
1865 2295 1923 2319 re—

544 2355 666 2392 tinere
688 2361 915 2405 potuerunt,
938 2351 1149 2389 invidendo
1170 2351 1462 2388 abalienarunt:
1495 2363 1665 2402 quorum
1685 2348 1925 2386 malevolen-

543 2420 696 2458 tiffimis
714 2418 1061 2457 obtrectationibus
1079 2430 1148 2455 nos
1166 2417 1262 2454 scito
1278 2416 1325 2454 de
1340 2426 1466 2455 vetere
1487 2416 1555 2454 illa
1575 2415 1699 2453 nostra
1719 2414 1923 2452 diuturna-

542 2500 618 2538 que
639 2485 828 2523 sententia
846 2498 966 2536 prope
982 2485 1065 2535 jam
1086 2483 1156 2521 esse
1178 2483 1372 2535 depulsos,
1396 2496 1474 2520 non
1496 2495 1565 2520 nos
1587 2480 1749 2534 quidem
1769 2489 1813 2517 ut
1833 2479 1924 2518 nos-

542 2562 608 2590 trae
625 2551 826 2604 dignitatis
843 2551 960 2588 simus
978 2550 1108 2596 obliti,
1128 2549 1189 2588 sed
1210 2559 1253 2589 ut
1274 2547 1484 2588 habeamus
1503 2549 1694 2587 rationem
1713 2545 1924 2598 aliquando
