<?xml version="1.0" encoding="UTF-8"?>
<!DOCTYPE html PUBLIC "-//W3C//DTD XHTML 1.0 Transitional//EN"
    "http://www.w3.org/TR/xhtml1/DTD/xhtml1-transitional.dtd">
<html xmlns="http://www.w3.org/1999/xhtml" xml:lang="en" lang="en">
 <head>
  <title>
</title>
<meta http-equiv="Content-Type" content="text/html;charset=utf-8" />
  <meta name='ocr-system' content='tesseract 3.04.00' />
  <meta name='ocr-capabilities' content='ocr_page ocr_carea ocr_par ocr_line ocrx_word'/>
</head>
<body>
  <div class='ocr_page' id='page_1' title='image "./operacumindicibu07ciceuoft_0324.png"; bbox 0 0 2351 2997; ppageno 0'>
   <div class='ocr_carea' id='block_1_1' title="bbox 542 277 1565 336">
    <p class='ocr_par' dir='ltr' id='par_1_1' title="bbox 542 277 1565 336">
     <span class='ocr_line' id='line_1_1' title="bbox 542 277 1565 336; baseline -0.007 -15"><span class='ocrx_word' id='word_1_1' title='bbox 542 294 620 336; x_wconf 79' lang='lat'>304</span> <span class='ocrx_word' id='word_1_2' title='bbox 882 277 1565 317; x_wconf 85' lang='lat' dir='ltr'><strong>EPISTOLARUM</strong></span> 
     </span>
    </p>
   </div>
   <div class='ocr_carea' id='block_1_2' title="bbox 539 373 1916 1402">
    <p class='ocr_par' dir='ltr' id='par_1_2' title="bbox 539 373 1916 1402">
     <span class='ocr_line' id='line_1_2' title="bbox 541 373 1913 428; baseline -0.005 -9"><span class='ocrx_word' id='word_1_3' title='bbox 541 381 613 419; x_wconf 84' lang='lat' dir='ltr'>Sed</span> <span class='ocrx_word' id='word_1_4' title='bbox 639 380 714 418; x_wconf 91' lang='lat' dir='ltr'>hoc</span> <span class='ocrx_word' id='word_1_5' title='bbox 735 378 903 417; x_wconf 86' lang='lat' dir='ltr'>vestrum</span> <span class='ocrx_word' id='word_1_6' title='bbox 930 377 1034 415; x_wconf 85' lang='lat' dir='ltr'>fuit:</span> <span class='ocrx_word' id='word_1_7' title='bbox 1068 375 1173 428; x_wconf 86' lang='lat' dir='ltr'>quod</span> <span class='ocrx_word' id='word_1_8' title='bbox 1200 389 1292 412; x_wconf 88' lang='lat' dir='ltr'>cum</span> <span class='ocrx_word' id='word_1_9' title='bbox 1321 376 1519 427; x_wconf 84' lang='lat' dir='ltr'>praeteriit,</span> <span class='ocrx_word' id='word_1_10' title='bbox 1552 375 1701 413; x_wconf 87' lang='lat' dir='ltr'>utinam</span> <span class='ocrx_word' id='word_1_11' title='bbox 1730 373 1913 412; x_wconf 84' lang='lat' dir='ltr'>haberem</span> 
     </span>
     <span class='ocr_line' id='line_1_3' title="bbox 541 438 1910 498; baseline -0.005 -15"><span class='ocrx_word' id='word_1_12' title='bbox 541 445 636 498; x_wconf 87' lang='lat' dir='ltr'>quid</span> <span class='ocrx_word' id='word_1_13' title='bbox 657 444 766 481; x_wconf 79' lang='lat' dir='ltr'>vobis</span> <span class='ocrx_word' id='word_1_14' title='bbox 788 443 917 479; x_wconf 84' lang='lat' dir='ltr'>darem</span> <span class='ocrx_word' id='word_1_15' title='bbox 938 440 1103 478; x_wconf 79' lang='lat' dir='ltr'>consilii.</span> <span class='ocrx_word' id='word_1_16' title='bbox 1150 439 1221 475; x_wconf 87' lang='lat' dir='ltr'>Sed</span> <span class='ocrx_word' id='word_1_17' title='bbox 1252 452 1299 475; x_wconf 90' lang='lat' dir='ltr'>ne</span> <span class='ocrx_word' id='word_1_18' title='bbox 1325 438 1426 476; x_wconf 80' lang='lat' dir='ltr'>mihi</span> <span class='ocrx_word' id='word_1_19' title='bbox 1447 439 1606 490; x_wconf 88' lang='lat' dir='ltr'>quidem</span> <span class='ocrx_word' id='word_1_20' title='bbox 1631 440 1714 491; x_wconf 86' lang='lat' dir='ltr'>ipfi,</span> <span class='ocrx_word' id='word_1_21' title='bbox 1748 439 1910 490; x_wconf 88' lang='lat' dir='ltr'>reperi0‚</span> 
     </span>
     <span class='ocr_line' id='line_1_4' title="bbox 541 503 1908 562; baseline -0.005 -15"><span class='ocrx_word' id='word_1_22' title='bbox 541 510 637 562; x_wconf 90' lang='lat' dir='ltr'>quid</span> <span class='ocrx_word' id='word_1_23' title='bbox 663 507 886 546; x_wconf 86' lang='lat' dir='ltr'>faciendum</span> <span class='ocrx_word' id='word_1_24' title='bbox 914 506 973 543; x_wconf 89' lang='lat' dir='ltr'>fit.</span> <span class='ocrx_word' id='word_1_25' title='bbox 1020 503 1129 554; x_wconf 84' lang='lat' dir='ltr'>Qid</span> <span class='ocrx_word' id='word_1_26' title='bbox 1161 503 1266 540; x_wconf 85' lang='lat' dir='ltr'>enim</span> <span class='ocrx_word' id='word_1_27' title='bbox 1295 503 1362 547; x_wconf 86' lang='lat' dir='ltr'>est,</span> <span class='ocrx_word' id='word_1_28' title='bbox 1393 504 1499 554; x_wconf 88' lang='lat' dir='ltr'>quod</span> <span class='ocrx_word' id='word_1_29' title='bbox 1520 514 1654 541; x_wconf 87' lang='lat' dir='ltr'>contra</span> <span class='ocrx_word' id='word_1_30' title='bbox 1672 505 1753 541; x_wconf 89' lang='lat' dir='ltr'>vim</span> <span class='ocrx_word' id='word_1_31' title='bbox 1774 504 1850 541; x_wconf 88' lang='lat' dir='ltr'>fine</span> <span class='ocrx_word' id='word_1_32' title='bbox 1871 504 1908 540; x_wconf 86' lang='lat' dir='ltr'>vi</span> 
     </span>
     <span class='ocr_line' id='line_1_5' title="bbox 541 567 1911 625; baseline -0.005 -13"><span class='ocrx_word' id='word_1_33' title='bbox 541 576 624 613; x_wconf 85' lang='lat' dir='ltr'>fieri</span> <span class='ocrx_word' id='word_1_34' title='bbox 652 573 763 625; x_wconf 82' lang='lat' dir='ltr'>poffit</span> <span class='ocrx_word' id='word_1_35' title='bbox 782 574 794 610; x_wconf 91' lang='lat'>?</span> <span class='ocrx_word' id='word_1_36' title='bbox 828 571 1046 609; x_wconf 76' lang='lat' dir='ltr'>Consilium</span> <span class='ocrx_word' id='word_1_37' title='bbox 1067 582 1184 606; x_wconf 90' lang='lat' dir='ltr'>omne</span> <span class='ocrx_word' id='word_1_38' title='bbox 1204 577 1333 605; x_wconf 87' lang='lat' dir='ltr'>autem</span> <span class='ocrx_word' id='word_1_39' title='bbox 1354 567 1430 606; x_wconf 88' lang='lat' dir='ltr'>hoc</span> <span class='ocrx_word' id='word_1_40' title='bbox 1450 569 1503 606; x_wconf 89' lang='lat' dir='ltr'>est</span> <span class='ocrx_word' id='word_1_41' title='bbox 1523 569 1698 613; x_wconf 84' lang='lat' dir='ltr'>illorum,</span> <span class='ocrx_word' id='word_1_42' title='bbox 1731 578 1774 606; x_wconf 89' lang='lat' dir='ltr'>ut</span> <span class='ocrx_word' id='word_1_43' title='bbox 1804 582 1911 606; x_wconf 82' lang='lat' dir='ltr'>mor-</span> 
     </span>
     <span class='ocr_line' id='line_1_6' title="bbox 540 633 1909 688; baseline -0.005 -11"><span class='ocrx_word' id='word_1_44' title='bbox 540 649 621 677; x_wconf 87' lang='lat' dir='ltr'>tem</span> <span class='ocrx_word' id='word_1_45' title='bbox 656 637 812 676; x_wconf 82' lang='lat' dir='ltr'>Caesaris</span> <span class='ocrx_word' id='word_1_46' title='bbox 848 636 1138 688; x_wconf 85' lang='lat' dir='ltr'>persequantur.</span> <span class='ocrx_word' id='word_1_47' title='bbox 1185 634 1321 684; x_wconf 84' lang='lat' dir='ltr'>Itaque</span> <span class='ocrx_word' id='word_1_48' title='bbox 1351 646 1383 671; x_wconf 87' lang='lat' dir='ltr'>a.</span> <span class='ocrx_word' id='word_1_49' title='bbox 1417 633 1455 671; x_wconf 90' lang='lat' dir='ltr'>d.</span> <span class='ocrx_word' id='word_1_50' title='bbox 1489 633 1583 671; x_wconf 86' lang='lat' dir='ltr'>sext.</span> <span class='ocrx_word' id='word_1_51' title='bbox 1622 634 1730 671; x_wconf 86' lang='lat' dir='ltr'>Non.</span> <span class='ocrx_word' id='word_1_52' title='bbox 1765 633 1909 671; x_wconf 62' lang='lat' dir='ltr'>Oetob.</span> 
     </span>
     <span class='ocr_line' id='line_1_7' title="bbox 539 698 1913 758; baseline -0.004 -17"><span class='ocrx_word' id='word_1_53' title='bbox 539 704 750 758; x_wconf 60' lang='lat' dir='ltr'>produe‘ms</span> <span class='ocrx_word' id='word_1_54' title='bbox 784 703 824 739; x_wconf 86' lang='lat' dir='ltr'>in</span> <span class='ocrx_word' id='word_1_55' title='bbox 859 701 1091 738; x_wconf 84' lang='lat' dir='ltr'>concionem</span> <span class='ocrx_word' id='word_1_56' title='bbox 1125 712 1145 735; x_wconf 86' lang='lat' dir='ltr'>a</span> <span class='ocrx_word' id='word_1_57' title='bbox 1180 699 1364 742; x_wconf 77' lang='lat' dir='ltr'>canutio,</span> <span class='ocrx_word' id='word_1_58' title='bbox 1405 698 1620 750; x_wconf 84' lang='lat' dir='ltr'>turpiffime</span> <span class='ocrx_word' id='word_1_59' title='bbox 1653 698 1720 735; x_wconf 90' lang='lat' dir='ltr'>ille</span> <span class='ocrx_word' id='word_1_60' title='bbox 1752 698 1913 750; x_wconf 87' lang='lat' dir='ltr'>quidem</span> 
     </span>
     <span class='ocr_line' id='line_1_8' title="bbox 540 762 1913 814; baseline -0.005 -8"><span class='ocrx_word' id='word_1_61' title='bbox 540 768 731 811; x_wconf 80' lang='lat' dir='ltr'>discessit3</span> <span class='ocrx_word' id='word_1_62' title='bbox 765 766 826 803; x_wconf 90' lang='lat' dir='ltr'>sed</span> <span class='ocrx_word' id='word_1_63' title='bbox 858 775 987 802; x_wconf 86' lang='lat' dir='ltr'>tamen</span> <span class='ocrx_word' id='word_1_64' title='bbox 1019 778 1061 801; x_wconf 89' lang='lat' dir='ltr'>ea</span> <span class='ocrx_word' id='word_1_65' title='bbox 1090 763 1190 800; x_wconf 85' lang='lat' dir='ltr'>dixit</span> <span class='ocrx_word' id='word_1_66' title='bbox 1219 762 1266 799; x_wconf 87' lang='lat' dir='ltr'>de</span> <span class='ocrx_word' id='word_1_67' title='bbox 1294 762 1624 800; x_wconf 81' lang='lat' dir='ltr'>conservatoribus</span> <span class='ocrx_word' id='word_1_68' title='bbox 1652 763 1797 814; x_wconf 61' lang='lat' dir='ltr'>patriae,</span> <span class='ocrx_word' id='word_1_69' title='bbox 1829 775 1913 813; x_wconf 83' lang='lat' dir='ltr'>quae</span> 
     </span>
     <span class='ocr_line' id='line_1_9' title="bbox 541 827 1911 882; baseline -0.006 -11"><span class='ocrx_word' id='word_1_70' title='bbox 541 834 621 871; x_wconf 84' lang='lat' dir='ltr'>dici</span> <span class='ocrx_word' id='word_1_71' title='bbox 641 833 824 869; x_wconf 88' lang='lat' dir='ltr'>deberent</span> <span class='ocrx_word' id='word_1_72' title='bbox 844 831 890 868; x_wconf 88' lang='lat' dir='ltr'>de</span> <span class='ocrx_word' id='word_1_73' title='bbox 910 828 1190 882; x_wconf 82' lang='lat' dir='ltr'>proditoribuS.</span> <span class='ocrx_word' id='word_1_74' title='bbox 1224 827 1285 864; x_wconf 85' lang='lat' dir='ltr'>De</span> <span class='ocrx_word' id='word_1_75' title='bbox 1306 841 1368 864; x_wconf 89' lang='lat' dir='ltr'>me</span> <span class='ocrx_word' id='word_1_76' title='bbox 1389 827 1547 878; x_wconf 89' lang='lat' dir='ltr'>quidem</span> <span class='ocrx_word' id='word_1_77' title='bbox 1568 841 1646 864; x_wconf 90' lang='lat' dir='ltr'>non</span> <span class='ocrx_word' id='word_1_78' title='bbox 1668 827 1911 871; x_wconf 80' lang='lat' dir='ltr'>dubitantur,</span> 
     </span>
     <span class='ocr_line' id='line_1_10' title="bbox 541 890 1914 950; baseline -0.005 -15"><span class='ocrx_word' id='word_1_79' title='bbox 541 899 639 950; x_wconf 89' lang='lat' dir='ltr'>quin</span> <span class='ocrx_word' id='word_1_80' title='bbox 660 897 792 934; x_wconf 83' lang='lat' dir='ltr'>onmia</span> <span class='ocrx_word' id='word_1_81' title='bbox 811 896 858 932; x_wconf 93' lang='lat' dir='ltr'>de</span> <span class='ocrx_word' id='word_1_82' title='bbox 877 909 965 932; x_wconf 88' lang='lat' dir='ltr'>meo</span> <span class='ocrx_word' id='word_1_83' title='bbox 985 893 1145 931; x_wconf 87' lang='lat' dir='ltr'>confilio</span> <span class='ocrx_word' id='word_1_84' title='bbox 1171 900 1209 928; x_wconf 87' lang='lat' dir='ltr'>et</span> <span class='ocrx_word' id='word_1_85' title='bbox 1235 904 1302 928; x_wconf 85' lang='lat' dir='ltr'>vos</span> <span class='ocrx_word' id='word_1_86' title='bbox 1332 891 1527 935; x_wconf 68' lang='lat' dir='ltr'>fecissetis,</span> <span class='ocrx_word' id='word_1_87' title='bbox 1559 901 1597 929; x_wconf 94' lang='lat' dir='ltr'>et</span> <span class='ocrx_word' id='word_1_88' title='bbox 1630 892 1821 930; x_wconf 80' lang='lat' dir='ltr'>Canutius</span> <span class='ocrx_word' id='word_1_89' title='bbox 1853 890 1914 928; x_wconf 87' lang='lat' dir='ltr'>fa-</span> 
     </span>
     <span class='ocr_line' id='line_1_11' title="bbox 541 955 1914 1011; baseline -0.005 -10"><span class='ocrx_word' id='word_1_90' title='bbox 541 972 658 1001; x_wconf 87' lang='lat' dir='ltr'>ceret.</span> <span class='ocrx_word' id='word_1_91' title='bbox 705 963 853 999; x_wconf 84' lang='lat' dir='ltr'>Caetera</span> <span class='ocrx_word' id='word_1_92' title='bbox 873 958 1093 1011; x_wconf 86' lang='lat' dir='ltr'>cujusmodi</span> <span class='ocrx_word' id='word_1_93' title='bbox 1114 957 1200 1000; x_wconf 77' lang='lat' dir='ltr'>sint,</span> <span class='ocrx_word' id='word_1_94' title='bbox 1224 970 1277 993; x_wconf 72' lang='lat' dir='ltr'>ex</span> <span class='ocrx_word' id='word_1_95' title='bbox 1299 955 1375 993; x_wconf 89' lang='lat' dir='ltr'>hoc</span> <span class='ocrx_word' id='word_1_96' title='bbox 1390 956 1539 1007; x_wconf 84' lang='lat' dir='ltr'>judica,</span> <span class='ocrx_word' id='word_1_97' title='bbox 1571 957 1677 1008; x_wconf 89' lang='lat' dir='ltr'>quod</span> <span class='ocrx_word' id='word_1_98' title='bbox 1698 957 1824 1008; x_wconf 83' lang='lat' dir='ltr'>legato</span> <span class='ocrx_word' id='word_1_99' title='bbox 1846 965 1914 994; x_wconf 90' lang='lat' dir='ltr'>tuo</span> 
     </span>
     <span class='ocr_line' id='line_1_12' title="bbox 541 1020 1914 1076; baseline -0.005 -11"><span class='ocrx_word' id='word_1_100' title='bbox 541 1028 729 1065; x_wconf 79' lang='lat' dir='ltr'>viaticum</span> <span class='ocrx_word' id='word_1_101' title='bbox 760 1027 1000 1076; x_wconf 86' lang='lat' dir='ltr'>eripuerunt.</span> <span class='ocrx_word' id='word_1_102' title='bbox 1048 1021 1157 1072; x_wconf 83' lang='lat' dir='ltr'>Qid</span> <span class='ocrx_word' id='word_1_103' title='bbox 1188 1034 1250 1057; x_wconf 81' lang='lat' dir='ltr'>eos</span> <span class='ocrx_word' id='word_1_104' title='bbox 1284 1021 1527 1072; x_wconf 85' lang='lat' dir='ltr'>interpretari</span> <span class='ocrx_word' id='word_1_105' title='bbox 1559 1030 1685 1072; x_wconf 80' lang='lat' dir='ltr'>putas,</span> <span class='ocrx_word' id='word_1_106' title='bbox 1716 1035 1808 1058; x_wconf 86' lang='lat' dir='ltr'>cum</span> <span class='ocrx_word' id='word_1_107' title='bbox 1838 1020 1914 1058; x_wconf 92' lang='lat' dir='ltr'>hoc</span> 
     </span>
     <span class='ocr_line' id='line_1_13' title="bbox 541 1085 1914 1137; baseline -0.007 -7"><span class='ocrx_word' id='word_1_108' title='bbox 541 1091 693 1130; x_wconf 86' lang='lat' dir='ltr'>faciunt</span> <span class='ocrx_word' id='word_1_109' title='bbox 711 1092 724 1128; x_wconf 88' lang='lat'>?</span> <span class='ocrx_word' id='word_1_110' title='bbox 757 1090 819 1128; x_wconf 88' lang='lat' dir='ltr'>Ad</span> <span class='ocrx_word' id='word_1_111' title='bbox 839 1089 988 1126; x_wconf 87' lang='lat' dir='ltr'>hostem</span> <span class='ocrx_word' id='word_1_112' title='bbox 1010 1087 1157 1124; x_wconf 86' lang='lat' dir='ltr'>scilicet</span> <span class='ocrx_word' id='word_1_113' title='bbox 1178 1085 1337 1137; x_wconf 90' lang='lat' dir='ltr'>portari.</span> <span class='ocrx_word' id='word_1_114' title='bbox 1386 1086 1421 1122; x_wconf 93' lang='lat' dir='ltr'>O</span> <span class='ocrx_word' id='word_1_115' title='bbox 1445 1098 1525 1122; x_wconf 87' lang='lat' dir='ltr'>rem</span> <span class='ocrx_word' id='word_1_116' title='bbox 1546 1085 1723 1122; x_wconf 78' lang='lat' dir='ltr'>miseram</span> <span class='ocrx_word' id='word_1_117' title='bbox 1743 1085 1750 1121; x_wconf 78' lang='lat' dir='ltr'>l</span> <span class='ocrx_word' id='word_1_118' title='bbox 1784 1085 1914 1122; x_wconf 88' lang='lat' dir='ltr'>domi-</span> 
     </span>
     <span class='ocr_line' id='line_1_14' title="bbox 541 1149 1916 1206; baseline -0.006 -12"><span class='ocrx_word' id='word_1_119' title='bbox 541 1171 638 1194; x_wconf 88' lang='lat' dir='ltr'>num</span> <span class='ocrx_word' id='word_1_120' title='bbox 658 1155 757 1193; x_wconf 88' lang='lat' dir='ltr'>ferre</span> <span class='ocrx_word' id='word_1_121' title='bbox 778 1168 855 1192; x_wconf 88' lang='lat' dir='ltr'>non</span> <span class='ocrx_word' id='word_1_122' title='bbox 885 1154 1101 1206; x_wconf 86' lang='lat' dir='ltr'>potuimus,</span> <span class='ocrx_word' id='word_1_123' title='bbox 1133 1150 1315 1188; x_wconf 86' lang='lat' dir='ltr'>conservo</span> <span class='ocrx_word' id='word_1_124' title='bbox 1347 1149 1546 1187; x_wconf 86' lang='lat' dir='ltr'>servimus.</span> <span class='ocrx_word' id='word_1_125' title='bbox 1593 1151 1645 1194; x_wconf 79' lang='lat' dir='ltr'>Et</span> <span class='ocrx_word' id='word_1_126' title='bbox 1678 1159 1820 1194; x_wconf 90' lang='lat' dir='ltr'>tamen,</span> <span class='ocrx_word' id='word_1_127' title='bbox 1853 1163 1916 1187; x_wconf 90' lang='lat' dir='ltr'>me</span> 
     </span>
     <span class='ocr_line' id='line_1_15' title="bbox 541 1213 1915 1273; baseline -0.006 -15"><span class='ocrx_word' id='word_1_128' title='bbox 541 1221 701 1273; x_wconf 88' lang='lat' dir='ltr'>quidem</span> <span class='ocrx_word' id='word_1_129' title='bbox 723 1219 874 1256; x_wconf 88' lang='lat' dir='ltr'>favente</span> <span class='ocrx_word' id='word_1_130' title='bbox 896 1218 1033 1269; x_wconf 84' lang='lat' dir='ltr'>magis,</span> <span class='ocrx_word' id='word_1_131' title='bbox 1055 1228 1173 1267; x_wconf 90' lang='lat' dir='ltr'>quarn</span> <span class='ocrx_word' id='word_1_132' title='bbox 1195 1214 1382 1266; x_wconf 86' lang='lat' dir='ltr'>sperante,</span> <span class='ocrx_word' id='word_1_133' title='bbox 1413 1215 1531 1251; x_wconf 84' lang='lat' dir='ltr'>etiam</span> <span class='ocrx_word' id='word_1_134' title='bbox 1552 1227 1657 1251; x_wconf 89' lang='lat' dir='ltr'>nunc</span> <span class='ocrx_word' id='word_1_135' title='bbox 1679 1214 1813 1251; x_wconf 77' lang='lat' dir='ltr'>residet</span> <span class='ocrx_word' id='word_1_136' title='bbox 1833 1213 1915 1264; x_wconf 89' lang='lat' dir='ltr'>spes</span> 
     </span>
     <span class='ocr_line' id='line_1_16' title="bbox 541 1278 1912 1331; baseline -0.007 -8"><span class='ocrx_word' id='word_1_137' title='bbox 541 1287 582 1322; x_wconf 90' lang='lat' dir='ltr'>in</span> <span class='ocrx_word' id='word_1_138' title='bbox 604 1285 746 1322; x_wconf 83' lang='lat' dir='ltr'>virtute</span> <span class='ocrx_word' id='word_1_139' title='bbox 767 1293 846 1321; x_wconf 85' lang='lat' dir='ltr'>tua.</span> <span class='ocrx_word' id='word_1_140' title='bbox 890 1282 960 1319; x_wconf 85' lang='lat' dir='ltr'>Sed</span> <span class='ocrx_word' id='word_1_141' title='bbox 982 1281 1050 1318; x_wconf 90' lang='lat' dir='ltr'>ubi</span> <span class='ocrx_word' id='word_1_142' title='bbox 1072 1279 1159 1317; x_wconf 84' lang='lat' dir='ltr'>sunt</span> <span class='ocrx_word' id='word_1_143' title='bbox 1180 1280 1300 1331; x_wconf 83' lang='lat' dir='ltr'>copiae</span> <span class='ocrx_word' id='word_1_144' title='bbox 1319 1280 1332 1315; x_wconf 91' lang='lat'>?</span> <span class='ocrx_word' id='word_1_145' title='bbox 1364 1279 1425 1316; x_wconf 89' lang='lat' dir='ltr'>De</span> <span class='ocrx_word' id='word_1_146' title='bbox 1451 1279 1616 1330; x_wconf 89' lang='lat' dir='ltr'>reliquo,</span> <span class='ocrx_word' id='word_1_147' title='bbox 1648 1279 1751 1315; x_wconf 89' lang='lat' dir='ltr'>malo</span> <span class='ocrx_word' id='word_1_148' title='bbox 1780 1287 1816 1315; x_wconf 90' lang='lat' dir='ltr'>te</span> <span class='ocrx_word' id='word_1_149' title='bbox 1848 1278 1912 1329; x_wconf 89' lang='lat' dir='ltr'>ip-</span> 
     </span>
     <span class='ocr_line' id='line_1_17' title="bbox 541 1343 1749 1402; baseline -0.007 -14"><span class='ocrx_word' id='word_1_150' title='bbox 541 1351 626 1388; x_wconf 74' lang='lat' dir='ltr'>sum</span> <span class='ocrx_word' id='word_1_151' title='bbox 647 1350 757 1402; x_wconf 89' lang='lat' dir='ltr'>loqui</span> <span class='ocrx_word' id='word_1_152' title='bbox 780 1358 925 1392; x_wconf 87' lang='lat' dir='ltr'>tecum,</span> <span class='ocrx_word' id='word_1_153' title='bbox 957 1359 1075 1398; x_wconf 88' lang='lat' dir='ltr'>quam</span> <span class='ocrx_word' id='word_1_154' title='bbox 1097 1343 1222 1381; x_wconf 83' lang='lat' dir='ltr'>nostra</span> <span class='ocrx_word' id='word_1_155' title='bbox 1242 1343 1342 1380; x_wconf 60' lang='lat' dir='ltr'>dieta</span> <span class='ocrx_word' id='word_1_156' title='bbox 1362 1344 1605 1395; x_wconf 81' lang='lat' dir='ltr'>cognoscere.</span> <span class='ocrx_word' id='word_1_157' title='bbox 1641 1343 1749 1380; x_wconf 86' lang='lat' dir='ltr'>Vale.</span> 
     </span>
    </p>
   </div>
   <div class='ocr_carea' id='block_1_3' title="bbox 811 1545 1641 1588">
    <p class='ocr_par' dir='ltr' id='par_1_3' title="bbox 811 1545 1641 1588">
     <span class='ocr_line' id='line_1_18' title="bbox 811 1545 1641 1588; baseline -0.006 -1"><span class='ocrx_word' id='word_1_158' title='bbox 811 1551 877 1588; x_wconf 89' lang='lat' dir='ltr'>M.</span> <span class='ocrx_word' id='word_1_159' title='bbox 910 1551 963 1587; x_wconf 89' lang='lat' dir='ltr'>T.</span> <span class='ocrx_word' id='word_1_160' title='bbox 997 1549 1045 1586; x_wconf 91' lang='lat' dir='ltr'>C.</span> <span class='ocrx_word' id='word_1_161' title='bbox 1079 1549 1127 1586; x_wconf 92' lang='lat' dir='ltr'>C.</span> <span class='ocrx_word' id='word_1_162' title='bbox 1163 1548 1394 1585; x_wconf 78' lang='lat' dir='ltr'>CASSIO</span> <span class='ocrx_word' id='word_1_163' title='bbox 1437 1545 1472 1583; x_wconf 85' lang='lat' dir='ltr'>S.</span> <span class='ocrx_word' id='word_1_164' title='bbox 1510 1546 1554 1583; x_wconf 91' lang='lat' dir='ltr'>P.</span> <span class='ocrx_word' id='word_1_165' title='bbox 1587 1545 1641 1582; x_wconf 93' lang='lat' dir='ltr'>D.</span> 
     </span>
    </p>
   </div>
   <div class='ocr_carea' id='block_1_4' title="bbox 539 1670 1918 2578">
    <p class='ocr_par' dir='ltr' id='par_1_4' title="bbox 542 1670 1911 1747">
     <span class='ocr_line' id='line_1_19' title="bbox 542 1670 1911 1747; baseline -0.006 -30"><span class='ocrx_word' id='word_1_166' title='bbox 542 1680 614 1717; x_wconf 75' lang='lat' dir='ltr'>IV.</span> <span class='ocrx_word' id='word_1_167' title='bbox 639 1676 713 1747; x_wconf 83' lang='lat' dir='ltr'>V</span> <span class='ocrx_word' id='word_1_168' title='bbox 728 1679 760 1716; x_wconf 90' lang='lat' dir='ltr'><strong>E</strong></span> <span class='ocrx_word' id='word_1_169' title='bbox 777 1679 810 1715; x_wconf 96' lang='lat' dir='ltr'>L</span> <span class='ocrx_word' id='word_1_170' title='bbox 827 1678 858 1714; x_wconf 96' lang='lat' dir='ltr'>L</span> <span class='ocrx_word' id='word_1_171' title='bbox 875 1678 906 1714; x_wconf 90' lang='lat' dir='ltr'>E</span> <span class='ocrx_word' id='word_1_172' title='bbox 926 1676 973 1713; x_wconf 90' lang='lat' dir='ltr'>M</span> <span class='ocrx_word' id='word_1_173' title='bbox 1005 1675 1139 1713; x_wconf 83' lang='lat' dir='ltr'>Idibus</span> <span class='ocrx_word' id='word_1_174' title='bbox 1171 1673 1328 1710; x_wconf 83' lang='lat' dir='ltr'>Martiis</span> <span class='ocrx_word' id='word_1_175' title='bbox 1359 1685 1421 1710; x_wconf 90' lang='lat' dir='ltr'>me</span> <span class='ocrx_word' id='word_1_176' title='bbox 1441 1673 1487 1709; x_wconf 86' lang='lat' dir='ltr'>ad</span> <span class='ocrx_word' id='word_1_177' title='bbox 1514 1684 1666 1710; x_wconf 78' lang='lat' dir='ltr'>coenam</span> <span class='ocrx_word' id='word_1_178' title='bbox 1693 1670 1883 1708; x_wconf 81' lang='lat' dir='ltr'>invitaffes</span> <span class='ocrx_word' id='word_1_179' title='bbox 1902 1686 1911 1709; x_wconf 91' lang='lat'>:</span> 
     </span>
    </p>

    <p class='ocr_par' dir='ltr' id='par_1_5' title="bbox 539 1735 1918 2578">
     <span class='ocr_line' id='line_1_20' title="bbox 734 1735 1915 1792; baseline -0.004 -14"><span class='ocrx_word' id='word_1_180' title='bbox 734 1741 986 1792; x_wconf 87' lang='lat' dir='ltr'>reliquiarum</span> <span class='ocrx_word' id='word_1_181' title='bbox 1016 1738 1116 1776; x_wconf 88' lang='lat' dir='ltr'>nihil</span> <span class='ocrx_word' id='word_1_182' title='bbox 1149 1737 1291 1775; x_wconf 82' lang='lat' dir='ltr'>fuiffet.</span> <span class='ocrx_word' id='word_1_183' title='bbox 1338 1737 1459 1774; x_wconf 88' lang='lat' dir='ltr'>Nunc</span> <span class='ocrx_word' id='word_1_184' title='bbox 1492 1750 1554 1773; x_wconf 88' lang='lat' dir='ltr'>me</span> <span class='ocrx_word' id='word_1_185' title='bbox 1586 1735 1758 1787; x_wconf 85' lang='lat' dir='ltr'>reliquiae</span> <span class='ocrx_word' id='word_1_186' title='bbox 1788 1735 1915 1773; x_wconf 83' lang='lat' dir='ltr'>vestrae</span> 
     </span>
     <span class='ocr_line' id='line_1_21' title="bbox 539 1800 1914 1857; baseline -0.008 -11"><span class='ocrx_word' id='word_1_187' title='bbox 539 1817 735 1852; x_wconf 75' lang='lat' dir='ltr'>exercent,</span> <span class='ocrx_word' id='word_1_188' title='bbox 764 1815 802 1843; x_wconf 93' lang='lat' dir='ltr'>et</span> <span class='ocrx_word' id='word_1_189' title='bbox 829 1804 989 1857; x_wconf 89' lang='lat' dir='ltr'>quidem</span> <span class='ocrx_word' id='word_1_190' title='bbox 1010 1812 1148 1855; x_wconf 83' lang='lat' dir='ltr'>praeter</span> <span class='ocrx_word' id='word_1_191' title='bbox 1173 1810 1330 1840; x_wconf 85' lang='lat' dir='ltr'>caeteros</span> <span class='ocrx_word' id='word_1_192' title='bbox 1359 1815 1436 1838; x_wconf 88' lang='lat' dir='ltr'>me.</span> <span class='ocrx_word' id='word_1_193' title='bbox 1483 1802 1721 1851; x_wconf 85' lang='lat' dir='ltr'>Qanquam</span> <span class='ocrx_word' id='word_1_194' title='bbox 1740 1800 1914 1850; x_wconf 84' lang='lat' dir='ltr'>egregios</span> 
     </span>
     <span class='ocr_line' id='line_1_22' title="bbox 540 1863 1914 1918; baseline -0.009 -7"><span class='ocrx_word' id='word_1_195' title='bbox 540 1873 716 1910; x_wconf 82' lang='lat' dir='ltr'>consules</span> <span class='ocrx_word' id='word_1_196' title='bbox 749 1871 952 1913; x_wconf 88' lang='lat' dir='ltr'>habemus,</span> <span class='ocrx_word' id='word_1_197' title='bbox 984 1868 1046 1905; x_wconf 91' lang='lat' dir='ltr'>sed</span> <span class='ocrx_word' id='word_1_198' title='bbox 1079 1866 1316 1918; x_wconf 82' lang='lat' dir='ltr'>turpiflimos</span> <span class='ocrx_word' id='word_1_199' title='bbox 1349 1865 1593 1908; x_wconf 84' lang='lat' dir='ltr'>consulares3</span> <span class='ocrx_word' id='word_1_200' title='bbox 1626 1864 1799 1900; x_wconf 89' lang='lat' dir='ltr'>senatum</span> <span class='ocrx_word' id='word_1_201' title='bbox 1831 1863 1914 1900; x_wconf 90' lang='lat' dir='ltr'>for-</span> 
     </span>
     <span class='ocr_line' id='line_1_23' title="bbox 542 1928 1916 1984; baseline -0.008 -9"><span class='ocrx_word' id='word_1_202' title='bbox 542 1947 638 1982; x_wconf 89' lang='lat' dir='ltr'>tem,</span> <span class='ocrx_word' id='word_1_203' title='bbox 670 1937 732 1974; x_wconf 92' lang='lat' dir='ltr'>sed</span> <span class='ocrx_word' id='word_1_204' title='bbox 761 1935 899 1973; x_wconf 88' lang='lat' dir='ltr'>infimo</span> <span class='ocrx_word' id='word_1_205' title='bbox 929 1946 1125 1984; x_wconf 88' lang='lat' dir='ltr'>quemque</span> <span class='ocrx_word' id='word_1_206' title='bbox 1158 1931 1305 1968; x_wconf 86' lang='lat' dir='ltr'>honore</span> <span class='ocrx_word' id='word_1_207' title='bbox 1335 1930 1601 1967; x_wconf 83' lang='lat' dir='ltr'>fortiffimum.</span> <span class='ocrx_word' id='word_1_208' title='bbox 1648 1928 1800 1979; x_wconf 87' lang='lat' dir='ltr'>Populo</span> <span class='ocrx_word' id='word_1_209' title='bbox 1827 1941 1916 1965; x_wconf 84' lang='lat' dir='ltr'>vero</span> 
     </span>
     <span class='ocr_line' id='line_1_24' title="bbox 542 1992 1917 2047; baseline -0.009 -6"><span class='ocrx_word' id='word_1_210' title='bbox 542 2002 642 2041; x_wconf 82' lang='lat' dir='ltr'>nihil</span> <span class='ocrx_word' id='word_1_211' title='bbox 676 2001 832 2044; x_wconf 83' lang='lat' dir='ltr'>fortius,</span> <span class='ocrx_word' id='word_1_212' title='bbox 864 1998 965 2036; x_wconf 86' lang='lat' dir='ltr'>nihil</span> <span class='ocrx_word' id='word_1_213' title='bbox 1000 1997 1155 2040; x_wconf 84' lang='lat' dir='ltr'>melius,</span> <span class='ocrx_word' id='word_1_214' title='bbox 1189 1996 1377 2047; x_wconf 79' lang='lat' dir='ltr'>Italiaque</span> <span class='ocrx_word' id='word_1_215' title='bbox 1407 1994 1593 2032; x_wconf 90' lang='lat' dir='ltr'>universa.</span> <span class='ocrx_word' id='word_1_216' title='bbox 1640 1992 1754 2031; x_wconf 83' lang='lat' dir='ltr'>Nihil</span> <span class='ocrx_word' id='word_1_217' title='bbox 1787 2002 1917 2030; x_wconf 87' lang='lat' dir='ltr'>autem</span> 
     </span>
     <span class='ocr_line' id='line_1_25' title="bbox 542 2058 1918 2117; baseline -0.009 -12"><span class='ocrx_word' id='word_1_218' title='bbox 542 2067 685 2106; x_wconf 88' lang='lat' dir='ltr'>foedius</span> <span class='ocrx_word' id='word_1_219' title='bbox 708 2065 893 2117; x_wconf 84' lang='lat' dir='ltr'>Philippo</span> <span class='ocrx_word' id='word_1_220' title='bbox 914 2072 952 2100; x_wconf 93' lang='lat' dir='ltr'>et</span> <span class='ocrx_word' id='word_1_221' title='bbox 973 2062 1110 2099; x_wconf 84' lang='lat' dir='ltr'>Pisone</span> <span class='ocrx_word' id='word_1_222' title='bbox 1131 2060 1281 2112; x_wconf 86' lang='lat' dir='ltr'>legatis,</span> <span class='ocrx_word' id='word_1_223' title='bbox 1313 2059 1415 2097; x_wconf 88' lang='lat' dir='ltr'>nihil</span> <span class='ocrx_word' id='word_1_224' title='bbox 1443 2058 1666 2110; x_wconf 79' lang='lat' dir='ltr'>fiagitiofius</span> <span class='ocrx_word' id='word_1_225' title='bbox 1686 2072 1694 2094; x_wconf 73' lang='grc' dir='ltr'>ε</span> <span class='ocrx_word' id='word_1_226' title='bbox 1727 2058 1796 2108; x_wconf 86' lang='lat' dir='ltr'>qui</span> <span class='ocrx_word' id='word_1_227' title='bbox 1826 2070 1918 2094; x_wconf 88' lang='lat' dir='ltr'>cum</span> 
     </span>
     <span class='ocr_line' id='line_1_26' title="bbox 541 2123 1915 2174; baseline -0.009 -3"><span class='ocrx_word' id='word_1_228' title='bbox 541 2133 659 2171; x_wconf 84' lang='lat' dir='ltr'>effent</span> <span class='ocrx_word' id='word_1_229' title='bbox 679 2130 793 2174; x_wconf 84' lang='lat' dir='ltr'>miffi,</span> <span class='ocrx_word' id='word_1_230' title='bbox 826 2138 869 2166; x_wconf 89' lang='lat' dir='ltr'>ut</span> <span class='ocrx_word' id='word_1_231' title='bbox 890 2128 1066 2165; x_wconf 89' lang='lat' dir='ltr'>Antonio</span> <span class='ocrx_word' id='word_1_232' title='bbox 1086 2139 1132 2163; x_wconf 81' lang='lat' dir='ltr'>ex</span> <span class='ocrx_word' id='word_1_233' title='bbox 1153 2125 1303 2162; x_wconf 86' lang='lat' dir='ltr'>senatus</span> <span class='ocrx_word' id='word_1_234' title='bbox 1329 2125 1516 2162; x_wconf 84' lang='lat' dir='ltr'>sententia</span> <span class='ocrx_word' id='word_1_235' title='bbox 1536 2132 1655 2160; x_wconf 82' lang='lat' dir='ltr'>certas</span> <span class='ocrx_word' id='word_1_236' title='bbox 1678 2135 1734 2159; x_wconf 87' lang='lat' dir='ltr'>res</span> <span class='ocrx_word' id='word_1_237' title='bbox 1756 2123 1915 2160; x_wconf 81' lang='lat' dir='ltr'>nuntia-</span> 
     </span>
     <span class='ocr_line' id='line_1_27' title="bbox 543 2187 1916 2242; baseline -0.009 -7"><span class='ocrx_word' id='word_1_238' title='bbox 543 2206 656 2242; x_wconf 81' lang='lat' dir='ltr'>rent;</span> <span class='ocrx_word' id='word_1_239' title='bbox 688 2209 780 2233; x_wconf 92' lang='lat' dir='ltr'>cum</span> <span class='ocrx_word' id='word_1_240' title='bbox 801 2194 867 2231; x_wconf 78' lang='lat' dir='ltr'>ille</span> <span class='ocrx_word' id='word_1_241' title='bbox 888 2206 1019 2230; x_wconf 83' lang='lat' dir='ltr'>earum</span> <span class='ocrx_word' id='word_1_242' title='bbox 1047 2204 1173 2229; x_wconf 85' lang='lat' dir='ltr'>rerum</span> <span class='ocrx_word' id='word_1_243' title='bbox 1205 2190 1305 2227; x_wconf 88' lang='lat' dir='ltr'>nulli</span> <span class='ocrx_word' id='word_1_244' title='bbox 1332 2189 1525 2242; x_wconf 76' lang='lat' dir='ltr'>paruisset,</span> <span class='ocrx_word' id='word_1_245' title='bbox 1558 2188 1661 2226; x_wconf 83' lang='lat' dir='ltr'>ultro</span> <span class='ocrx_word' id='word_1_246' title='bbox 1692 2187 1738 2223; x_wconf 89' lang='lat' dir='ltr'>ab</span> <span class='ocrx_word' id='word_1_247' title='bbox 1771 2187 1841 2224; x_wconf 84' lang='lat' dir='ltr'>illo</span> <span class='ocrx_word' id='word_1_248' title='bbox 1870 2187 1916 2224; x_wconf 87' lang='lat' dir='ltr'>ad</span> 
     </span>
     <span class='ocr_line' id='line_1_28' title="bbox 542 2252 1914 2310; baseline -0.009 -10"><span class='ocrx_word' id='word_1_249' title='bbox 542 2276 612 2300; x_wconf 86' lang='lat' dir='ltr'>nos</span> <span class='ocrx_word' id='word_1_250' title='bbox 633 2259 893 2299; x_wconf 85' lang='lat' dir='ltr'>intolerabilia</span> <span class='ocrx_word' id='word_1_251' title='bbox 913 2257 1101 2310; x_wconf 81' lang='lat' dir='ltr'>postulata</span> <span class='ocrx_word' id='word_1_252' title='bbox 1121 2255 1352 2293; x_wconf 89' lang='lat' dir='ltr'>retulerunt.</span> <span class='ocrx_word' id='word_1_253' title='bbox 1398 2256 1533 2306; x_wconf 86' lang='lat' dir='ltr'>Itaque</span> <span class='ocrx_word' id='word_1_254' title='bbox 1553 2253 1599 2290; x_wconf 84' lang='lat' dir='ltr'>ad</span> <span class='ocrx_word' id='word_1_255' title='bbox 1622 2265 1690 2289; x_wconf 80' lang='lat' dir='ltr'>nos</span> <span class='ocrx_word' id='word_1_256' title='bbox 1712 2252 1914 2289; x_wconf 87' lang='lat' dir='ltr'>concurri-</span> 
     </span>
     <span class='ocr_line' id='line_1_29' title="bbox 542 2316 1914 2377; baseline -0.009 -12"><span class='ocrx_word' id='word_1_257' title='bbox 542 2338 634 2372; x_wconf 79' lang='lat' dir='ltr'>tur3</span> <span class='ocrx_word' id='word_1_258' title='bbox 667 2326 835 2377; x_wconf 63' lang='lat' dir='ltr'>faetique</span> <span class='ocrx_word' id='word_1_259' title='bbox 850 2325 932 2376; x_wconf 90' lang='lat' dir='ltr'>jam</span> <span class='ocrx_word' id='word_1_260' title='bbox 953 2323 993 2360; x_wconf 90' lang='lat' dir='ltr'>in</span> <span class='ocrx_word' id='word_1_261' title='bbox 1014 2335 1053 2359; x_wconf 88' lang='lat' dir='ltr'>re</span> <span class='ocrx_word' id='word_1_262' title='bbox 1074 2320 1227 2358; x_wconf 87' lang='lat' dir='ltr'>salutari</span> <span class='ocrx_word' id='word_1_263' title='bbox 1249 2320 1451 2372; x_wconf 83' lang='lat' dir='ltr'>populares</span> <span class='ocrx_word' id='word_1_264' title='bbox 1474 2319 1620 2356; x_wconf 87' lang='lat' dir='ltr'>sumus.</span> <span class='ocrx_word' id='word_1_265' title='bbox 1663 2316 1735 2353; x_wconf 88' lang='lat' dir='ltr'>Sed</span> <span class='ocrx_word' id='word_1_266' title='bbox 1756 2326 1797 2354; x_wconf 86' lang='lat' dir='ltr'>tu</span> <span class='ocrx_word' id='word_1_267' title='bbox 1818 2316 1914 2368; x_wconf 88' lang='lat' dir='ltr'>quid</span> 
     </span>
     <span class='ocr_line' id='line_1_30' title="bbox 542 2382 1917 2445; baseline -0.01 -14"><span class='ocrx_word' id='word_1_268' title='bbox 542 2405 686 2445; x_wconf 83' lang='lat' dir='ltr'>agereS,</span> <span class='ocrx_word' id='word_1_269' title='bbox 726 2390 821 2442; x_wconf 90' lang='lat' dir='ltr'>quid</span> <span class='ocrx_word' id='word_1_270' title='bbox 854 2391 1020 2432; x_wconf 65' lang='lat' dir='ltr'>aeturus,</span> <span class='ocrx_word' id='word_1_271' title='bbox 1063 2386 1132 2424; x_wconf 88' lang='lat' dir='ltr'>ubi</span> <span class='ocrx_word' id='word_1_272' title='bbox 1166 2385 1334 2437; x_wconf 88' lang='lat' dir='ltr'>denique</span> <span class='ocrx_word' id='word_1_273' title='bbox 1368 2385 1473 2428; x_wconf 79' lang='lat' dir='ltr'>effes,</span> <span class='ocrx_word' id='word_1_274' title='bbox 1515 2382 1746 2420; x_wconf 79' lang='lat' dir='ltr'>nesciebam.</span> <span class='ocrx_word' id='word_1_275' title='bbox 1798 2382 1917 2419; x_wconf 87' lang='lat' dir='ltr'>Fama</span> 
     </span>
     <span class='ocr_line' id='line_1_31' title="bbox 544 2448 1913 2503; baseline -0.01 -6"><span class='ocrx_word' id='word_1_276' title='bbox 544 2457 749 2497; x_wconf 86' lang='lat' dir='ltr'>nuntiabat</span> <span class='ocrx_word' id='word_1_277' title='bbox 783 2464 819 2494; x_wconf 89' lang='lat' dir='ltr'>te</span> <span class='ocrx_word' id='word_1_278' title='bbox 854 2454 917 2492; x_wconf 82' lang='lat' dir='ltr'>ifl‘e</span> <span class='ocrx_word' id='word_1_279' title='bbox 951 2454 991 2491; x_wconf 91' lang='lat' dir='ltr'>in</span> <span class='ocrx_word' id='word_1_280' title='bbox 1025 2452 1199 2503; x_wconf 89' lang='lat' dir='ltr'>Syriam:</span> <span class='ocrx_word' id='word_1_281' title='bbox 1232 2452 1363 2487; x_wconf 63' lang='lat' dir='ltr'>auetor</span> <span class='ocrx_word' id='word_1_282' title='bbox 1396 2459 1475 2487; x_wconf 85' lang='lat' dir='ltr'>erat</span> <span class='ocrx_word' id='word_1_283' title='bbox 1506 2461 1635 2486; x_wconf 90' lang='lat' dir='ltr'>nemo.</span> <span class='ocrx_word' id='word_1_284' title='bbox 1683 2448 1744 2484; x_wconf 83' lang='lat' dir='ltr'>De</span> <span class='ocrx_word' id='word_1_285' title='bbox 1778 2448 1913 2490; x_wconf 89' lang='lat' dir='ltr'>Bruto,</span> 
     </span>
     <span class='ocr_line' id='line_1_32' title="bbox 542 2511 1911 2578; baseline -0.011 -16"><span class='ocrx_word' id='word_1_286' title='bbox 542 2536 624 2578; x_wconf 91' lang='lat' dir='ltr'>quo</span> <span class='ocrx_word' id='word_1_287' title='bbox 653 2521 813 2575; x_wconf 90' lang='lat' dir='ltr'>propius</span> <span class='ocrx_word' id='word_1_288' title='bbox 848 2519 914 2565; x_wconf 93' lang='lat' dir='ltr'>est,</span> <span class='ocrx_word' id='word_1_289' title='bbox 946 2532 991 2557; x_wconf 88' lang='lat' dir='ltr'>eo</span> <span class='ocrx_word' id='word_1_290' title='bbox 1025 2517 1197 2555; x_wconf 89' lang='lat' dir='ltr'>firmiora</span> <span class='ocrx_word' id='word_1_291' title='bbox 1229 2514 1409 2554; x_wconf 90' lang='lat' dir='ltr'>videntur</span> <span class='ocrx_word' id='word_1_292' title='bbox 1443 2514 1515 2552; x_wconf 84' lang='lat' dir='ltr'>effe</span> <span class='ocrx_word' id='word_1_293' title='bbox 1548 2527 1634 2565; x_wconf 86' lang='lat' dir='ltr'>quae</span> <span class='ocrx_word' id='word_1_294' title='bbox 1669 2511 1911 2550; x_wconf 83' lang='lat' dir='ltr'>nuntiantur.</span> 
     </span>
    </p>
   </div>
  </div>
 </body>
</html>
