2351 2997
1140 263 1339 315 [28]

789 517 1695 564 EPISTOLARUM

615 737 788 796 AD
915 737 1870 800 FAMILIARES.

1035 958 1311 994 LIBER
1397 958 1457 994 ΙΙ.

847 1151 910 1188 M.
943 1152 996 1188 T.
1030 1151 1078 1189 C.
1113 1152 1161 1189 C.
1196 1152 1480 1189 CUR10N1.
1526 1151 1563 1188 S.
1596 1151 1649 1189 D.

562 1280 593 1317 Ι.
735 1279 1103 1330 UANQUAM
1147 1293 1209 1316 me
1245 1280 1404 1317 nomine
1439 1279 1685 1331 negligentiae
1721 1278 1938 1331 suspetstum

751 1345 824 1382 tibi
857 1344 927 1382 efl'e
959 1344 1099 1388 dole03
1133 1353 1262 1381 tamen
1293 1358 1370 1382 non
1401 1354 1481 1382 tam
1511 1343 1612 1381 mihi
1633 1344 1840 1382 molestum
1860 1343 1939 1382 fuit

560 1410 727 1449 accusari
748 1410 814 1447 abs
836 1419 873 1446 te
893 1409 1070 1446 officium
1092 1423 1239 1454 meum,
1263 1424 1379 1461 quam
1396 1409 1619 1461 jucundum
1642 1409 1811 1461 requiri3
1838 1423 1938 1461 prae-

563 1477 694 1515 sertim
716 1489 808 1513 cum
835 1476 876 1513 in
898 1489 976 1526 quo
1003 1474 1220 1520 accusabar,
1252 1476 1367 1528 culpa
1396 1489 1596 1513 vacarem:
1629 1475 1670 1512 in
1700 1489 1779 1527 quo
1808 1483 1939 1512 autem

562 1542 769 1580 desiderare
791 1551 827 1579 te
848 1541 1088 1592 significabas
1112 1555 1212 1578 meas
1234 1542 1377 1586 literas,
1404 1555 1481 1593 prae
1503 1550 1539 1578 te
1558 1540 1675 1578 ferres
1696 1541 1939 1593 perspe6³mm

561 1607 662 1646 mihi
682 1607 858 1660 quidem,
891 1606 952 1644 sed
983 1615 1110 1643 tamen
1133 1606 1290 1644 dulcem
1311 1616 1349 1644 et
1378 1616 1572 1658 optatum,
1604 1619 1776 1643 amorem
1806 1614 1937 1643 tuum.

562 1674 761 1726 Equidem
782 1673 980 1710 neminem
1002 1672 1239 1723 praetermifi,
1271 1686 1391 1724 quem
1417 1672 1577 1724 quidem
1599 1671 1644 1708 ad
1672 1680 1708 1709 te
1729 1680 1940 1723 perventu-

564 1754 651 1777 rum
673 1748 863 1791 putarem,
896 1739 960 1775 cui
981 1738 1109 1774 literas
1132 1751 1209 1775 non
1232 1737 1419 1776 dederim.
1465 1738 1626 1775 Etenim
1656 1737 1744 1789 quis
1776 1737 1828 1774 est
1861 1746 1940 1774 tam

564 1805 766 1843 scribendo
787 1804 968 1855 impiger,
1001 1817 1119 1855 quam
1139 1817 1212 1855 ego
1231 1805 1243 1840 ?
1276 1805 1312 1841 A
1340 1812 1377 1841 te
1398 1817 1486 1840 vero
1515 1803 1573 1840 bis
1599 1811 1702 1840 terve
1723 1802 1938 1846 summum,

564 1880 601 1908 et
631 1884 690 1908 eas
721 1870 938 1922 perbreves,
970 1869 1115 1920 accepi.
1163 1870 1293 1920 Qare
1326 1869 1353 1906 fi
1383 1868 1543 1921 iniquus
1571 1881 1609 1905 es
1642 1868 1683 1905 in
1713 1881 1775 1905 me
1799 1866 1938 1919 judex,

564 1935 835 1973 condemnabo
855 1934 991 1971 eodem
1019 1947 1091 1985 ego
1119 1943 1155 1971 te
1183 1934 1374 1972 crimine:
1407 1933 1462 1971 fin
1494 1947 1557 1970 me
1589 1933 1628 1969 id
1659 1931 1784 1970 facere
1815 1932 1938 1976 noles,

567 2012 602 2039 te
633 2001 735 2039 mihi
769 2014 924 2052 :equum
958 2000 1124 2052 praebere
1159 1999 1333 2038 debebis.
1379 1998 1452 2037 Sed
1486 1998 1532 2036 de
1566 1998 1688 2036 literis
1723 1997 1936 2036 haetenus:

564 2081 642 2105 non
672 2067 778 2104 enim
807 2079 938 2103 vereor
967 2079 1013 2102 ne
1045 2078 1122 2102 non
1152 2065 1356 2103 scribendo
1382 2074 1420 2103 te
1445 2064 1650 2116 expleam3
1682 2063 1893 2116 praesertim
1914 2063 1940 2100 fi

564 2134 603 2169 in
626 2145 670 2169 eo
691 2144 828 2183 genere
847 2130 1019 2167 studium
1040 2144 1174 2169 meum
1195 2144 1273 2167 non
1294 2129 1553 2182 aspernabere.
1601 2129 1688 2180 Ego
1715 2138 1751 2165 te
1780 2127 1941 2166 abfuiffe

566 2197 714 2235 tamdiu
736 2210 756 2233 a
776 2195 890 2233 nobis
911 2204 948 2233 et
970 2195 1097 2241 doleo,
1129 2195 1234 2249 quod
1255 2195 1361 2232 carui
1391 2193 1520 2232 fruetu
1534 2193 1822 2246 jucundiffimae
1843 2206 1939 2230 con-

565 2262 778 2300 suetudinis
813 2271 916 2306 tuae;
949 2270 986 2298 et
1018 2261 1140 2306 laetor,
1173 2260 1278 2313 quod
1311 2260 1444 2298 absens
1478 2260 1611 2297 omnia
1644 2273 1736 2296 cum
1770 2259 1942 2296 maxima

564 2328 754 2380 dignitate
775 2340 813 2364 es
835 2326 1080 2371 consecutus,
1112 2326 1296 2379 quodque
1322 2325 1363 2362 in
1385 2324 1570 2362 omnibus
1597 2324 1675 2362 tuis
1702 2324 1816 2361 rebus
1843 2323 1940 2361 meis

564 2394 706 2446 optatis
728 2391 885 2429 fortuna
905 2392 1116 2444 respondit.
1164 2392 1284 2429 Breve
1315 2390 1367 2427 est
1399 2389 1505 2442 quod
1537 2403 1599 2427 me
1631 2389 1705 2428 tibi
1735 2389 1941 2441 praecipere

564 2472 673 2497 meus
704 2457 946 2496 incredibilis
976 2458 1017 2494 in
1049 2467 1086 2494 te
1114 2470 1222 2494 amor
1251 2456 1386 2508 cogit:
1421 2464 1526 2493 tanta
1553 2455 1605 2493 est
1635 2454 1850 2507 expe&atio
1880 2454 1940 2491 vel

563 2525 699 2569 animi,
723 2524 790 2562 vel
820 2523 969 2575 ingenii
1001 2523 1072 2568 tui,
1104 2532 1148 2561 ut
1177 2535 1250 2574 ego
1280 2531 1317 2559 te
1347 2520 1543 2560 obsecrare
1573 2521 1832 2573 obtestarique
1862 2533 1940 2557 non
