2351 2997
558 333 651 371 AD
712 331 1177 370 FAMILIARES
1238 331 1369 369 LIB.
1422 331 1516 370 XII.
1652 345 1726 384 329

455 565 518 603 M.
552 568 605 605 T.
639 568 867 604 CxcERo
910 567 1375 617 QCoRN1FIC1o
1417 567 1454 604 5.
1488 566 1532 603 Ρ.
1566 567 1619 603 D.

348 694 544 732 XXVIII.
569 693 1005 764 ASSENTIOR
1038 693 1125 737 tibi,
1157 707 1237 739 eos,
1269 708 1366 746 quos
1394 693 1527 730 scribis
1550 693 1726 743 Lilybaeo

669 759 825 804 minari,
857 758 941 796 istic
962 771 1095 810 poenas
1117 758 1204 796 dare
1226 759 1395 798 debuiffe
1414 774 1422 796 :
1457 758 1518 795 sed
1540 758 1725 802 metuisti,

346 833 388 861 ut
408 824 477 868 ais,
509 837 556 861 ne
578 823 696 861 nimis
718 824 818 862 liber
839 824 879 861 in
902 823 1126 862 ulciscendo
1147 824 1332 863 viderere.
1380 823 1559 861 Metuisti
1590 824 1725 875 igitur,

345 903 393 926 ne
413 890 537 941 gravis
559 890 671 933 civis,
704 903 751 926 ne
773 890 890 927 nimis
911 889 1040 934 fortis,
1073 903 1120 927 ne
1142 890 1259 928 nimis
1286 900 1322 928 te
1352 890 1510 942 dignus,
1542 888 1725 927 viderere.

345 956 465 1006 Qod
486 955 709 993 societatem
731 955 956 1007 reipublicae
976 955 1257 1001 conservandae‚
1290 956 1364 994 tibi
1385 969 1542 993 mecum
1572 968 1593 992 a
1622 964 1729 1006 patre

344 1031 558 1074 acceptam,
581 1035 754 1065 renovas,
777 1030 934 1073 gratum
952 1021 1004 1058 est
1023 1037 1031 1059 :
1064 1035 1150 1073 quae
1172 1022 1330 1060 societas
1351 1023 1452 1060 inter
1473 1034 1541 1059 nos
1564 1020 1726 1072 semper,

345 1087 401 1125 mi
424 1087 629 1132 Cornifici,
661 1087 850 1125 manebit.
899 1088 1069 1125 Gratum
1097 1088 1217 1125 etiam
1248 1087 1362 1133 illud,
1393 1087 1498 1139 quod
1529 1086 1630 1125 mihi
1661 1096 1728 1124 tuo

344 1152 505 1189 nomine
525 1152 664 1203 gratias
686 1151 850 1202 agendas
872 1165 950 1189 non
972 1160 1083 1203 putas
1104 1167 1112 1189 :
1146 1165 1216 1189 nec
1246 1153 1351 1189 enim
1382 1152 1421 1189 id
1452 1152 1553 1189 inter
1578 1165 1647 1189 nos
1668 1150 1727 1188 fa-

342 1230 430 1254 cere
451 1217 653 1255 debemus.
701 1218 860 1254 Senatus
891 1217 1026 1269 saepius
1057 1230 1128 1269 pro
1158 1217 1348 1268 dignitate
1369 1226 1434 1254 tua
1454 1216 1727 1269 appellaretur,

344 1282 386 1326 fi,
418 1282 640 1319 absentibus
662 1281 905 1326 consulibus,
938 1295 1128 1333 unquam,
1160 1282 1229 1319 nifi
1252 1282 1297 1319 ad
1319 1296 1400 1320 rem
1423 1296 1577 1327 novam,
1610 1295 1728 1334 coge-

345 1356 464 1385 retur.
512 1349 648 1400 Itaque
678 1361 748 1385 nec
779 1347 826 1385 de
856 1348 948 1384 H-S
972 1361 1046 1385 xx.
1079 1361 1150 1385 nec
1175 1348 1222 1385 de
1244 1349 1335 1385 H-S
1360 1361 1479 1394 mec,
1511 1348 1729 1401 quidquam

345 1413 406 1466 agi
427 1427 533 1451 nunc
553 1427 621 1466 per
641 1413 816 1451 senatum
836 1412 974 1466 potest.
1022 1413 1120 1451 Tibi
1149 1422 1280 1451 autem
1304 1427 1351 1452 ex
1373 1414 1730 1454 senatus-consulto

342 1479 617 1531 imperandum
656 1488 922 1531 mutuumque
961 1478 1197 1517 sumendum
1235 1479 1385 1518 censeo..
1444 1481 1490 1517 In
1530 1481 1731 1532 republica

339 1544 440 1597 quid
469 1553 619 1596 agatur,
650 1544 765 1582 credo
795 1553 832 1582 te
861 1558 909 1583 ex
938 1558 1075 1582 eorum
1105 1544 1227 1583 literis
1258 1545 1504 1597 cognoscere,
1536 1546 1606 1598 qui
1627 1547 1672 1584 ad
1695 1556 1734 1584 te

343 1611 425 1646 aeta
452 1609 596 1647 debent
625 1609 874 1661 perscribere.
921 1610 1009 1660 Ego
1041 1608 1126 1646 sum
1156 1609 1220 1661 spe
1250 1610 1378 1647 bona:
1411 1610 1588 1656 confilio,
1624 1625 1728 1657 cura,

344 1675 492 1719 labore,
536 1688 613 1712 non
654 1674 815 1712 desum:
862 1675 1047 1712 omnibus
1088 1675 1261 1713 inimicis
1302 1675 1527 1727 reipublicae
1562 1677 1633 1715 esse
1667 1692 1731 1716 me

342 1741 577 1779 acerrimum
599 1740 748 1778 hostem
770 1755 846 1793 prae
867 1754 929 1777 me
949 1739 1047 1778 fero.
1091 1741 1170 1778 Res
1192 1754 1317 1793 neque
1339 1755 1444 1778 nunc
1466 1741 1619 1779 difficili
1641 1743 1729 1781 loco

343 1806 445 1845 mihi
466 1807 618 1845 videtur
642 1806 741 1852 effe3
774 1816 811 1844 et
843 1805 973 1844 fuisset
1005 1806 1212 1853 facillimQ
1244 1807 1270 1845 fi
1301 1807 1417 1860 culpa
1445 1821 1464 1845 a
1493 1807 1728 1859 quibusdam

345 1872 537 1911 abfuisset.
571 1872 681 1911 Vale,

431 2074 495 2113 M.
529 2075 582 2112 Τ.
616 2075 858 2113 C1CERO
900 2078 1389 2129 QCORNIFICIO
1432 2077 1470 2115 S.
1503 2076 1548 2115 P.
1582 2078 1636 2116 D.

342 2203 498 2241 XXIX.
522 2201 607 2273 N
627 2204 663 2240 O
680 2203 720 2241 N
751 2204 871 2241 modo
902 2205 991 2249 tibi,
1023 2205 1086 2242 cui
1109 2205 1242 2243 omnia
1262 2205 1388 2243 nostra
1407 2205 1602 2243 notiffima
1623 2206 1726 2251 sunt,

633 2268 694 2306 sed
715 2270 916 2308 neminem
938 2271 977 2308 in
1000 2271 1148 2323 populo
1166 2272 1348 2309 Romano
1368 2271 1535 2309 arbitror
1555 2272 1640 2317 effe,
1664 2274 1728 2311 cui

343 2333 387 2371 fit
408 2333 542 2385 ignota
562 2346 605 2371 ea
624 2332 883 2381 familiaritas,
901 2350 986 2388 quae
1007 2335 1109 2374 mihi
1129 2350 1223 2374 cum
1244 2337 1292 2375 L.
1313 2337 1451 2375 Lamia
1465 2336 1532 2375 est.
1566 2338 1727 2374 Etenim

342 2412 486 2450 magno
507 2398 659 2437 theatro
680 2399 843 2452 spe&ata
863 2401 915 2439 est
937 2411 1037 2447 tum,
1056 2415 1149 2439 cum
1166 2402 1219 2439 est
1238 2402 1285 2440 ab
1306 2404 1358 2441 A.
1376 2402 1550 2441 Gabinio
1571 2402 1729 2440 consule

344 2464 552 2516 relegatus,
585 2465 691 2516 quod
721 2465 841 2503 libere
873 2475 912 2504 et
941 2466 1097 2505 fortiter
1128 2467 1291 2506 salutem
1324 2482 1451 2506 meam
1484 2466 1723 2505 defendiffet.

342 2530 431 2568 Nec
452 2544 499 2568 ex
526 2544 572 2568 eo
599 2543 708 2569 amor
735 2532 837 2570 inter
862 2546 931 2570 nos
962 2542 1074 2570 natus
1102 2532 1182 2577 est;
1215 2533 1279 2571 sed
1308 2534 1415 2585 quod
1445 2542 1524 2570 erat
1551 2541 1659 2569 vetus
1690 2542 1728 2570 et

344 2608 525 2647 magnus,
556 2606 760 2648 propterea
786 2597 943 2637 nullum
969 2598 1192 2650 periculum
1220 2612 1291 2650 pro
1312 2612 1375 2636 me
1395 2597 1497 2636 adire
1519 2597 1723 2637 dubitavit,

424 2662 566 2700 TOM.
600 2662 695 2702 VH.
1347 2664 1384 2702 T
1415 2672 1431 2701 t
