2351 2997
579 251 629 293 50
923 240 1607 278 EPISTOLARUM

577 341 659 392 ejus
680 340 803 378 oratio
823 337 916 384 fuit,
948 352 1040 376 cum
1061 338 1107 376 de
1128 340 1260 376 animo
1283 347 1365 384 tuO,
1397 353 1489 378 cum
1511 339 1557 378 de
1578 339 1838 385 sermonibus,
1861 352 1962 391 quos

578 405 625 443 de
645 419 708 444 me
727 404 887 442 haberes
910 404 1101 456 quotidie,
1134 403 1234 441 mihi
1267 414 1449 443 narraret.
1494 405 1604 456 Qid
1635 405 1806 458 quaeris?
1839 405 1963 443 biduo

578 470 700 508 factus
731 470 783 507 est
810 469 911 507 mihi
944 468 1176 513 familiaris;
1210 468 1262 506 ita
1290 478 1418 506 tamen
1452 479 1495 507 ut
1528 470 1718 508 Phaniam
1750 470 1859 508 valde
1891 471 1961 509 s1m

578 536 855 573 desideraturus
873 549 881 572 :
915 547 1032 585 quem
1053 547 1146 571 cum
1168 534 1339 571 Romam
1361 535 1551 579 remittes,
1583 535 1688 586 quod
1713 536 1774 586 (ut
1795 536 1961 587 putaba-

579 600 686 650 mus)
711 600 886 637 celeriter
906 612 985 636 eras
1014 598 1201 644 facturus,
1232 599 1418 637 omnibus
1451 600 1486 636 ei
1518 600 1564 637 de
1597 600 1726 643 rebus,
1758 613 1852 651 quas
1883 602 1960 652 agi,

577 679 671 717 quas
693 665 833 710 curari,
851 678 872 702 a
888 678 950 702 me
966 664 1086 708 voles,
1105 664 1283 702 mandata
1304 665 1369 702 des
1391 666 1524 703 velim.
1558 666 1606 703 L.
1622 665 1824 703 Valerium
1840 666 1961 717 juris-

579 730 804 768 consultum
826 729 935 767 valde
956 729 1031 767 tibi
1052 729 1287 768 commendo
1307 745 1314 767 :
1349 730 1411 767 sed
1442 730 1494 767 ita
1514 730 1647 775 etiam,
1680 730 1705 768 fi
1727 743 1806 768 non
1826 730 1879 768 est
1893 731 1962 782 ju-

580 796 849 835 risconsultus.
882 795 1031 833 Melius
1052 796 1158 833 enim
1180 796 1213 833 ei
1236 808 1368 833 cavere
1388 796 1492 840 volo,
1511 809 1629 848 quam
1650 795 1728 848 ipse
1745 796 1829 834 aliis
1852 795 1962 835 solet.

580 861 704 900 Valde
725 861 931 900 hominem
952 861 1103 912 diligo:
1136 860 1188 898 est
1217 874 1264 899 ex
1295 862 1391 899 meis
1422 861 1643 900 domesticis
1668 871 1783 913 atque
1810 861 1964 900 intimis

580 927 855 965 familiaribus.
889 927 1069 964 Omnino
1091 927 1164 964 tibi
1185 927 1265 978 agit
1285 927 1426 978 gratias
1445 943 1454 966 ε
1479 927 1541 965 sed
1562 927 1668 964 idem
1689 927 1837 971 scribit,
1861 940 1966 965 meas

580 992 710 1030 literas
733 993 953 1030 maximum
975 991 1077 1043 apud
1099 1001 1135 1030 te
1156 992 1309 1044 pondus
1331 991 1543 1030 habituras.
1592 992 1636 1030 Id
1657 1005 1748 1029 eum
1770 1005 1818 1029 ne
1838 991 1964 1037 fallat,

581 1068 619 1096 te
639 1059 756 1096 etiam
778 1068 893 1108 atque
914 1057 1031 1094 etiam
1053 1070 1161 1108 rogo.
1195 1057 1305 1094 Vale.

594 1258 656 1295 M.
681 1258 734 1294 T.
759 1257 808 1294 C.
844 1256 1162 1294 PRocoNsnL
1195 1256 1362 1293 APP10
1395 1256 1650 1294 PULCHRO
1684 1257 1798 1294 ΙΜΡ.
1837 1257 1874 1295 S.
1900 1257 1956 1294 D,

588 1386 641 1423 II.
662 1385 728 1457 C
747 1386 784 1422 U
802 1385 851 1422 M
880 1394 918 1422 et
946 1393 1082 1422 contra
1107 1384 1351 1421 voluntatem
1372 1396 1500 1420 meam
1521 1393 1558 1421 et
1579 1392 1715 1435 praeter
1736 1384 1965 1436 opinionem

760 1450 970 1494 accidiffet,
1002 1459 1045 1487 ut
1076 1448 1177 1486 mihi
1207 1463 1300 1486 cum
1329 1449 1495 1499 imperio
1517 1449 1555 1488 in
1578 1449 1821 1500 provinciam
1843 1449 1965 1502 profi-

583 1515 674 1554 cisci
695 1515 840 1554 neceffe
856 1515 960 1560 effet,
979 1515 1018 1552 in
1042 1514 1177 1552 multis
1195 1523 1232 1551 et
1248 1514 1361 1551 variis
1378 1513 1564 1550 molestiis
1583 1515 1966 1566 cogitationibusqtie

583 1583 679 1619 meis
700 1581 783 1619 haec
805 1595 880 1618 una
900 1580 1113 1618 consolatio
1134 1580 1378 1623 occurrebat,
1409 1579 1516 1630 quod
1548 1592 1671 1630 neque
1694 1579 1766 1616 tibi
1788 1580 1965 1623 amicior,

582 1661 701 1698 quam
722 1660 794 1698 ego
816 1646 915 1690 sum,
946 1645 1152 1697 quisquam
1177 1644 1298 1696 poffet
1328 1643 1543 1688 succedere,
1576 1658 1701 1696 neque
1722 1658 1795 1695 ego
1815 1645 1862 1682 ab
1884 1645 1967 1682 ullo

584 1713 826 1764 provinciam
847 1712 1035 1764 accipere,
1067 1711 1135 1762 qui
1165 1710 1299 1747 mallet
1329 1723 1413 1747 eam
1434 1709 1535 1747 mihi
1566 1723 1683 1761 quam
1705 1710 1876 1748 maxime
1896 1724 1965 1762 ap—

584 1789 664 1816 tam
684 1778 996 1830 explicatamque
1019 1776 1179 1814 tradere.
1203 1775 1323 1826 Qod
1344 1775 1370 1812 fi
1391 1784 1434 1812 tu
1456 1788 1613 1826 quoque
1633 1775 1862 1813 eandemde
1882 1789 1969 1813 mea

583 1845 784 1882 voluntate
804 1856 893 1894 erga
915 1852 951 1880 te
972 1842 1077 1893 spem
1098 1840 1232 1885 habes,
1263 1854 1306 1878 ea
1335 1849 1372 1878 te
1402 1839 1576 1892 profecto
1605 1854 1808 1892 nunquam
1839 1840 1963 1880 fallet.

584 1912 619 1947 A
643 1919 679 1946 te
707 1908 881 1946 maximo
910 1921 1039 1959 opere,
1072 1919 1141 1958 pro
1173 1905 1297 1943 nostra
1327 1905 1479 1942 summa
1510 1906 1787 1957 conjunctione
1822 1915 1966 1958 tuaque

586 1974 767 2026 singulari
787 1972 1046 2017 humanitate,
1068 1972 1186 2009 etiam
1206 1981 1321 2022 atque
1342 1971 1458 2008 etiam
1476 1971 1603 2022 quaeso
1620 1979 1657 2008 et
1673 1981 1778 2023 peto,
1798 1980 1855 2016 ut,
1873 1972 1965 2023 qui-

585 2039 813 2091 buscunque
840 2038 954 2075 rebus
985 2038 1144 2089 poteris,
1179 2036 1341 2088 (poteris
1372 2045 1501 2073 autem
1531 2036 1731 2087 plurimis)
1756 2036 1966 2088 prospicias

584 2115 623 2142 et
643 2104 819 2142 consulas
841 2103 1058 2142 rationibus
1080 2102 1191 2140 meis.
1216 2102 1336 2139 Vides
1358 2115 1404 2140 ex
1426 2101 1783 2139 senatus-consulto
1803 2102 1966 2154 provin-

585 2170 687 2207 ciam
706 2169 778 2206 efl‘e
798 2168 1042 2206 habendam:
1067 2168 1092 2205 fi
1114 2181 1197 2205 eam
1222 2166 1366 2219 (quoad
1388 2168 1469 2218 ejus
1490 2165 1614 2204 facere
1636 2166 1827 2218 potueris)
1848 2180 1967 2219 quam

583 2234 907 2287 expeditissimam
924 2232 1024 2271 mihi
1042 2232 1257 2277 tradideris,
1276 2231 1430 2269 facilior
1445 2232 1517 2270 erit
1538 2231 1639 2269 mihi
1659 2232 1763 2284 quafi
1785 2232 1966 2269 decursus

585 2300 663 2337 mei
685 2299 887 2351 temporis.
935 2298 1043 2350 Qid
1075 2298 1114 2335 in
1145 2311 1190 2335 eo
1220 2311 1359 2349 genere
1388 2297 1538 2335 efficere
1568 2297 1697 2349 poflis,
1730 2298 1789 2334 tui
1818 2297 1969 2335 consilii

584 2365 652 2402 est.
697 2366 783 2416 Ego
816 2374 867 2409 te,
899 2364 1005 2416 quod
1028 2364 1101 2401 tibi
1126 2363 1255 2401 veniet
1277 2363 1317 2400 in
1338 2372 1513 2400 mentem
1534 2376 1619 2400 mea
1639 2363 1827 2407 interesse,
1859 2362 1969 2400 valde

584 2444 693 2482 rogo.
738 2429 922 2467 Pluribus
951 2429 1077 2467 verbis
1111 2428 1157 2465 ad
1190 2437 1227 2466 te
1259 2428 1481 2473 scriberem,
1513 2429 1539 2466 si
1566 2438 1632 2467 aut
1659 2438 1724 2466 tua
1743 2428 1967 2467 humanitas

585 2496 803 2547 longiorem
835 2494 1051 2534 orationem
1084 2494 1315 2546 expedhiret,
1347 2502 1412 2532 aut
1446 2492 1485 2532 id
1519 2493 1602 2532 fieri
1633 2492 1760 2532 nostra
1790 2492 1966 2532 amicitia
