2351 2997
623 264 715 301 AD
774 262 1234 301 FAMILIARES
1294 264 1425 302 LIB.
1474 266 1547 304 XI.
1702 269 1775 321 285

400 360 525 398 literas
548 359 732 412 diligenter
757 361 892 412 legeris.
938 361 1046 413 Sequi
1074 362 1245 414 confi’stim
1274 364 1473 402 Antonium
1502 364 1556 402 his
1584 365 1623 402 de
1654 379 1720 403 cau
1734 382 1778 410 ts,

404 425 539 468 Cicero,
570 439 637 463 non
664 426 780 477 potui.
826 428 941 464 Eram
959 428 1040 478 stne
1071 428 1257 480 equitibus,
1277 430 1359 480 stne
1378 430 1551 481 jumentis
1566 447 1578 469 :
1610 431 1777 470 Hostum

393 489 519 541 perfffi'
547 491 758 543 nsssiebam:
791 492 929 543 Casszri
951 505 1018 530 non
1044 493 1236 538 credebam,
1261 496 1468 548 prizsquam
1497 496 1717 549 convenfſjem
1743 505 1780 535 et

400 555 586 593 collocutus
605 556 710 608 estem.
748 557 823 594 Hic
841 556 910 594 dies
929 557 992 595 boc
1009 557 1102 595 modo
1122 558 1224 597 abiit.
1266 561 1406 611 Postero
1426 560 1478 598 die
1496 576 1595 599 mane
1613 577 1636 600 a
1656 563 1739 600 Pan
1755 565 1779 600 a

386 620 473 671 fimi
491 621 669 671 arc-effltus
689 622 896 659 Bononiam.
943 623 1033 659 Cum
1060 622 1097 659 in
1126 623 1252 661 itinere
1270 623 1374 676 estem,
1405 626 1611 664 nuntiatum
1630 627 1719 665 mihi
1734 626 1779 678 est

400 699 476 722 eum
497 695 674 724 mortuum
692 685 762 738 effe.
808 686 967 724 Recurri
983 685 1034 724 ad
1046 701 1137 724 meas
1156 687 1302 739 copiolas
1317 705 1330 727 .·
1346 690 1404 741 stc
1423 691 1510 728 enim
1530 705 1614 728 vere
1633 706 1689 729 eas
1708 701 1776 743 acp-

391 750 528 801 pellare
541 750 683 803 jofficm.
717 752 810 788 Sunt
830 750 1126 802 extenuatiffimae,
1154 761 1189 790 et
1208 753 1323 805 inopia
1344 755 1492 792 omnium
1511 770 1631 793 rerum
1643 757 1779 808 peſjime

397 824 564 866 acceptae.
612 814 725 853 Biduo
755 830 808 853 me
827 816 1009 854 Antonius
1026 817 1200 868 anteeeffi't
1216 835 1227 861 ;
1260 819 1392 857 itinera
1395 820 1495 870 fecit
1515 821 1623 858 multo
1641 821 1776 871 majora

382 880 547 932 fugiens,
572 895 676 934 quam
695 896 754 932 ego
759 883 909 934 sequens
924 898 937 920 .·
967 882 1128 920 illeenim
1145 883 1189 920 iit
1201 883 1335 936 paffim,
1359 899 1418 937 ego
1437 885 1639 924 ordinatim.
1671 888 1775 938 Qta-

397 960 532 998 cunque
562 947 618 991 iit,
653 947 827 999 ergcstztla
840 948 984 999 sol-vim
1021 947 1171 986 homines
1202 950 1390 1002 arripuit,
1426 951 1579 1002 coissitit
1608 954 1777 1005 mfsqlfflm

389 1012 510 1063 prius,
534 1026 637 1064 quam
655 1011 705 1049 ad
723 1011 824 1050 Vada
842 1013 956 1051 venit.
989 1014 1098 1064 Qtem
1116 1014 1225 1052 locum
1246 1016 1323 1054 volo
1341 1015 1411 1053 tibi
1426 1016 1484 1068 effe
1503 1026 1636 1056 notum.
1661 1021 1776 1069 jacet

395 1076 492 1114 inter
511 1077 738 1128 Apenninum
768 1087 802 1115 et
821 1079 945 1130 Alpes,
976 1078 1243 1130 impeditffmus
1261 1079 1313 1118 ad
1337 1081 1408 1118 iter
1412 1081 1635 1133 jaciendum.
1683 1085 1776 1121 Cum

395 1141 532 1194 abeffem
551 1142 595 1180 ab
613 1157 647 1181 eo
662 1143 771 1181 millia
785 1143 944 1195 pafficum
962 1145 1134 1196 triginta,
1151 1156 1186 1183 et
1191 1146 1234 1197 st
1241 1145 1322 1197 jam
1339 1147 1520 1185 Ventidius
1535 1148 1771 1201 conjunx-istit,

394 1207 507 1245 concio
527 1207 597 1258 ejus
615 1207 666 1245 ad
679 1222 731 1246 me
750 1208 794 1260 est
811 1209 938 1254 allata,
968 1210 1005 1247 in
1036 1224 1106 1262 qua
1125 1219 1249 1262 petere
1279 1212 1382 1263 erepit
1410 1227 1433 1250 a
1459 1213 1640 1258 militibus,
1671 1223 1712 1252 ut
1729 1215 1774 1267 st’

393 1281 499 1310 trans
514 1274 867 1325 Al'esstquerentztr
883 1291 896 1312 .·
909 1274 986 1326 stbi
1001 1289 1078 1313 eum
1098 1278 1160 1314 M.
1184 1276 1318 1328 Lepido
1336 1278 1533 1316 convenire.
1566 1280 1771 1318 Succlama-

394 1347 471 1375 tum
490 1338 545 1390 est,
577 1348 611 1376 et
616 1339 836 1391 frequenter
853 1354 877 1377 a
895 1340 1063 1378 militibus
1089 1341 1305 1380 Ventidianis
1327 1343 1352 1397 ζ
1353 1357 1434 1381 nam
1440 1345 1528 1396 suos
1547 1344 1650 1383 valde
1669 1360 1773 1398 quam

386 1411 520 1454 paucos
547 1401 680 1455 habet)
694 1404 772 1455 stbi
796 1414 862 1443 aut
891 1406 927 1444 in
956 1406 1068 1444 Italia
1093 1407 1312 1459 pereundum
1347 1409 1418 1461 effe,
1449 1420 1515 1447 aut
1549 1410 1771 1450 vincendum-

393 1469 518 1506 Etiam
538 1483 641 1507 orare
659 1479 852 1522 oeperunt,
883 1481 925 1509 ut
944 1472 1155 1510 Pollentiam
1184 1474 1255 1511 iter
1258 1473 1446 1525 facerent.
1492 1476 1582 1513 Cum
1598 1476 1772 1528 sustinere

392 1547 444 1570 eos
463 1547 531 1572 non
542 1533 661 1586 postet,
684 1535 720 1572 in
734 1535 906 1587 posterum
923 1535 1008 1574 diem
1025 1537 1096 1574 iter
1100 1537 1211 1589 ficum
1227 1539 1390 1576 contulit.
1423 1540 1508 1577 Hac
1522 1554 1562 1578 re
1576 1541 1664 1578 mihi
1676 1555 1770 1579 nun-

391 1598 500 1643 tiata,
518 1598 645 1651 statim
665 1600 814 1652 quinque
837 1601 993 1639 cohortes
1012 1602 1223 1640 Pollentiam
1249 1603 1418 1654 praemfi‚
1448 1619 1624 1658 meumque
1648 1606 1719 1644 iter
1736 1621 1772 1644 eo

391 1664 534 1701 contuli.
567 1665 673 1702 Hora
691 1674 776 1703 ante
789 1665 992 1717 praestdium
1010 1680 1120 1704 meum
1140 1669 1352 1706 Pollentiam
1368 1669 1482 1713 venit,
1504 1685 1607 1722 quam
1626 1669 1768 1709 ‘Trebel-

390 1727 458 1764 lius
477 1742 555 1766 eum
574 1729 758 1781 equitibus.
803 1730 894 1768 Sane
914 1729 1109 1782 quamsum
1124 1732 1286 1782 gavisus.
1328 1735 1373 1770 In
1393 1734 1456 1771 hoc
1475 1735 1563 1772 enim
1582 1735 1770 1774 vietor-iam

383 1801 474 1844 puto
493 1793 678 1844 confistere.
715 1797 761 1832 In
766 1796 869 1846 spem
888 1805 1077 1840 venerant,
1109 1797 1202 1849 quod
1214 1812 1322 1850 neque
1342 1799 1475 1836 Planci
1491 1810 1644 1852 quatuor
1662 1801 1771 1853 legio-

389 1872 448 1896 nes
472 1858 625 1896 omnibus
630 1861 713 1908 ficis
732 1861 834 1911 copiis
845 1871 955 1912 pares
973 1862 1269 1907 arbitrabantur,
1300 1878 1407 1916 neque
1425 1879 1468 1902 ex
1486 1867 1599 1903 Italia
1618 1875 1693 1904 tam
1711 1881 1769 1905 ce-

387 1924 511 1962 leriter
528 1925 720 1963 exercitum
739 1926 864 1977 trajici
873 1926 963 1979 poffi’
981 1927 1181 1965 eredebant.
1227 1930 1321 1980 Qcos
1346 1930 1411 1981 ipst
1425 1930 1641 1983 adhucstztis
1660 1945 1768 1970 arro-

382 1999 520 2039 ganter
538 1990 757 2042 Allobroges,
789 1991 1032 2044 equitatusque
1050 1995 1170 2037 omnis,
1202 1995 1265 2046 qui
1287 2009 1321 2032 eo
1344 1995 1541 2048 prtem-iffits
1562 2006 1643 2034 erat
1661 2011 1684 2035 a
1703 2012 1768 2035 no-

386 2054 451 2098 bis,
467 2055 713 2106 stistinebant3
744 2057 923 2109 nostroque
937 2058 1096 2096 adventu
1102 2059 1275 2111 sustineri
1276 2060 1430 2111 flzcilius
1441 2061 1531 2114 pff
1550 2062 1767 2114 corfidimus.

387 2117 518 2157 Tamen
525 2120 567 2170 st
585 2134 649 2171 quo
668 2121 774 2158 etiam
793 2123 873 2173 casu
891 2123 1030 2173 Isaram
1035 2124 1079 2174 fi>
1099 2123 1321 2173 trty'ecerint‚
1352 2139 1394 2163 ne
1414 2125 1507 2178 quod
1520 2126 1768 2166 detrimentum

385 2184 585 2235 reipublicae>
603 2184 806 2235 iby'ungant,
823 2186 968 2236 summa
996 2199 1018 2223 a
1045 2186 1141 2224 nobis
1169 2187 1316 2226 dabitur
1344 2198 1461 2240 opera.
1508 2192 1574 2228 Vos
1600 2205 1768 2243 magnum

384 2249 491 2286 anim*
505 2263 539 2286 m
576 2249 807 2302 optimamque
825 2251 929 2302 spem
964 2251 1004 2289 de
1025 2253 1171 2301 summa
1209 2253 1388 2305 republica
1423 2254 1552 2293 habere
1589 2259 1768 2301 volumus„

384 2329 461 2351 cum
495 2323 529 2351 et
563 2329 623 2352 nos
651 2323 686 2352 et
715 2316 889 2354 exercitus
916 2317 1044 2368 nostros
1057 2318 1246 2369 fingulari
1270 2319 1451 2358 concordia
1482 2321 1690 2372 conjunc‘tos‚
1721 2322 1773 2360 ad

384 2379 497 2416 omnia
524 2388 593 2431 pro
623 2380 721 2417 vobis
752 2381 904 2419 videatis
930 2391 1096 2434 paratos.
1144 2383 1215 2421 Sed
1245 2393 1362 2423 tamen
1394 2386 1488 2424 nihil
1513 2386 1554 2424 de
1585 2386 1767 2438 diligentia

383 2444 564 2482 remittere
599 2444 740 2489 debetis,
789 2445 941 2498 dareque
977 2456 1130 2500 operam,
1182 2459 1224 2487 ut
1262 2465 1367 2502 quam
1398 2451 1620 2502 paratffmi
1647 2460 1682 2488 et
1720 2451 1765 2489 ab

381 2509 537 2549 exercitu
566 2510 772 2564 reliquisque
801 2511 904 2550 rebus
925 2520 997 2565 pro
1029 2513 1149 2566 vestra
1167 2515 1292 2567 salute
1319 2525 1447 2555 contra
1464 2516 1767 2569 st2⁷lc·i·atgfflf7,⁷a722
