2351 2997
626 286 718 323 AD
777 283 1239 322 FAMILIARES
1300 285 1431 323 LIB.
1483 287 1533 324 V.
1716 304 1786 342 113

407 385 560 436 tibique
581 396 659 421 non
681 383 978 435 significandum
1000 383 1141 428 solum,
1172 383 1236 421 sed
1264 385 1382 422 etiam
1403 384 1692 430 declarandum,
1724 400 1783 425 ar-

407 450 544 493 bitror,
576 448 677 486 nihil
698 448 799 486 mihi
820 448 891 486 effe
912 447 1074 501 potuiffe
1097 450 1173 486 tuis
1202 449 1324 486 literis
1345 452 1506 501 gratius.
1554 452 1617 488 Ad
1645 452 1783 490 conso-

406 513 567 551 landum
587 522 718 551 autem
739 527 832 551 cum
853 513 921 550 illa
939 513 1082 556 valent,
1114 527 1199 565 quae
1225 514 1420 565 eleganter
1446 516 1678 567 copioseque
1699 517 1783 554 col-

405 578 559 630 legisti;
594 588 680 616 tum
702 578 801 615 nihil
823 578 926 630 plus,
958 591 1075 629 quarn
1097 577 1203 629 quod
1224 578 1510 617 firmitudinem
1530 581 1783 631 gravitatem-

404 641 489 696 que*
511 644 632 682 animi
663 644 721 681 tui
751 643 941 695 perspexi,
972 655 1091 693 quam
1122 656 1199 679 non
1230 643 1375 680 imitari
1397 644 1660 696 turpiffimum
1681 646 1781 683 exis-

404 709 518 747 timo.
563 710 701 760 Itaque
727 707 804 745 hoc
834 708 952 744 etiam
981 706 1185 745 fortiorem
1215 721 1277 744 me
1306 717 1418 759 puto,
1450 722 1568 760 quam
1599 718 1635 746 te
1655 711 1783 761 ipsum

404 782 683 825 praeceptorem
698 771 959 815 fortitudinis,
978 772 1083 823 quod
1105 780 1147 808 tu
1163 771 1265 809 mihi
1285 772 1414 810 videre
1430 773 1536 825 spem
1553 774 1784 812 nonnullam

403 837 559 882 habere,
591 836 673 875 haec
703 836 912 888 aliquando
942 836 1074 874 futura
1103 836 1290 874 meliora:
1324 837 1430 874 casus
1460 839 1565 875 enim
1590 839 1780 889 gladiato-

404 903 467 947 rii,
499 902 850 953 similitudinesque
870 915 934 945 eae,
967 909 1053 938 tum
1083 902 1248 938 rationes
1278 902 1319 938 in
1348 916 1390 939 ea
1419 902 1679 954 disputatione
1705 917 1725 941 a
1746 914 1783 941 te

403 968 589 1012 collectae,
621 967 801 1004 vetabant
822 980 885 1004 me
905 966 1129 1018 reipublicae
1151 967 1305 1018 penitus
1328 966 1514 1005 diffidere.
1567 969 1703 1020 Itaque
1723 969 1780 1006 al-

405 1043 534 1072 terum
562 1033 692 1070 minus
722 1033 883 1076 mirum,
914 1031 1117 1070 fortiorem
1149 1040 1186 1070 te
1215 1032 1300 1076 effe,
1331 1046 1424 1070 cum
1450 1033 1599 1085 aliquid
1627 1034 1779 1086 speres;

403 1099 570 1138 alterum
590 1098 751 1142 mirum,
770 1097 833 1149 spe
850 1098 929 1134 ulla
946 1097 1080 1135 teneri.
1105 1097 1212 1147 Qid
1230 1097 1281 1134 est
1297 1098 1403 1135 enim
1419 1112 1496 1136 non
1515 1100 1567 1136 ita
1582 1099 1779 1144 affec'mm,

405 1173 447 1201 ut
468 1164 508 1200 id
528 1177 607 1201 non
629 1163 802 1201 deletum
817 1163 1114 1214 extinctumque
1130 1162 1200 1200 effe
1216 1162 1382 1201 fateare?
1407 1165 1676 1216 Circumspice
1692 1179 1780 1203 om-

404 1228 468 1265 nia
488 1228 663 1266 membra
683 1228 922 1279 reipublicae,
939 1241 1025 1279 quae
1047 1227 1239 1265 notiffima
1260 1227 1348 1265 sunt
1369 1228 1467 1273 tibi;
1492 1229 1648 1266 nullum
1670 1244 1779 1282 repe-

404 1294 476 1331 ries
497 1292 686 1346 profeetQ
709 1293 815 1344 quod
836 1306 913 1330 non
936 1292 1102 1330 fractum
1123 1292 1420 1331 debilitatumve
1441 1294 1499 1332 fit.
1533 1296 1631 1346 Qae
1651 1296 1778 1347 perse-

402 1373 555 1411 querer,
586 1359 612 1396 fi
633 1368 698 1396 aut
720 1359 860 1396 melius
880 1372 922 1396 ea
942 1358 1128 1402 viderem,
1160 1372 1277 1410 quam
1300 1368 1342 1396 tu
1364 1359 1484 1404 vides,
1515 1370 1581 1398 aut
1602 1374 1778 1399 comme-

402 1438 549 1463 morare
570 1424 716 1476 poffem
736 1424 813 1461 fine
834 1424 965 1461 dolore
984 1442 993 1467 ;
1026 1437 1250 1475 quanquam
1272 1425 1349 1461 tuis
1371 1426 1532 1462 monitis
1558 1426 1780 1478 praeceptis-

401 1504 477 1542 que
498 1490 625 1528 omnis
647 1489 700 1527 est
720 1488 961 1540 abjiciendus
983 1489 1108 1526 dolor.
1153 1489 1259 1540 Ergo
1288 1498 1326 1526 et
1355 1488 1565 1528 domestica
1592 1490 1777 1536 feremus,

403 1564 446 1593 ut
467 1556 610 1599 censes,
628 1564 666 1592 et
686 1555 845 1607 publica
865 1555 981 1606 paulo
1002 1554 1119 1591 etiam
1139 1553 1280 1591 fortius
1301 1553 1467 1599 fortasse,
1485 1569 1603 1607 quam
1621 1565 1661 1593 tu
1684 1557 1778 1609 ipse,

402 1621 472 1672 qui
492 1621 684 1672 praecipis.
723 1621 784 1657 Te
804 1620 910 1657 enim
932 1619 1013 1671 spes
1035 1619 1165 1671 aliqua
1183 1619 1418 1664 consolatur,
1451 1630 1494 1657 ut
1515 1620 1648 1658 scribis
1668 1636 1676 1658 :
1709 1635 1780 1659 nos

401 1695 532 1724 autem
563 1687 707 1723 erimus
739 1685 857 1722 etiarn
888 1685 929 1722 in
964 1684 1148 1722 omnibus
1184 1683 1446 1736 desperatione
1480 1685 1616 1731 fortes,
1659 1695 1702 1724 ut
1737 1695 1780 1725 tu

402 1760 530 1788 tamen
551 1750 655 1788 idem
676 1759 715 1787 et
743 1749 908 1787 hortaris
929 1758 967 1787 et
987 1749 1179 1801 praecipis.
1225 1750 1304 1786 Das
1326 1750 1432 1787 enirn
1457 1749 1558 1787 mihi
1583 1750 1778 1802 jucundas

400 1815 682 1853 recordationes
717 1814 963 1852 conscientiae
997 1813 1145 1858 nostrae,
1177 1827 1385 1865 rerumque
1419 1827 1565 1860 earum,
1601 1829 1709 1867 quas,
1743 1825 1780 1854 te

399 1881 441 1917 in
461 1880 599 1932 primis
620 1881 787 1924 auetore,
818 1879 1013 1931 gessimus.
1048 1878 1300 1917 Praestitimus
1321 1879 1428 1917 enim
1448 1880 1579 1932 patriae
1599 1893 1678 1918 non
1698 1881 1778 1919 mi-

400 1959 472 1983 nus
494 1954 611 1990 certe,
643 1958 760 1997 quam
782 1945 1015 1989 debuimus;
1048 1944 1136 1996 plus
1158 1943 1347 1996 profesio,
1369 1958 1488 1997 quam
1507 1945 1560 1982 est
1579 1945 1627 1982 ab
1647 1946 1780 1984 animo

400 2010 645 2062 cujusquam,
663 2019 728 2048 aut
749 2010 924 2054 confilio,
942 2009 1115 2048 hominis
1138 2006 1390 2061 postulatum.
1414 2010 1594 2062 Ignosces
1616 2009 1717 2048 mihi
1733 2011 1780 2049 de

400 2076 548 2128 meipso
568 2076 717 2128 aliquid
737 2076 963 2129 praedicanti
981 2091 989 2114 :
1013 2089 1178 2128 quarum
1200 2076 1307 2113 enim
1329 2085 1370 2113 tu
1393 2089 1522 2114 rerum
1542 2076 1781 2127 cogitatione

402 2154 471 2178 nos
499 2141 621 2178 levare
648 2141 877 2192 aegritudine
903 2140 1073 2185 voluisti,
1104 2154 1236 2178 earum
1262 2141 1380 2178 etiam
1407 2141 1780 2179 commemoratione

402 2205 584 2244 lenimur.
618 2206 769 2257 Itaque,
802 2215 844 2243 ut
864 2219 1015 2250 mones,
1046 2214 1239 2257 quantum
1260 2214 1410 2257 potero,
1441 2219 1504 2242 me
1524 2205 1571 2242 ab
1591 2205 1778 2244 omnibus

402 2270 586 2308 molestiis
608 2279 645 2308 et
665 2271 874 2322 angoribus
896 2271 1106 2315 abducam
1131 2270 1438 2322 transferamque
1458 2270 1635 2308 animum
1654 2271 1701 2308 ad
1721 2285 1777 2316 ea,

402 2338 544 2388 quibus
567 2336 738 2375 secundae
760 2351 817 2375 res
838 2346 1038 2382 ornantur,
1061 2336 1222 2374 adversae
1242 2337 1491 2388 adjuvantur:
1516 2344 1725 2387 tecumque
1741 2345 1779 2374 et

401 2417 465 2440 ero
487 2410 654 2446 tantum,
676 2412 868 2453 quantum
890 2403 1057 2454 patietur
1078 2402 1278 2454 utriusque
1299 2411 1386 2440 aetas
1406 2411 1444 2439 et
1464 2401 1670 2445 valetudo;
1693 2410 1730 2438 et
1751 2401 1777 2439 fi

401 2469 472 2506 effe
504 2481 580 2504 una
611 2467 741 2504 minus
768 2469 999 2520 poterimus,
1031 2482 1148 2521 quam
1176 2468 1374 2513 volumus,
1406 2468 1627 2504 animorum
1650 2476 1777 2504 tamen

487 2533 622 2570 ToM.
656 2532 750 2569 VII.
1451 2531 1480 2567 P
