2351 2997
505 277 581 317 432
855 265 1535 304 EPISTOLARUM

589 499 653 537 M.
686 500 739 535 T.
773 498 820 535 C.
855 510 912 534 ET
947 498 1112 547 QFR.
1148 511 1205 535 ET
1239 499 1303 549 Q
1328 499 1424 536 Ρη.
1457 500 1630 537 TIRONI
1672 501 1709 538 S.
1743 501 1786 538 P.

510 627 580 664 lV.
606 625 724 695 VA
740 627 775 663 R
791 627 807 663 I
826 627 858 663 E
891 625 973 662 sum
1001 624 1158 662 affectus
1182 626 1256 662 tuis
1285 625 1407 662 literis
1426 645 1435 670 ;
1468 626 1576 663 valde
1597 626 1723 677 priore
1743 627 1883 677 pagina

709 691 971 743 perturbatus,
1012 689 1172 741 paulum
1207 690 1323 727 altera
1357 700 1560 728 recreatus.
1613 693 1742 742 Qare
1777 704 1882 727 nunc

506 757 670 808 quidem
692 770 768 794 non
790 756 943 799 dubito,
975 756 1086 805 quin,
1119 755 1244 806 quoad
1266 756 1379 807 plane
1400 756 1537 800 valeas,
1570 765 1606 793 te
1628 770 1752 807 neque
1774 756 1883 792 navi-

507 824 671 874 gationi,
695 836 819 874 neque
840 822 923 865 viae,
946 822 1195 858 committas:
1220 821 1305 858 satis
1329 831 1364 858 te
1386 832 1534 859 mature
1555 822 1701 866 videro,
1724 822 1749 858 fi
1771 822 1884 873 plane

506 889 786 926 confirmatum
807 887 952 925 videro.
1000 887 1060 923 De
1082 886 1234 922 medico
1255 896 1292 923 et
1322 896 1363 923 tu
1385 887 1481 923 bene
1502 887 1712 924 existimari
1733 887 1882 929 scribis,

509 963 547 990 et
567 967 639 1004 ego
660 953 709 989 fic
731 951 864 995 audio;
889 950 949 988 sed
967 951 1079 1002 plane
1094 951 1312 987 curationes
1329 952 1410 1001 ejus
1432 964 1508 987 non
1530 951 1668 1002 probo.
1692 952 1762 1001 Jus
1779 952 1886 988 enim

508 1019 681 1055 dandum
702 1018 775 1054 tibi
797 1030 874 1054 non
896 1015 987 1059 fuit,
1018 1030 1111 1053 cum
1131 1010 1362 1062 κακοςὲμαχος
1382 1016 1470 1053 effes
1490 1031 1498 1053 :
1532 1016 1594 1053 sed
1617 1026 1745 1053 tamen
1775 1024 1813 1053 et
1839 1016 1885 1052 ad

509 1084 626 1121 illum
648 1083 775 1135 scripfi
797 1091 987 1126 accurate,
1019 1090 1056 1118 et
1078 1081 1123 1118 ad
1145 1080 1353 1131 Lysonem.
1391 1081 1454 1117 Ad
1476 1082 1643 1118 Curium
1665 1095 1767 1126 vero,
1800 1081 1885 1118 sua-

509 1150 706 1188 vissimum
727 1148 945 1192 hominem,
968 1156 1005 1184 et
1027 1147 1170 1184 summi
1190 1146 1326 1189 officii,
1356 1146 1593 1199 summaeque
1614 1147 1884 1190 humanitatis,

509 1215 635 1252 multa
656 1214 808 1265 scrips13
832 1214 871 1250 in
894 1212 954 1250 his
976 1213 1108 1256 etiam,
1132 1220 1190 1255 ut,
1214 1211 1239 1248 fi
1262 1211 1335 1249 tibi
1355 1212 1564 1256 videretur,
1588 1222 1625 1250 te
1644 1213 1691 1249 ad
1713 1212 1747 1249 se
1764 1212 1886 1250 trans-

509 1279 640 1318 ferret.
688 1278 789 1329 Lyso
818 1278 925 1315 enim
946 1277 1069 1314 noster
1090 1290 1221 1314 vereor
1243 1290 1289 1314 ne
1311 1278 1571 1329 negligentior
1592 1278 1636 1315 fit
1655 1293 1662 1315 :
1696 1278 1885 1329 primum,

508 1346 601 1396 quia
620 1357 755 1381 omnes
778 1343 907 1381 Graeci
925 1362 935 1387 5
969 1342 1122 1386 deinde,
1154 1341 1261 1394 quod
1281 1355 1374 1379 cum
1394 1356 1413 1378 a
1433 1355 1496 1379 me
1522 1343 1650 1380 literas
1671 1342 1887 1394 accepisset,

509 1410 611 1449 mihi
632 1410 757 1447 nullas
779 1408 936 1446 remisit.
970 1408 1041 1445 Sed
1057 1421 1147 1445 eum
1166 1417 1207 1444 tu
1229 1407 1373 1444 laudas.
1398 1409 1463 1444 Tu
1486 1408 1606 1458 igitur
1622 1407 1718 1458 quid
1738 1407 1887 1444 facien-

509 1476 606 1513 dum
628 1477 671 1513 s1t
687 1475 897 1527 judicabis.
940 1473 1060 1518 Illud,
1082 1473 1138 1510 mi
1160 1472 1273 1516 Tiro,
1306 1481 1341 1509 te
1362 1486 1470 1524 rogo,
1494 1472 1669 1524 sumptui
1690 1486 1736 1509 ne
1757 1486 1889 1524 parcas

510 1542 591 1580 ulla
611 1542 651 1578 in
673 1555 726 1585 re,
757 1539 863 1592 quod
884 1538 930 1576 ad
951 1538 1215 1576 valetudinem
1235 1550 1332 1589 opus
1354 1538 1413 1575 s1t.
1462 1538 1599 1589 Scripfi
1630 1537 1676 1574 ad
1705 1538 1888 1583 Curium,

510 1606 617 1659 quod
638 1606 805 1649 dixisses‚
838 1605 956 1642 daret.
1004 1604 1166 1641 Medico
1191 1603 1263 1654 ipsi
1295 1610 1392 1654 puto
1423 1602 1572 1654 aliquid
1605 1601 1776 1639 dandum
1803 1603 1889 1648 effe,

510 1686 590 1724 quo
613 1672 656 1708 fit
677 1670 889 1708 studiofior.
924 1668 1230 1706 Innumerabilia
1250 1677 1316 1705 tua
1331 1667 1419 1705 sunt
1440 1668 1481 1704 in
1497 1681 1560 1705 me
1576 1667 1717 1712 officia,
1736 1667 1890 1705 domes-

510 1738 601 1781 tica,
624 1735 800 1779 forenfia,
823 1734 981 1778 urbana,
1005 1733 1271 1786 provincialia,
1295 1733 1334 1770 in
1357 1747 1395 1770 re
1416 1733 1577 1785 privata,
1596 1733 1636 1770 in
1658 1732 1832 1784 publica,
1849 1734 1891 1771 in

510 1802 661 1846 studiis,
679 1802 719 1838 in
736 1800 858 1837 literis
876 1799 1027 1836 nostris.
1063 1800 1210 1836 Omnia
1224 1798 1378 1842 viceris,
1396 1798 1437 1842 si,
1456 1807 1499 1836 ut
1520 1798 1642 1850 spero,
1661 1806 1698 1835 te
1719 1798 1891 1835 validum

511 1867 657 1905 videro.
690 1868 777 1918 Ego
794 1875 890 1917 puto
907 1875 943 1902 te
961 1864 1178 1908 belliffime,
1197 1864 1221 1901 fi
1242 1866 1342 1901 reete
1362 1864 1450 1908 erit,
1467 1877 1559 1900 cum
1580 1863 1764 1914 quaestore
1781 1863 1891 1900 Mes-

510 1933 617 1970 cinio
638 1931 890 1968 decursurum
910 1945 918 1967 :
952 1943 1029 1966 non
1051 1928 1288 1966 inhumanus
1310 1928 1390 1972 est;
1423 1937 1553 1979 teque,
1586 1937 1629 1964 ut
1660 1927 1762 1964 mihi
1790 1927 1891 1965 visus

510 1998 578 2042 est,
610 1996 755 2047 diligit.
801 1996 855 2032 Et
876 2008 967 2032 cum
989 1993 1202 2031 valetudini
1223 2002 1297 2031 tuoe
1317 1993 1607 2044 diligentiflime
1637 1992 1892 2037 consulueris,

513 2072 614 2107 tum,
647 2063 701 2099 mi
724 2061 837 2104 Tiro,
859 2059 1053 2096 consulito
1074 2059 1327 2110 navigationi.
1360 2058 1485 2096 Nulla
1506 2059 1544 2094 in
1567 2071 1606 2094 re
1621 2058 1704 2109 jam
1728 2066 1764 2095 te
1784 2057 1892 2095 festi-

514 2142 602 2166 nare
619 2127 732 2164 volo:
758 2125 858 2163 nihil
880 2125 1027 2169 laboro,
1048 2125 1116 2161 nisi
1139 2134 1182 2161 ut
1203 2124 1326 2162 salvus
1347 2124 1408 2161 fis.
1443 2123 1504 2160 Sic
1526 2122 1681 2167 habeto,
1701 2123 1755 2159 mi
1778 2124 1891 2168 Tiro,

513 2194 711 2232 neminem
732 2191 803 2228 effe
824 2190 893 2242 qui
913 2204 976 2244 me
997 2199 1114 2234 amet,
1138 2190 1233 2241 quin
1255 2189 1360 2226 idem
1383 2198 1418 2226 te
1440 2198 1541 2226 amet
1560 2204 1568 2226 ε
1599 2198 1637 2225 et
1657 2202 1749 2225 cum
1771 2198 1835 2225 tua
1855 2198 1894 2226 et

514 2272 599 2296 mea
619 2256 788 2295 maxime
809 2255 963 2292 interest
985 2264 1021 2292 te
1041 2254 1178 2299 valere,
1211 2264 1297 2291 tum
1324 2253 1461 2291 multis
1492 2253 1544 2290 est
1571 2266 1685 2290 curse.
1732 2252 1892 2297 Adhuc,

512 2324 608 2362 dum
631 2321 731 2360 mihi
752 2321 862 2358 nullo
887 2321 974 2357 loco
1005 2319 1124 2356 deeffe
1152 2320 1223 2363 vis,
1257 2332 1460 2370 nunquam
1490 2326 1527 2355 te
1557 2317 1786 2355 confirmare
1818 2332 1891 2369 po-

512 2388 648 2427 tuisti:
681 2399 786 2423 nunc
815 2394 851 2422 te
881 2384 981 2422 nihil
1015 2384 1208 2435 impedit:
1242 2384 1374 2421 omnia
1406 2383 1569 2434 depone,
1602 2382 1754 2434 corpori
1783 2381 1891 2419 servi.

514 2456 714 2507 Qantam
735 2451 982 2503 diligentiam
1004 2450 1045 2488 in
1062 2449 1325 2488 valetudinem
1344 2458 1449 2486 tuam
1469 2447 1696 2492 contuleris,
1716 2447 1812 2484 tanti
1834 2460 1895 2484 me
