2351 2997
532 294 606 334 310
874 281 1556 319 EPISTOLARUM

527 379 766 418 cohortatione
793 393 860 416 non
884 388 974 431 puto
1003 378 1172 430 indigere,
1204 388 1244 416 ut
1270 393 1330 416 nos
1361 378 1516 430 absentes
1546 369 1684 434 remque
1706 381 1898 434 publicam,

528 454 701 497 quantum
720 444 764 495 est
784 445 820 481 in
839 453 888 486 te,
919 443 1094 493 dcy'endas.
1144 444 1242 480 Scire
1260 452 1296 480 te
1313 444 1401 487 volo,
1417 444 1534 494 firma
1547 446 1714 497 prcesta'ia
1733 447 1829 485 vobis
1835 449 1900 500 st-

529 511 698 561 natuique
717 523 784 547 non
803 507 916 559 deff,
939 516 980 545 ut
998 508 1202 560 optimaspe
1222 516 1257 545 et
1275 508 1423 546 maximo
1442 510 1556 547 animo
1574 511 1820 562 rempublicam
1839 512 1900 550 de-

515 575 666 626 fendas.
710 573 862 625 Reliqua
891 581 1004 610 tecum
1033 581 1117 624 aget
1142 573 1194 611 L.
1218 573 1397 617 Carteius,
1413 574 1617 625 familiaris
1646 589 1751 616 meus.
1799 577 1898 616 Vale.

530 643 641 680 Data
660 639 775 678 Nonis
793 638 963 682 Martiis,
993 652 1037 676 ex
1054 637 1176 689 castris
1195 634 1392 676 Taricheis.

569 840 822 877 CAssms
865 839 1106 876 PRocos.
1148 838 1211 876 M.
1245 840 1546 878 CICERONI
1591 853 1691 877 suo
1733 841 1769 879 S.
1802 843 1856 881 D.

532 967 629 1005 XII.
651 968 749 1039 SI
769 966 880 1009 vales,
909 964 991 1003 bene
1009 965 1053 1013 est
1065 981 1078 1002 .·
1109 979 1169 1016 ego
1188 965 1323 1017 quidem
1341 965 1453 1003 valeo.
1486 965 1584 1016 Legi
1599 975 1681 1004 tuas
1699 967 1837 1011 literas,
1866 968 1903 1006 in

728 1031 851 1083 quibus
870 1030 1054 1080 mirficum
1073 1039 1173 1067 tuum
1188 1044 1275 1081 erga
1291 1045 1341 1068 me
1355 1044 1505 1068 amorem
1521 1032 1719 1082 recognovi.
1752 1032 1905 1070 Videba-

531 1096 583 1134 ris
601 1096 690 1134 enim
710 1110 776 1134 non
783 1096 1044 1148 fhlumsavere
1063 1095 1171 1138 nobis,
1190 1095 1230 1132 id
1244 1095 1336 1147 quod
1351 1105 1385 1133 et
1404 1094 1514 1145 nestri
1528 1104 1564 1132 et
1583 1096 1783 1147 reipublicee
1801 1098 1905 1148 causa

516 1160 888 1212 ſs’mperfecsszssst’d
903 1160 1008 1197 etiam
1024 1173 1178 1210 gravem
1194 1173 1317 1197 curam
1353 1159 1519 1212 uscepqffi’,
1541 1160 1829 1213 vehementerque
1849 1161 1908 1213 effi

530 1226 571 1263 de
589 1225 685 1263 nobis
690 1225 878 1278 sollicitus.
919 1226 1061 1275 Itaque,
1092 1223 1184 1275 quod
1199 1233 1234 1262 te
1245 1225 1404 1276 primum
1423 1224 1616 1275 exstimare
1627 1225 1816 1277 putabam,
1847 1241 1907 1265 nos

530 1290 684 1342 oppreffiz
704 1290 884 1342 republica
903 1289 1071 1341 quiescere
1101 1303 1168 1326 non
1189 1289 1306 1341 pff3
1338 1289 1469 1334 deinde,
1499 1303 1576 1327 cum
1592 1290 1819 1342 sispicarere
1848 1306 1909 1329 nos

530 1356 658 1400 moliri,
677 1356 768 1408 quod
784 1365 818 1395 te
823 1355 1018 1406 fhllt'citum
1037 1353 1096 1406 ff’
1116 1362 1151 1391 et
1169 1354 1210 1392 de
1213 1356 1338 1407 salute
1354 1355 1484 1406 nostra,
1514 1364 1549 1392 et
1567 1354 1608 1392 de
1626 1370 1745 1394 rerum
1762 1367 1905 1401 eventu,

523 1421 712 1473 putabam,
729 1421 845 1471 simul
869 1433 911 1458 ac
940 1419 1086 1470 legiones
1114 1419 1244 1471 accepi,
1275 1433 1362 1471 quas
1394 1421 1447 1457 A.
1471 1419 1634 1457 Allienus
1663 1420 1835 1459 eduxerat
1863 1436 1907 1459 ex

531 1488 706 1538 AEgypto‚
723 1485 858 1538 stripsi
872 1484 923 1523 ad
938 1493 986 1528 te,
1009 1483 1271 1536 tabellariosque
1290 1485 1479 1536 complures
1496 1486 1641 1522 Romam
1661 1485 1745 1536 mist.
1778 1486 1912 1538 Scripsi

529 1552 635 1590 etiam
656 1550 706 1588 ad
707 1552 877 1602 stolatum
897 1549 1034 1593 literas,
1057 1563 1143 1601 quas
1161 1549 1264 1586 reddi
1279 1550 1384 1587 vetui
1392 1550 1511 1601 prius,
1533 1564 1636 1601 quam
1657 1550 1727 1588 tibi
1743 1551 1908 1589 recitatae

528 1616 632 1668 efflent
650 1634 662 1660 3
679 1616 832 1666 siforte
849 1615 919 1653 mei
935 1614 1174 1666 obtemperare
1193 1614 1282 1652 mihi
1299 1614 1491 1652 voluerint.
1523 1615 1672 1665 Qcodst
1688 1615 1803 1653 litera>
1815 1625 1907 1668 per-

528 1681 616 1718 latae
635 1681 815 1733 nonsttnt,
837 1693 904 1717 non
923 1678 1042 1717 dubito
1061 1679 1145 1731 quin
1161 1678 1367 1722 Dolabella,
1399 1678 1471 1730 qui,
1501 1692 1543 1715 ne
1562 1679 1639 1717 arie
1658 1677 1828 1718 Trebonio
1847 1693 1907 1718 oc-

529 1747 606 1798 cfi,
628 1746 753 1796 Astam
773 1744 974 1796 occupavit,
1006 1743 1208 1782 tabellarios
1226 1758 1313 1781 meos
1332 1743 1612 1796 deprehenderit,
1643 1745 1830 1797 lz'terafque
1848 1745 1908 1783 in-

528 1811 732 1862 terceperit.
763 1811 956 1848 Exercitus
976 1823 1103 1852 omnes,
1121 1809 1184 1861 qui
1198 1809 1235 1846 in
1255 1809 1359 1860 Syria
1364 1809 1490 1860 suere,
1509 1818 1617 1847 teneo.
1642 1809 1764 1848 Habeo
1773 1811 1908 1861 paulu-

528 1876 601 1914 lum
620 1889 740 1919 morae,
760 1874 840 1912 dum
849 1873 1015 1925 promgffiz
1030 1873 1198 1911 militibus
1209 1873 1385 1925 persolvo.
1408 1875 1518 1911 Nunc
1525 1873 1608 1921 jam
1611 1875 1698 1924 sum
1714 1874 1907 1926 expeditus.

529 1942 573 1978 A
589 1949 624 1978 te
636 1949 734 1992 peta,
770 1948 812 1977 ut
831 1939 1041 1990 dignitatem
1060 1952 1169 1976 meam
1187 1938 1459 1976 commendatam
1479 1938 1549 1976 tibi
1564 1938 1704 1982 habeas,
1719 1939 1763 1989 st
1778 1953 1830 1976 me
1848 1940 1907 1978 in-

530 2004 672 2055 telligis,
704 2004 837 2041 nullum
863 2017 970 2054 neque
990 2003 1188 2054 periculum
1208 2016 1315 2054 neque
1334 2001 1486 2040 laborem
1499 2003 1637 2054 patriae
1655 2002 1827 2055 denegaffi’
1841 2019 1854 2041 :
1869 2003 1912 2054 si

529 2078 656 2108 contra
676 2067 976 2120 importunffmos
995 2067 1152 2105 latrones
1171 2081 1274 2104 arma
1294 2067 1370 2118 cepi
1387 2076 1422 2104 te
1441 2067 1610 2105 hortante
1629 2076 1663 2105 et
1683 2070 1825 2105 aub'lore
1841 2083 1854 2106 :
1870 2068 1913 2118 si

530 2149 597 2173 non
602 2134 720 2186 solum
739 2134 913 2171 exercitus
933 2132 984 2171 ad
998 2132 1244 2184 rempublicam
1265 2132 1534 2184 libertatemque
1550 2132 1797 2183 defendendam
1817 2147 1910 2171 com-

522 2199 677 2253 paravi,
693 2198 766 2249 sed
791 2199 897 2236 etiam
928 2197 1159 2248 crudelfflmis
1186 2198 1350 2250 tyrannis
1379 2198 1496 2250 eripui
1508 2213 1521 2235 .·
1553 2212 1634 2250 quos
1650 2199 1692 2249 st
1721 2197 1910 2251 occupaffi’t

529 2264 733 2309 Dolabella,
767 2279 834 2303 non
851 2264 968 2316 solum
998 2263 1170 2308 adventu,
1187 2263 1260 2316 ſsd
1280 2264 1388 2302 etiam
1419 2264 1574 2316 opinione
1601 2272 1636 2301 et
1655 2264 1905 2316 expectatione,

528 2330 702 2368 exercitus
706 2329 775 2382 fici
791 2329 990 2367 Antonium
1009 2328 1249 2380 confirmasset.
1281 2330 1381 2380 Qas
1400 2329 1440 2366 ob
1458 2344 1514 2367 res
1533 2329 1659 2367 milites
1679 2339 1791 2372 tuere,
1797 2329 1840 2379 st
1855 2343 1908 2367 eos

528 2394 673 2445 mirfice
699 2394 739 2432 de
767 2393 947 2446 republica
973 2393 1113 2432 meritos
1143 2393 1203 2445 effi
1233 2394 1494 2432 animadvertis
1505 2412 1517 2438 3
1549 2403 1583 2431 et
1609 2393 1711 2446 effice,
1741 2408 1784 2432 ne
1809 2407 1909 2446 quem

522 2460 713 2512 poeniteat,
735 2459 997 2512 rempublicam,
1029 2473 1132 2511 quam
1140 2462 1241 2511 spem
1253 2458 1393 2512 praedae
1411 2469 1446 2497 et
1466 2459 1692 2511 rapinarum,
1705 2459 1814 2511 sequi
1829 2472 1908 2496 ma-

526 2524 634 2577 lufffi’·
663 2526 756 2563 Item
775 2523 908 2564 Murci
924 2533 958 2563 et
977 2524 1099 2577 Crsti
1115 2523 1368 2576 imperatorum
1383 2523 1607 2576 dignitatem,
1630 2533 1800 2577 quantum
1817 2521 1861 2573 {³st
1875 2522 1912 2560 in
