2351 2997
527 301 604 343 300
869 280 1554 325 EPISTOLARUM

527 400 661 426 meum
694 384 878 428 reditum,
921 396 1039 434 quam
1072 380 1315 419 familiariter
1348 391 1507 417 mecum
1540 376 1697 422 vixeris,
1740 388 1902 428 quaeque

527 465 600 504 ego
629 451 676 488 de
708 459 745 487 te
774 458 812 486 et
844 447 1024 486 senserim
1051 455 1090 482 et
1118 444 1375 496 praedicarim‚
1406 456 1556 487 omneS,
1587 443 1656 495 qui
1677 441 1800 479 solent
1820 440 1901 478 haec

528 514 844 556 animadvertere,
867 510 976 548 testes
997 509 1202 547 habemus.
1236 506 1513 545 Graviffimum
1534 519 1622 544 vero
1637 505 1837 558 judicium
1857 504 1904 542 de

529 593 616 618 mea
635 578 709 615 fide
730 586 767 614 et
788 576 835 613 de
855 574 1067 613 constantia
1087 572 1225 617 fecisti,
1257 584 1349 609 cum
1370 570 1453 624 post
1474 579 1642 608 mortem
1663 570 1818 608 Caesaris
1840 578 1902 607 to-

531 653 618 682 tum
640 652 676 680 te
697 641 742 679 ad
769 640 984 678 amicitiam
1012 652 1138 676 meam
1165 636 1379 674 contulisti.
1426 635 1546 691 Qod
1572 643 1685 672 tuum
1706 633 1906 685 judicium

532 709 602 747 nifi
623 720 708 744 mea
727 706 877 743 summa
897 702 1167 742 benevolentia
1184 715 1273 753 erga
1293 710 1330 738 te
1346 699 1606 752 omnibusque
1622 698 1772 737 meritis
1792 711 1903 735 com-

535 773 714 826 probato,
746 770 824 822 ipse
845 783 907 807 me
928 768 1132 806 hominem
1153 780 1231 804 non
1251 765 1412 818 putabo.
1457 765 1539 808 Tu,
1569 764 1626 801 mi
1654 762 1777 816 Oppi,
1808 775 1905 800 con-

536 837 700 876 servabis
727 849 899 873 amorem
929 844 1042 872 tuum
1075 833 1158 884 (etfi
1188 845 1295 869 more
1323 830 1445 881 magis
1471 828 1548 866 hoc
1575 828 1735 881 quidem
1764 826 1906 871 scribo,

536 915 655 956 quam
684 915 764 954 quo
791 910 828 938 te
858 898 1147 937 admonendum
1178 895 1332 949 putem)
1366 907 1529 946 meaque
1559 894 1691 931 omnia
1720 892 1876 931 tuebere
1892 910 1906 936 ;

537 981 623 1020 quae
644 966 719 1004 tibi
738 979 786 1003 ne
806 965 940 1016 ignota
958 963 1090 1008 effent,
1121 962 1259 1000 Attico
1280 959 1458 998 mandavi
1476 973 1485 996 ι
1517 971 1538 995 a
1556 971 1620 995 me
1639 967 1783 1002 autern,
1814 969 1910 994 cum

537 1032 701 1086 paulum
720 1031 792 1068 otii
812 1030 912 1067 naCti
932 1029 1091 1072 erimus,
1123 1027 1318 1064 uberiores
1338 1025 1466 1062 literas
1487 1024 1702 1075 expeetato.
1733 1023 1796 1061 Da
1813 1033 1913 1074 ope-0

540 1111 623 1135 ram
643 1106 687 1135 ut
707 1096 844 1135 valeas.
875 1095 967 1134 Hoc
987 1093 1088 1132 mihi
1107 1092 1254 1146 gratius
1274 1090 1399 1130 facere
1417 1088 1519 1128 nihil
1538 1096 1664 1143 potes.
