2351 2997
639 254 730 290 AD
791 253 1258 298 FAMILIARES
1318 264 1451 303 LIB.
1499 269 1553 308 II.
1742 288 1795 327 47

401 351 541 402 rogati.
575 352 646 389 Sed
669 353 741 391 tibi
764 367 914 394 morem
935 358 1048 409 geffi:
1074 360 1203 399 literas
1225 362 1271 399 ad
1293 376 1383 402 eum
1405 366 1558 420 scripsi:
1583 383 1677 422 quas
1700 388 1793 415 cum

400 417 608 468 acceperis,
640 418 757 457 facies
780 422 885 473 quod
908 424 1027 463 voles.
1061 427 1172 466 Vale.

423 610 488 649 M.
513 612 565 650 T.
591 613 639 651 C.
665 613 948 654 IMPERATOR
974 619 1259 669 QTIIERMO
1283 623 1601 670 PssopRAETom
1637 634 1674 672 S.
1702 635 1754 677 D.

394 739 551 778 XVIII.
572 740 645 812 O
662 742 693 779 F
708 743 740 780 F
756 745 773 782 Ι
790 746 823 783 C
840 747 856 783 I
873 747 910 783 U
925 746 975 784 M
1005 761 1139 786 meum
1167 763 1256 802 erga
1283 752 1537 803 Rhodonem,
1570 771 1785 817 caeteraque

675 822 761 847 mea
787 811 925 856 studia,
957 827 1043 865 quae
1065 815 1139 852 tibi
1160 829 1202 853 ac
1225 819 1302 856 tuis
1324 822 1498 872 praestiti,
1532 826 1605 864 tibi
1627 827 1782 871 homini

386 870 603 921 gratiffimo
623 884 731 926 grata
751 877 823 916 effe
844 878 1096 919 vehementer
1115 883 1264 934 gaudeo
1283 901 1291 924 :
1316 887 1497 942 mihique
1519 892 1616 932 scito
1636 896 1677 934 in
1700 898 1781 937 dies

387 937 528 988 majori
555 953 656 979 curae
687 942 758 980 effe
788 943 1024 996 dignitatem
1055 957 1162 987 tuam
1182 965 1190 988 :
1221 964 1309 1002 quae
1329 955 1491 1006 quidem
1513 972 1532 996 a
1553 969 1590 998 te
1611 961 1694 1014 Ipso
1715 964 1780 1003 in-

387 1004 569 1055 tegritate
588 1016 627 1045 et
647 1008 858 1049 clementia
879 1020 945 1051 tua
964 1013 1015 1052 fic
1036 1016 1275 1068 amplificata
1295 1020 1362 1066 est,
1382 1031 1426 1060 ut
1447 1023 1549 1063 nihil
1566 1027 1654 1066 addi
1674 1032 1780 1083 poffe

385 1068 576 1111 videatur.
601 1074 673 1112 Sed
690 1074 791 1114 mihi
812 1079 936 1131 magis
958 1081 1174 1134 magisque,
1191 1086 1370 1136 quotidie
1391 1088 1438 1127 de
1460 1092 1676 1134 rationibus
1700 1099 1778 1137 tuis

382 1136 591 1187 cogitanti,
622 1140 751 1192 placet
780 1143 881 1181 illud
911 1159 1046 1185 meum
1076 1149 1300 1197 confilium,
1333 1155 1440 1206 quod
1464 1157 1581 1197 initio
1602 1162 1777 1204 Aristoni

382 1201 527 1248 nostro,
546 1214 590 1241 ut
610 1205 657 1242 ad
677 1220 740 1244 me
760 1210 882 1255 venit,
900 1211 1075 1258 ostendi;
1099 1228 1231 1267 graves
1249 1226 1286 1255 te
1302 1218 1573 1274 suscepturum
1595 1227 1775 1269 inimici-

380 1267 469 1312 tias,
487 1268 513 1305 fi
534 1269 754 1310 adolescens
774 1284 913 1326 potens
931 1285 968 1314 et
990 1279 1135 1318 nobilis
1152 1295 1172 1318 a
1189 1290 1226 1319 te
1246 1283 1467 1335 ignominia
1486 1290 1645 1331 affectus
1666 1295 1772 1336 effer„

379 1334 434 1372 Et
454 1333 586 1375 hercle
606 1338 683 1376 fine
703 1339 826 1378 dubio
845 1344 919 1381 erit
939 1344 1182 1396 ignominia3
1205 1347 1324 1389 habes
1345 1354 1453 1393 enim
1473 1359 1674 1399 neminem
1695 1361 1771 1401 ho—

378 1401 484 1438 noris
506 1403 628 1453 gradu
649 1405 902 1458 superiorem.
949 1410 1023 1449 Ille
1053 1421 1200 1459 autem,
1232 1424 1276 1453 ut
1297 1419 1481 1458 omittam
1503 1424 1770 1475 nobilitatem,

375 1464 454 1505 hoc
474 1469 558 1521 ipso
578 1471 704 1510 vincit
724 1474 826 1512 viros
848 1477 1036 1529 optimos,
1054 1478 1313 1535 hominesque
1334 1485 1686 1539 innocentiffimos‚
1710 1496 1768 1534 le-

372 1543 485 1584 gatos
508 1544 610 1582 tuos,
642 1539 750 1591 quod
770 1550 808 1578 et
830 1543 995 1594 quaestor
1015 1545 1082 1591 est,
1105 1556 1143 1584 et
1168 1549 1333 1600 quaestor
1353 1561 1459 1593 tuus.
1507 1557 1663 1598 Nocere
1693 1563 1767 1602 tibi

374 1599 518 1639 iratum
535 1604 735 1643 neminem
752 1606 855 1658 pofl‘e
871 1609 1086 1662 perspicio:
1110 1612 1174 1650 sed
1195 1623 1324 1654 tamen
1343 1626 1418 1657 tres
1439 1619 1591 1670 fratres,
1610 1625 1768 1666 summo

373 1665 462 1704 loco
487 1678 613 1715 natos,
644 1682 865 1725 promptos,
898 1690 976 1714 non
1009 1677 1230 1727 indisertos,
1262 1692 1300 1721 te
1331 1686 1425 1724 nolo
1456 1687 1598 1729 habere
1630 1693 1762 1742 iratos,

365 1733 455 1784 jure
475 1736 713 1787 praesertim:
738 1754 835 1792 quos
859 1742 971 1780 video
992 1744 1176 1799 deinceps
1199 1749 1378 1790 tribunos
1399 1754 1527 1806 plebis
1548 1771 1617 1809 per
1638 1762 1762 1800 trien-

369 1795 484 1833 nium
504 1795 602 1836 fore.
636 1800 837 1853 Tempora
857 1813 987 1842 autem
1009 1807 1236 1859 reipublicae
1257 1813 1387 1863 qualia
1407 1814 1540 1855 futura
1560 1819 1648 1866 fint,
1671 1824 1760 1875 quis

368 1860 469 1899 scit?
493 1863 602 1901 Mihi
624 1865 784 1917 quidem
807 1870 1036 1909 turbulenta
1056 1873 1240 1913 videntur
1259 1877 1356 1918 fore.
1383 1882 1466 1920 Cur
1486 1897 1558 1936 ego
1580 1895 1617 1924 te
1639 1889 1762 1931 velim

366 1926 539 1967 incidere
560 1930 600 1968 in
626 1940 787 1972 terrores
811 1936 1055 1984 tribunitios,
1078 1941 1291 1992 praesertim
1314 1959 1406 1985 cum
1427 1949 1505 1988 fine
1525 1953 1760 2008 cujusquam

366 1994 660 2045 reprehenfione
696 2000 910 2051 quaestoriis
946 2004 1083 2056 legatis
1119 2009 1348 2060 quaestorem
1383 2015 1498 2066 poffis
1532 2020 1722 2060 anteferre
1741 2025 1755 2061 ?

365 2060 449 2110 Qi
470 2061 496 2098 s1
517 2062 683 2114 dignum
704 2065 740 2103 se
761 2069 975 2120 majoribus
997 2071 1073 2110 suis
1095 2075 1320 2126 praebuerit,
1347 2080 1410 2130 (ut
1431 2081 1554 2134 spero,
1578 2094 1616 2123 et
1637 2089 1752 2140 opto)

363 2134 430 2163 tua
449 2126 531 2165 laus
553 2143 600 2166 ex
622 2130 752 2183 aliqua
772 2144 879 2186 parte
900 2136 1046 2177 fuerit:
1071 2140 1126 2177 fin
1148 2143 1245 2194 quid
1265 2144 1488 2194 offenderit,
1512 2151 1582 2189 fibi
1605 2161 1750 2202 totum,

363 2191 464 2230 nihil
486 2194 575 2240 tibi,
598 2196 820 2238 offenderit.
855 2203 953 2255 Qae
974 2204 1076 2244 mihi
1097 2208 1306 2248 veniebant
1328 2213 1366 2249 in
1389 2225 1579 2263 mentem,
1598 2233 1684 2271 quae
1705 2222 1751 2260 ad

361 2266 399 2295 te
419 2261 612 2310 pertinere
631 2264 859 2313 arbitrabar,
892 2271 999 2322 quod
1020 2272 1061 2310 in
1083 2273 1270 2314 Ciliciam
1294 2280 1582 2330 proficiscebar,
1614 2288 1747 2326 existi-

359 2325 461 2362 mavi
482 2340 546 2364 me
566 2328 612 2365 ad
633 2338 670 2367 te
691 2342 869 2384 oportere
890 2335 1070 2378 scribere.
1103 2341 1170 2378 Tu
1192 2343 1299 2395 quod
1319 2347 1458 2398 egeris,
1490 2349 1531 2387 id
1551 2351 1671 2391 velim
1693 2355 1748 2393 dii

357 2392 589 2442 approbent.
624 2396 710 2441 Sed,
729 2398 754 2435 fi
776 2413 840 2439 me
861 2402 1008 2451 audies,
1026 2406 1168 2447 vitabis
1188 2409 1435 2460 inimicitias,
1454 2424 1492 2454 et
1511 2418 1744 2470 posteritati-s

353 2457 438 2496 otio
457 2459 650 2502 consules.
682 2463 792 2505 Vale.
