2351 2997
628 240 720 277 AD
780 236 1435 278 FAMILIARES'LIB.
1482 236 1599 274 XIII.
1728 239 1796 290 361

419 340 483 378 his
504 337 638 377 studiis
660 338 858 375 literarum
881 335 1144 387 doetrin'aeque
1163 333 1387 388 praeditum,
1414 334 1560 385 quibus
1581 348 1652 386 ego
1674 337 1800 372 maxi-

422 418 484 442 me
505 403 686 440 delector.
734 403 829 440 Peto
850 402 971 453 igitur
991 401 1056 438 abs
1084 410 1134 444 te,
1166 408 1210 437 ut
1230 413 1335 443 eum,
1368 399 1441 438 slve
1461 399 1597 444 aderit,
1628 400 1703 437 five
1723 414 1801 437 non

420 469 571 507 venerit
608 468 648 505 in
685 467 873 511 Siciliam,
910 467 949 503 in
985 467 1082 503 meis
1118 465 1269 502 intimis
1306 465 1553 516 maximeque
1588 464 1802 502 neceffariis

421 533 514 571 scias
535 532 605 570 effe
623 547 630 569 :
664 533 794 583 itaque
816 532 966 574 tractes,
990 540 1032 567 ut
1053 529 1249 581 intelllgat
1269 542 1397 566 meam
1418 528 1801 567 commendationem

423 598 492 636 fibi
513 611 656 649 magno
676 597 904 649 adjumento
924 594 1049 632 fuiffe.
1082 593 1193 633 Vale.

625 796 690 834 Μ’.
723 798 777 834 Τ.
811 796 860 832 C.
893 794 1126 831 ACILIO
1168 793 1343 831 PROC.
1386 793 1423 830 S.
1457 793 1502 830 P.
1536 793 1589 831 D.

421 925 576 966 XXXI.
602 922 804 995 CAIO
837 923 986 966 Flavio,
1017 920 1179 958 honesto
1209 929 1248 958 et
1277 930 1413 958 ornato
1442 921 1575 972 equite
1604 921 1800 965 Romano,

701 997 790 1026 utor
810 988 919 1026 valde
939 986 1210 1025 familiariter:
1243 985 1321 1023 fuit
1341 986 1447 1023 enim
1468 986 1600 1037 generi
1624 987 1718 1031 mei,
1750 988 1799 1025 C.

421 1056 589 1100 Pisonis,
619 1052 931 1106 pernecessarius,
962 1065 1103 1103 meque
1133 1050 1425 1102 diligentiffime
1451 1051 1625 1089 observat
1645 1061 1683 1089 et
1707 1052 1802 1104 ipse,

419 1130 461 1159 et
495 1122 544 1159 L,
579 1119 752 1163 Flavius,
795 1116 912 1155 frater
944 1119 1042 1169 ejus.
1093 1118 1343 1168 Qapropter
1375 1116 1495 1154 velim
1529 1115 1689 1154 honoris
1725 1117 1803 1154 mei

422 1186 547 1230 causa,
569 1184 713 1237 quibus
735 1183 848 1221 rebus
869 1182 1027 1220 honeste
1046 1190 1085 1219 et
1104 1195 1175 1234 pro
1197 1191 1263 1219 tua
1282 1181 1472 1233 dignitate
1493 1182 1653 1234 poteris,
1685 1196 1804 1234 quam

420 1248 810 1290 honorificentiflime
825 1257 863 1287 et
883 1261 1002 1300 quam
1022 1247 1284 1285 liberaliffime
1305 1249 1354 1285 C.
1371 1247 1554 1285 Flavium
1575 1249 1724 1286 traetes.
1758 1247 1805 1286 Id

421 1315 524 1354 mihi
545 1316 595 1352 fic
616 1314 689 1351 erit
708 1322 878 1364 gratum,
912 1321 955 1350 ut
975 1312 1121 1364 gratius
1142 1312 1214 1349 effe
1235 1311 1336 1350 nihil
1358 1312 1484 1364 posfit.
1532 1313 1604 1350 Sed
1624 1322 1806 1364 praeterea

423 1381 499 1419 tibi
520 1379 684 1422 affirmo,
717 1391 842 1429 neque
869 1370 1150 1414 id'ambitione
1176 1376 1363 1415 adduCtus
1390 1376 1507 1422 facio,
1540 1377 1602 1415 sed
1629 1391 1721 1415 cum
1742 1377 1802 1415 fa-

421 1444 646 1484 miliaritate
667 1451 704 1479 et
727 1441 1017 1486 necessitudine,
1037 1450 1122 1478 tum
1143 1441 1260 1478 etiam
1281 1441 1460 1485 veritate;
1486 1450 1522 1479 te
1542 1455 1589 1479 ex
1611 1443 1659 1479 C.
1679 1442 1805 1480 Flavii

421 1511 556 1549 officio
584 1518 622 1546 et
648 1507 901 1551 observantia,
933 1515 971 1544 et
1001 1514 1182 1558 praeterea
1210 1505 1412 1558 splendore
1441 1516 1557 1558 atque
1583 1506 1685 1545 inter
1716 1507 1801 1545 suos

423 1577 561 1629 gratia,
593 1586 774 1625 magnam
794 1573 1037 1624 voluptatem
1058 1572 1130 1609 effe
1150 1580 1372 1624 capturum.
1405 1572 1516 1610 Vale.

632 1775 695 1813 M.
728 1777 780 1813 T.
816 1774 1129 1813 C.AC1L10
1171 1775 1346 1812 PRoc.
1389 1774 1426 1811 S.
1460 1773 1505 1810 P.
1539 1773 1592 1811 D.

417 1904 603 1944 XXXII.
631 1902 719 1973 IN
748 1902 930 1939 Halefina
950 1902 1120 1945 civitate,
1140 1910 1219 1938 tam
1239 1902 1356 1946 lauta,
1376 1911 1534 1953 tamque
1551 1900 1806 1945 nobili‚·con-

695 1968 954 2019 junctiffimos
982 1966 1109 2004 habeo
1133 1977 1171 2004 et
1199 1966 1370 2019 hospitio
1391 1976 1429 2004 et
1458 1966 1721 2004 familiaritate
1742 1966 1805 2003 Μ.

425 2044 467 2072 -et
495 2035 542 2071 C.
569 2033 746 2077 Clodios,
778 2032 1091 2084 Archagathum,
1123 2042 1161 2069 et
1194 2032 1419 2070 Philonem.
1468 2031 1540 2069 Sed
1568 2045 1713 2076 vereor,
1746 2045 1806 2076 ne,

426 2099 521 2150 quia
541 2098 762 2149 complures
786 2097 858 2134 tibi
878 2097 1072 2149 praecipue
1093 2097 1343 2141 commendo,
1362 2110 1560 2148 excequare
1576 2097 1704 2134 videar
1724 2110 1807 2133 am-

430 2164 580 2201 bitione
601 2162 766 2215 quadam
788 2162 1147 2199 commendationes
1176 2176 1306 2200 meas:
1339 2175 1564 2214 quanquam
1597 2176 1616 2199 a
1649 2172 1685 2199 te
1717 2163 1807 2213 qui-

427 2229 519 2266 dem
539 2228 737 2266 cumulate
758 2227 893 2265 satisfit
913 2236 953 2264 et
972 2226 1072 2264 mihi
1093 2236 1130 2264 et
1151 2228 1248 2265 meis
1268 2228 1469 2265 omnibus.
1517 2227 1588 2264 Sed
1614 2227 1731 2264 velim
1760 2228 1809 2264 fic

428 2293 639 2337 existimes,
672 2292 771 2330 hanc
793 2292 1000 2336 familiam,
1026 2301 1064 2328 et
1085 2291 1155 2335 hos
1177 2291 1278 2329 mihi
1299 2293 1468 2329 maxime
1488 2292 1559 2329 effe
1580 2293 1808 2345 conjunctos

428 2358 629 2402 vetustate,
661 2358 816 2402 officiis,
848 2357 1132 2395 benevolentia.
1180 2357 1451 2408 Qamobrem
1476 2367 1566 2409 peto
1587 2371 1606 2393 a
1628 2366 1663 2393 te
1684 2344 1808 2406 majo-

429 2438 513 2462 -rem
534 2425 574 2460 in
596 2423 775 2467 modum,
808 2433 850 2462 ut
870 2423 947 2468 his,
982 2423 1166 2461 omnibus
1189 2424 1229 2460 in
1251 2423 1380 2468 rebus,
1412 2432 1604 2474 quantum
1627 2431 1690 2458 tua
1717 2420 1810 2457 fides

513 2490 654 2526 TOM.
688 2488 782 2526 VII.
1222 2491 1225 2494 ⁴
1427 2488 1459 2524 Z
1492 2500 1513 2524 z
