2351 2997
591 278 682 315 AD
741 277 1208 318 FAMILIARES
1268 283 1399 322 LIB.
1447 286 1563 326 XIII.
1696 305 1765 343 341

530 514 593 551 M.
627 516 680 553 T.
715 515 955 553 C1CERO
998 518 1060 556 M.
1094 519 1374 559 RUT1L10
1418 525 1454 562 S.
1488 526 1532 563 P.
1568 527 1620 564 D.

386 639 501 678 VIII.
528 641 594 713 C
612 643 712 680 UM
743 654 781 681 et
811 644 912 681 mihi
943 645 1120 683 conscius
1141 646 1270 691 essem,
1302 652 1438 700 quanti
1460 660 1496 688 te
1518 652 1699 699 facerem,
1730 665 1770 694 et

626 716 734 745 tuam
766 721 855 759 erga
885 722 948 745 me
977 709 1290 749 benevolentiam
1317 724 1498 766 expertus
1527 717 1656 762 ess'em,
1690 733 1768 757 non

383 768 558 808 dubitavi
581 784 601 808 a
622 780 658 808 te
682 781 826 824 petere,
857 773 962 824 quod
993 774 1095 812 mihi
1123 777 1339 827 petendum
1369 779 1472 818 efl'et.
1520 782 1564 819 P.
1590 784 1767 822 Sextium

381 836 518 883 quanti
539 835 696 882 faciam,
720 837 798 889 ipse
820 840 970 890 optime
991 840 1071 877 scio
1092 856 1101 878 2
1134 843 1270 893 quanti
1291 853 1421 882 autem
1443 845 1568 884 facere
1589 848 1767 895 debeam,

380 908 419 936 et
441 908 498 945 tu,
521 910 559 939 et
580 915 714 940 omnes
736 902 915 941 homines
938 905 1079 944 sciunt.
1113 907 1150 944 Is
1172 921 1263 945 cum
1284 922 1331 946 ex
1353 910 1437 947 aliis
1461 920 1497 948 te
1519 913 1595 950 mei
1616 913 1766 952 studio-

381 964 566 1004 fiffimum
586 967 658 1004 esse
679 969 890 1019 cognoffet,
922 970 1063 1021 petivit
1083 985 1103 1008 a
1123 985 1200 1017 me,
1229 982 1272 1010 ut
1292 973 1336 1011 ad
1360 983 1396 1012 te
1418 989 1536 1027 quam
1557 981 1766 1018 accuratis-

380 1029 472 1067 fime
493 1030 700 1070 scriberem
728 1033 774 1071 de
803 1048 842 1071 re
873 1035 921 1072 C.
946 1036 1089 1073 Albini
1107 1037 1318 1083 senatoris,
1351 1042 1462 1092 cujus
1484 1056 1531 1080 ex
1552 1044 1633 1081 filia
1653 1054 1766 1084 natus

379 1094 432 1132 est
447 1096 496 1133 L.
513 1097 682 1142 Sextius,
702 1099 876 1150 optimus
897 1100 1132 1146 adolescens,
1152 1102 1257 1141 filius
1274 1105 1318 1141 P.
1336 1106 1472 1144 Sextii.
1507 1109 1598 1146 Hoc
1616 1109 1766 1148 idcirco

378 1159 523 1211 scripsi,
556 1170 599 1199 ut
629 1162 883 1215 intelligeres,
915 1178 995 1202 non
1028 1166 1154 1204 solum
1186 1181 1249 1205 me
1269 1182 1340 1220 pro
1368 1170 1413 1208 P.
1438 1171 1570 1210 Sextio
1591 1174 1765 1213 laborare

378 1224 531 1270 debere,
563 1226 626 1264 sed
655 1228 833 1266 Sextium
853 1230 972 1267 etiam
1002 1244 1073 1282 pro
1094 1232 1260 1271 Albino.
1308 1235 1386 1272 Res
1418 1246 1548 1275 autem
1581 1238 1634 1276 est
1663 1239 1762 1280 haec.

378 1290 414 1326 A
442 1290 505 1328 M.
531 1291 698 1329 Laberio
734 1294 787 1331 C..
806 1294 978 1332 Albinus
1015 1296 1156 1347 praedia
1189 1298 1231 1334 in
1265 1299 1560 1341 :estimationem
1595 1307 1763 1357 accepit,

377 1367 462 1405 quae
482 1356 624 1406 praedia
644 1357 834 1395 Laberius
855 1369 1000 1397 emerat
1020 1374 1041 1397 a
1062 1361 1208 1399 Caesare
1236 1363 1282 1401 de
1311 1365 1423 1403 bonis
1454 1367 1657 1408 Plotianis.
1706 1372 1764 1409 Ea

376 1419 402 1456 fi
423 1419 552 1458 dicam
573 1435 652 1459 non
673 1422 744 1460 effe
764 1436 784 1460 e
805 1424 1007 1475 republica
1027 1425 1165 1471 dividi,
1198 1427 1335 1466 docere
1361 1440 1398 1468 te
1419 1432 1562 1477 videar,
1595 1448 1673 1472 non
1696 1450 1762 1473 ro-

374 1497 476 1536 gare.
525 1486 597 1523 Sed
627 1495 772 1532 tamen,
804 1502 896 1526 cum
919 1490 1043 1528 Caesar
1064 1492 1236 1542 Syllanas
1266 1495 1509 1534 venditiones
1539 1508 1577 1536 et
1598 1500 1761 1552 affigna-

376 1550 501 1587 tiones
532 1560 629 1588 ratas
660 1552 730 1589 effe
757 1552 867 1598 velit,
899 1568 979 1606 quo
1009 1555 1200 1595 firmiores
1230 1559 1503 1599 existimentur
1530 1563 1631 1609 suae3
1665 1565 1691 1603 fi
1720 1580 1763 1604 ea

373 1614 515 1666 praedia
541 1615 778 1662 dividentur,
810 1631 896 1669 quae
926 1619 1006 1671 ipse
1038 1621 1162 1659 Caesar
1190 1624 1381 1670 vendidit,
1413 1641 1499 1679 quae
1528 1629 1686 1668 tandem
1718 1631 1760 1668 in

373 1681 456 1731 ejus
478 1680 771 1719 venditionibus
793 1683 864 1721 effe
884 1685 1029 1735 poterit
1049 1688 1282 1725 auctoritas?
1307 1690 1379 1727 Sed
1399 1690 1476 1729 hoc
1497 1694 1610 1744 quale
1631 1695 1691 1739 fit,
1716 1704 1761 1733 tu

372 1758 444 1797 pro
465 1754 530 1783 tua
549 1746 756 1798 prudentia
776 1748 1048 1788 confiderabis.
1096 1753 1184 1804 Ego
1211 1762 1248 1790 te
1268 1754 1382 1805 plane
1404 1770 1512 1808 rogo,
1544 1768 1660 1810 atque
1689 1760 1757 1806 ita,

374 1820 419 1848 ut
448 1812 593 1862 majore
623 1812 763 1857 studio,
789 1813 952 1864 justiore
982 1815 1028 1853 de
1057 1818 1180 1862 causa,
1212 1820 1336 1871 magis
1367 1835 1414 1859 ex
1448 1824 1594 1868 animo,
1627 1839 1760 1877 rogare

372 1874 474 1913 nihil
495 1876 648 1928 poffim,
682 1887 725 1915 ut
746 1878 896 1917 Albino
917 1894 1062 1932 parcas,
1094 1883 1236 1934 praedia
1266 1886 1479 1924 Laberiana
1505 1902 1553 1926 ne
1573 1891 1756 1943 attingas.

371 1941 521 1992 Magna
553 1955 617 1979 me
651 1942 822 1982 affeceris
858 1958 937 1982 non
972 1946 1091 1984 modo
1125 1947 1274 1993 laetitia,
1312 1949 1375 1988 sed
1409 1953 1527 1990 etiam
1562 1955 1757 2006 quodam-

370 2006 489 2044 modo
523 2007 661 2058 gloria,
694 2009 719 2046 fi
755 2009 800 2047 P.
832 2011 984 2049 Sextius
1015 2011 1172 2051 homini
1203 2017 1374 2053 maxime
1406 2018 1612 2057 necessario
1644 2022 1755 2059 satis-

370 2071 508 2109 fecerit
538 2086 606 2123 per
635 2087 712 2118 me,
745 2087 837 2112 cum
867 2089 940 2127 ego
970 2077 1032 2114 illi
1062 2078 1130 2115 uni
1160 2079 1379 2131 plurimum
1411 2083 1587 2123 debeam.
1635 2087 1755 2139 Qod

370 2145 414 2174 ut
434 2136 566 2182 facias,
598 2146 636 2175 te
656 2138 907 2178 vehementer
926 2142 1045 2180 etiam
1065 2151 1182 2196 atque
1202 2146 1319 2185 etiam
1340 2161 1451 2200 rogo.
1497 2150 1631 2202 Majus
1653 2152 1755 2192 mihi

369 2203 457 2240 dare
488 2203 725 2244 beneficium
755 2206 913 2247 nullum
942 2217 1068 2260 potes.
1115 2210 1161 2248 ld
1191 2211 1292 2251 mihi
1325 2214 1523 2268 intelliges
1559 2216 1630 2256 effe
1663 2231 1752 2271 gra=

370 2268 572 2309 tiffimurn.
