2351 2997
555 251 604 290 30
899 237 1584 277 EPISTOLARUM

553 338 723 376 reditum
745 338 929 383 incidere,
963 347 1006 375 ut
1026 339 1073 376 iis
1096 338 1223 382 bonis,
1256 353 1341 390 quae
1363 339 1438 376 tibi
1458 347 1607 384 natura,
1639 339 1779 385 studio,
1801 340 1935 380 form<

553 417 613 449 na,
633 404 719 441 data
738 404 840 448 sunt,
859 403 1013 441 facilius
1030 404 1175 447 omnia,
1194 417 1279 454 quae
1300 403 1389 441 sunt
1404 405 1633 456 amplissima
1652 406 1693 443 in
1716 407 1931 458 republica,

551 469 737 520 consequi
756 469 886 520 possis,
919 481 1036 519 quam
1063 466 1320 506 muneribus:
1352 482 1523 520 quorum
1550 483 1677 522 neque
1703 471 1934 511 facultatem

550 534 757 586 quisquam
778 533 1004 577 admiratur,
1040 532 1110 583 (est
1130 533 1237 570 enim
1258 533 1475 585 copiarum,
1507 547 1586 572 non
1607 536 1781 587 virtutis)
1806 551 1935 590 neque

550 599 757 651 quisquam
779 598 845 643 est,
877 598 975 650 quin
997 597 1167 635 satietate
1182 599 1266 649 jam
1286 597 1448 636 defessus
1470 599 1528 638 fit.
1568 600 1640 637 Sed
1660 600 1785 646 aliter,
1816 612 1936 655 atque

548 663 802 708 ostenderam,
831 662 949 707 facio,
972 663 1041 714 qui
1063 663 1256 714 ingrediar
1275 664 1321 700 ad
1342 664 1613 715 explicandam
1634 666 1824 704 rationem
1846 666 1934 705 sen-

549 729 680 767 tentiae
701 743 809 767 meae.
857 730 988 780 Qare
1017 742 1177 766 omnem
1206 728 1308 766 hanc
1335 729 1640 782 disputationem
1660 732 1701 768 in
1722 732 1935 771 adventum

552 804 667 832 tuum
689 794 841 832 differo.
889 795 1050 831 Summa
1073 794 1170 831 scito
1191 795 1231 831 in
1253 796 1519 847 expectatione
1541 805 1578 834 te
1598 797 1683 842 effe,
1715 811 1834 850 eaque
1855 812 1876 836 a
1896 808 1934 836 te

548 859 755 911 expectari,
785 873 871 911 quae
890 872 910 896 a
930 859 1082 896 summa
1100 859 1244 897 virtute
1266 859 1498 912 summoque
1519 861 1678 912 ingenio
1698 863 1934 914 expectanda

546 924 637 962 sunt
655 940 664 962 :
697 924 743 962 ad
764 938 849 976 quae
870 924 895 962 fi
918 937 971 968 eS‚
1003 934 1047 961 ut
1068 924 1198 968 debes,
1231 934 1400 976 paratus,
1436 926 1561 976 (quod
1589 927 1643 964 ita
1662 927 1733 964 ess'e
1754 927 1929 978 confido)

546 989 730 1041 plurimis
752 989 1012 1041 maximisque
1040 989 1269 1026 muneribus
1300 999 1338 1027 et
1367 1003 1437 1027 nos
1467 991 1613 1028 amicos
1643 1000 1681 1028 et
1710 991 1812 1029 cives
1843 1002 1931 1030 tuos

548 1055 744 1092 universos
775 1064 813 1092 et
835 1054 1130 1106 ‚rempublicam
1159 1055 1317 1092 afficies.
1365 1054 1471 1092 Illud
1492 1056 1710 1106 ,cognosces
1741 1055 1929 1108 profecto,

547 1118 647 1156 mihi
670 1128 706 1157 te
728 1132 853 1172 neque
873 1119 1076 1163 cariorem,
1109 1131 1234 1170 neque
1255 1118 1550 1170 jucundiorem,
1582 1120 1653 1158 effe
1674 1135 1927 1174 quemquam.

546 1185 655 1224 Vale.

846 1386 909 1423 M.
940 1387 993 1424 T.
1025 1386 1073 1424 C.
1104 1386 1153 1424 C.
1187 1387 1454 1424 CUR10N1
1498 1387 1535 1425 S.
1569 1388 1623 1426 D„

544 1514 618 1552 IV.
640 1513 704 1584 E
718 1513 775 1551 ΡΙ
789 1514 1151 1552 STOLARUM
1171 1527 1312 1567 genera
1332 1515 1457 1553 multa
1472 1515 1543 1553 esse
1564 1529 1642 1554 non
1663 1517 1839 1568 ignoras:
1863 1514 1928 1553 sed

736 1592 861 1616 unum
882 1578 982 1615 illud
1002 1578 1272 1624 certissimum,
1303 1580 1415 1630 cujus
1446 1580 1555 1617 causa
1580 1580 1737 1618 inventa
1763 1593 1821 1618 res
1847 1580 1929 1632 ipsa

540 1643 610 1688 est,
630 1652 673 1682 ut
694 1644 875 1681 certiores
892 1643 1108 1681 faceremus
1125 1645 1314 1688 absentes,
1333 1645 1358 1682 fi
1376 1645 1472 1696 quid
1489 1645 1592 1690 esset,
1611 1645 1718 1698 quod
1734 1659 1798 1683 eos
1815 1645 1926 1690 scire,

541 1718 609 1747 aut
630 1709 756 1746 nostra
774 1718 840 1746 aut
860 1709 1034 1761 ipsorum
1055 1710 1262 1748 interesset.
1310 1710 1443 1762 Hujus
1473 1712 1624 1762 generis
1655 1711 1783 1748 literas
1813 1724 1834 1748 a
1861 1723 1927 1749 me

539 1774 717 1826 profecm
738 1788 816 1812 non
838 1775 1008 1827 expetis:
1033 1784 1187 1814 tuarum
1209 1775 1316 1813 enim
1336 1789 1466 1813 rerum
1487 1775 1786 1814 domesticarum
1805 1774 1925 1813 habes

540 1848 581 1878 et
601 1839 805 1892 scriptores
827 1848 866 1877 et
889 1840 1049 1878 nuntios
1069 1856 1077 1878 :
1110 1841 1150 1878 in
1184 1841 1280 1878 meis
1312 1849 1443 1878 autem
1476 1841 1589 1879 rebus
1622 1840 1724 1878 nihil
1755 1840 1808 1879 est
1839 1840 1927 1878 sane

542 1906 648 1943 novi.
695 1905 866 1957 Reliqua
895 1905 984 1942 sunt
1012 1905 1261 1958 epistolarum
1285 1919 1424 1957 genera
1444 1906 1536 1952 duo,
1569 1921 1654 1959 quae
1673 1920 1738 1944 me
1757 1919 1926 1958 magno-

541 1984 630 2022 pere
651 1970 870 2015 delectant3
903 1984 1027 2008 unum
1047 1970 1239 2009 familiare
1259 1980 1297 2009 et
1311 1971 1492 2023 jocosum
1510 1991 1521 2017 3
1553 1972 1719 2010 alterum
1749 1971 1925 2010 severum

540 2044 580 2075 et
599 2050 726 2088 grave.
771 2037 874 2074 Utro
898 2050 960 2074 me
987 2037 1118 2074 minus
1148 2036 1279 2074 deceat
1306 2037 1380 2082 uti,
1411 2051 1490 2075 non
1518 2037 1714 2089 intelligo.
1758 2038 1924 2088 Jocerne

541 2110 674 2139 tecum
704 2115 772 2154 per
800 2102 960 2140 literas?
993 2102 1119 2141 civem
1149 2102 1373 2141 mehercule
1393 2116 1471 2140 non
1493 2112 1589 2156 puto
1610 2103 1695 2148 effe,
1727 2103 1797 2155 qui
1817 2112 1922 2141 tem-

540 2168 702 2220 poribus
723 2167 784 2206 his
806 2168 928 2206 ridere
948 2168 1075 2220 pofiit.
1098 2172 1163 2207 An
1180 2170 1333 2221 gravius
1351 2169 1499 2221 aliquid
1520 2170 1713 2208 scribam?
1735 2169 1831 2222 quid
1851 2169 1919 2214 est,

541 2233 648 2285 quod
668 2233 782 2285 poffit
802 2233 968 2285 graviter
988 2248 1008 2271 a
1027 2234 1220 2272 Cicerone
1242 2235 1357 2272 scribi
1378 2235 1423 2272 ad
1446 2236 1676 2280 Curionem,
1699 2235 1769 2272 nifi
1790 2235 1837 2272 de
1857 2248 1920 2272 re-

540 2298 730 2351 publica?
752 2300 885 2351 Atque
906 2299 947 2336 in
968 2298 1044 2337 hoc
1064 2313 1203 2352 genere
1223 2299 1305 2338 haec
1326 2314 1412 2338 mea
1432 2300 1542 2338 causa
1561 2301 1628 2346 est,
1653 2309 1697 2338 ut
1717 2313 1843 2352 neque
1862 2313 1919 2345 ea,

539 2377 624 2417 quae
646 2377 750 2402 nunc
772 2365 908 2410 sentio,
939 2365 1060 2403 velim
1080 2366 1257 2404 scribere.
1296 2366 1580 2418 Qamobrem,
1612 2366 1799 2418 quoniam
1819 2364 1922 2404 mihi

541 2430 700 2469 nullum
729 2430 923 2469 scribendi
951 2440 1229 2484 argumentum
1258 2432 1440 2470 relictum
1469 2432 1535 2478 est,
1567 2441 1652 2470 utar
1672 2446 1715 2470 ea
1733 2431 1917 2475 clausula,

541 2510 617 2550 qua
636 2496 739 2536 soleo
754 2516 767 2544 5
800 2506 916 2551 teque
936 2497 983 2537 ad
1013 2497 1186 2537 studium
1216 2498 1375 2538 summae
1407 2498 1531 2538 laudis
1559 2497 1807 2537 cohortabor.
1850 2496 1920 2535 Est
