2351 2997
598 241 691 278 AD
752 233 1218 276 FAMILIARES
1279 232 1410 270 LIB.
1463 231 1554 269 XV.
1689 244 1767 285 405

389 342 554 380 alienata
572 352 592 376 a
613 337 741 381 nobis,
768 344 812 373 ut
832 347 958 386 neque
977 332 1261 385 expectandum
1281 331 1329 369 ab
1350 331 1413 375 iis,
1436 343 1561 383 neque
1581 331 1769 368 commit-

391 407 556 445 tendum
577 404 639 448 iis,
671 401 889 454 quidquam
908 399 979 437 effe
999 398 1187 436 videatur.
1229 397 1350 449 Regis
1372 397 1549 449 Dejotari
1568 405 1607 433 et
1627 396 1770 433 volun-

391 481 513 510 tatem
533 479 570 507 et
591 468 736 520 copiaS,
754 475 1064 519 quantaecunque
1085 464 1188 508 sunt,
1211 463 1354 501 nostras
1374 463 1445 501 effe
1466 463 1582 501 duco.
1615 463 1771 513 Cappa-

391 537 503 575 docia
522 535 575 573 est
594 534 735 572 inanis.
786 532 947 583 Reliqui
969 544 1074 582 reges
1096 530 1342 581 tyrannique,
1373 542 1499 581 neque
1519 528 1660 581 opibus
1682 527 1769 564 satis

393 602 513 645 firmi,
544 613 616 637 nec
651 598 865 641 voluntate,
897 596 999 633 sunt.
1046 593 1156 632 Mihi
1186 594 1226 630 in
1261 592 1333 630 hac
1368 594 1561 645 paucitate
1593 592 1772 629 militum

392 667 545 704 animus
567 674 670 703 certe
699 676 777 700 non
808 661 956 704 deerit;
988 659 1096 710 spero
1126 672 1174 695 ne
1202 658 1410 695 confilium
1439 657 1614 709 quidem.
1662 656 1772 707 Qid

390 732 569 769 casurum
591 730 649 772 fit,
672 728 867 764 incertum
887 724 954 762 est.
988 723 1153 761 Utinam
1175 722 1287 761 saluti
1307 722 1442 760 nostrae
1462 721 1661 760 consulere
1680 720 1772 774 pos-

391 797 507 835 simus
524 814 537 841 3
570 792 753 845 dignitati
773 799 877 829 certe
897 789 1160 829 consulemus,

403 997 467 1035 M.
500 997 707 1034 TULLms
752 994 815 1032 M.
849 993 896 1031 F.
930 993 1105 1030 CICERO
1149 991 1339 1029 Pssocos.
1383 990 1421 1027 S.
1454 989 1499 1027 P.
1532 989 1586 1028 D.
1631 990 1762 1028 Coss,

695 1061 892 1099 PRAETT.
924 1059 1090 1096 TRIBB.
1124 1057 1200 1095 PL.
1234 1056 1461 1094 SENATUI.

392 1191 448 1229 ΙΙ.
474 1187 521 1262 S
538 1190 556 1227 I
586 1203 653 1227 vos
674 1188 824 1234 valetis,
856 1188 954 1225 bene
974 1186 1027 1224 est
1045 1201 1055 1225 ε
1086 1199 1159 1238 ego
1178 1184 1340 1238 quidem
1361 1183 1482 1222 valeo.
1521 1184 1626 1221 Cum
1647 1183 1773 1235 pridie

551 1255 641 1293 Kal.
678 1255 784 1292 Sext.
820 1255 861 1292 in
897 1252 1141 1305 provinciam
1176 1250 1375 1294 veniffem,
1415 1263 1542 1302 neque
1580 1250 1772 1287 maturius

391 1329 551 1373 propter
570 1321 757 1357 itinerum
777 1328 814 1356 et
835 1318 1131 1369 navigationum
1156 1316 1431 1354 difficultatem
1461 1316 1589 1353 venire
1620 1315 1772 1367 potuis-

393 1385 487 1430 sem,
519 1386 689 1423 maxime
710 1384 917 1421 convenire
938 1383 1069 1420 officio
1089 1395 1177 1419 meo
1198 1381 1331 1433 reique
1357 1381 1526 1433 publicae
1555 1380 1774 1418 conducere

392 1451 541 1503 putavi,
572 1463 701 1502 parare
721 1463 777 1494 ea,
809 1462 895 1500 quae
924 1448 971 1486 ad
999 1447 1232 1491 exercitum,
1264 1460 1428 1498 quaeque
1451 1446 1498 1483 ad
1518 1459 1601 1483 rem
1621 1445 1771 1483 milita-

392 1530 489 1561 rem,
507 1516 760 1568 pertinerent.
793 1516 892 1565 Qae
913 1527 1006 1552 cum
1026 1513 1144 1551 effent
1164 1526 1184 1550 a
1203 1526 1267 1550 me
1286 1525 1378 1550 cura
1398 1512 1521 1563 magis
1542 1520 1580 1549 et
1600 1511 1773 1563 diligen-

392 1582 460 1626 tia,
491 1594 609 1631 quam
628 1579 813 1617 facultate
833 1588 871 1616 et
891 1579 1017 1630 copia,
1043 1577 1267 1622 constituta,
1298 1577 1507 1629 nuntiique
1528 1585 1565 1614 et
1586 1577 1705 1614 literae
1726 1576 1774 1613 de

392 1646 513 1689 bello,
544 1658 564 1682 a
586 1643 738 1682 Parthis
760 1644 800 1681 in
821 1643 1064 1696 provinciam
1089 1643 1237 1693 Syriam
1258 1641 1383 1686 illato,
1415 1641 1592 1694 quotidie
1612 1640 1692 1678 fere
1711 1640 1772 1678 af-

392 1709 613 1754 ferrentur;
637 1709 709 1746 iter
729 1708 830 1746 mihi
850 1707 1075 1745 faciendum
1098 1720 1164 1758 per
1184 1707 1438 1757 Lycaoniam,
1461 1714 1499 1743 et
1519 1718 1586 1757 per
1607 1705 1771 1749 Isauros,

392 1785 430 1813 et
451 1789 518 1828 per
540 1774 843 1827 Cappadociam,
874 1773 1080 1811 arbitratus
1103 1772 1186 1810 sum
1206 1787 1214 1810 z
1247 1780 1326 1809 erat
1352 1772 1459 1809 enim
1488 1784 1628 1822 magna
1647 1770 1772 1822 suspi-

393 1842 470 1886 cio,
503 1840 680 1884 Parthos,
707 1840 733 1877 fi
755 1853 801 1877 ex
823 1840 929 1889 Syria
948 1837 1078 1889 egredi
1100 1848 1216 1888 atque
1236 1838 1449 1889 irrumpere
1469 1836 1509 1873 in
1531 1849 1657 1874 meam
1678 1848 1773 1887 pro-

392 1906 562 1945 vinciam
583 1913 829 1949 conarentur,
856 1905 929 1941 iter
948 1917 1012 1941 eos
1032 1916 1101 1955 per
1121 1902 1424 1954 Cappadociam,
1456 1901 1561 1953 quod
1582 1915 1624 1938 ea
1644 1900 1773 1938 maxi-

393 1985 456 2009 me
478 1979 636 2023 pateret,
659 1969 730 2007 effe
750 1969 934 2007 facturos.
967 1969 1101 2019 Itaque
1122 1980 1214 2005 cum
1233 1967 1408 2004 exercitu
1427 1980 1495 2018 per
1516 1965 1772 2018 Cappadociae

393 2045 542 2089 partem
563 2049 661 2079 eam,
693 2049 777 2086 quae
802 2048 894 2072 cum
916 2033 1059 2071 Cilicia
1078 2033 1284 2070 continens
1305 2031 1376 2076 est,
1403 2032 1476 2068 iter
1496 2030 1600 2076 feci‚·
1632 2031 1771 2068 castra-

393 2115 469 2153 que
490 2101 535 2137 ad
558 2099 748 2150 Cybistra,
772 2098 879 2151 quod
898 2097 1091 2150 oppidum
1110 2097 1163 2134 est
1182 2096 1229 2134 ad
1249 2106 1426 2134 montem
1447 2098 1640 2140 Taurum,
1664 2096 1771 2133 loca-

392 2168 457 2211 vi;
491 2176 533 2204 ut
555 2164 776 2209 Artuasdes,
808 2178 873 2202 rex
894 2163 1123 2207 Armenius,
1154 2176 1391 2214 quocunque
1410 2162 1542 2199 animo
1562 2162 1665 2206 esset,
1694 2162 1775 2199 sci-

395 2242 466 2277 ret,
499 2245 576 2269 non
598 2229 735 2283 procul
764 2243 784 2267 a
813 2229 888 2267 suis
916 2229 1060 2266 finibus
1082 2228 1298 2266 exercitum
1319 2228 1456 2280 populi
1477 2228 1648 2264 Romani
1669 2227 1767 2271 effe;

394 2307 432 2335 et
454 2298 700 2348 Dejotarum‚
733 2294 997 2332 fideliflimum
1027 2307 1157 2345 regem
1177 2302 1293 2344 atque
1312 2293 1586 2330 amicissimum
1608 2292 1768 2343 reipub-

393 2364 479 2400 licae
501 2361 648 2406 nostrae,
674 2361 844 2398 maxime
864 2361 1120 2411 conjunctum
1139 2358 1339 2403 haberem,
1362 2359 1474 2410 cujus
1494 2368 1532 2396 et
1553 2358 1712 2396 consilio
1732 2366 1770 2395 et

394 2428 535 2480 opibus
556 2426 726 2479 adjuvari
747 2426 865 2478 poffet
886 2425 1115 2478 respublica.
1167 2426 1259 2475 Qo
1279 2438 1371 2462 cum
1391 2424 1432 2461 in
1453 2424 1542 2461 loco
1561 2423 1678 2461 castra
1695 2421 1771 2459 ha-

395 2495 539 2538 berem,
558 2493 855 2546 equitatumque
871 2492 909 2530 in
930 2491 1113 2530 Ciliciam
1128 2490 1323 2536 mififfem,
1343 2498 1384 2529 ut
1400 2499 1438 2529 et
1453 2503 1562 2530 meus
1583 2488 1768 2527 adventus
