2351 2997
546 244 596 270 20
796 235 1573 278 vEPISTOLARUM

545 332 616 384 qui
648 333 759 385 (cum
795 334 977 373 tribunus
1010 337 1137 388 plebis
1173 352 1305 390 peenas
1336 353 1356 376 a
1385 339 1565 379 seditioso
1594 341 1678 380 cive
1704 354 1772 395 per
1800 343 1922 381 bonos

544 398 647 436 viros
661 399 816 450 judicio
831 401 1009 453 persequi
1029 403 1164 452 vellet)
1184 404 1411 456 exemplum
1427 407 1758 457 praeclariffimum
1774 408 1814 446 in
1832 408 1921 461 pos-

544 472 673 502 terum
694 466 935 503 vindicandae
956 467 1155 506 seditionis
1177 469 1223 506 de
1253 471 1455 522 republica
1483 472 1717 512 sustulerunt
1736 490 1744 513 :
1777 474 1920 513 iidem-

543 543 621 581 que
640 530 769 582 postea
789 545 866 569 non
889 546 1023 570 meum
1044 544 1364 581 monumentum,
1385 538 1482 589 (non
1502 538 1609 575 enim
1630 538 1706 577 illae
1727 540 1922 577 manubiae

542 610 653 641 meae‚
685 596 747 634 sed
774 598 901 649 operis
929 598 1073 638 locatio
1099 614 1185 638 mea
1211 600 1354 652 fuerat)
1378 614 1683 642 monumentum
1703 619 1793 643 vero
1814 606 1921 643 sena-

542 670 621 706 tus,
652 661 785 701 hostili
817 665 978 703 nomine
1009 675 1047 704 et
1074 669 1245 706 cruentis
1273 669 1446 708 inustum
1470 671 1592 709 literis
1613 671 1685 709 effe
1704 672 1795 723 paffi
1816 672 1919 710 sunt.

542 728 627 779 Qi
653 741 716 766 me
741 727 922 768 homines
947 733 1054 783 quod
1075 732 1223 770 salvum
1243 734 1314 772 effe
1334 735 1557 781 voluerunt,
1587 736 1640 773 est
1660 735 1762 774 mihi
1781 737 1920 788 gratis-

540 793 711 833 fimum:
744 795 807 833 sed
838 797 980 835 vellem
1012 811 1091 836 non
1123 799 1250 837 solum
1282 800 1413 839 salutis
1444 815 1553 847 meae,
1583 802 1919 854 quemadmodum

539 859 700 904 medici,
719 859 796 905 sed,
815 870 858 899 ut
875 862 1018 914 aliptae,
1037 864 1155 901 etiam
1176 865 1319 904 virium
1337 876 1375 903 et
1396 867 1553 912 coloris,
1572 868 1762 906 rationem
1777 867 1921 906 habere

539 924 761 965 voluiffent.
805 928 942 973 Nunc,
975 938 1018 967 ut
1046 930 1207 982 Apelles
1234 932 1396 970 Veneris
1427 942 1544 985 caput
1572 942 1611 971 et
1640 933 1791 972 summa
1823 947 1918 986 pec-

538 992 634 1029 toris
666 992 892 1044 politiffima
923 1004 1002 1032 arte
1032 996 1213 1048 perfecit,
1245 998 1436 1050 reliquam
1466 1009 1616 1051 partem
1649 1001 1821 1051 corporis
1853 1001 1917 1037 in-

537 1056 719 1095 choatam
735 1058 920 1110 reliquit,
945 1060 994 1098 fic
1011 1062 1171 1112 quidam
1187 1062 1368 1100 homines
1385 1064 1426 1100 in
1443 1065 1569 1116 capite
1585 1078 1673 1102 meo
1689 1064 1816 1102 solum
1836 1065 1917 1103 ela-

538 1122 739 1169 borarunt,
770 1124 968 1176 reliquum
996 1139 1136 1178 corpus
1165 1127 1441 1180 imperfectum
1467 1143 1510 1167 ac
1537 1130 1632 1167 rude
1658 1130 1916 1183 reliquerunt.

535 1189 584 1227 In
617 1202 695 1241 quo
722 1202 795 1241 ego
824 1190 930 1242 spem
958 1190 1083 1229 fefelli
1104 1206 1183 1231 non
1205 1193 1325 1232 modo
1345 1195 1585 1240 invidorum,
1615 1195 1679 1233 sed
1699 1197 1816 1234 etiam
1836 1197 1916 1234 ini-

536 1255 733 1293 micorum
759 1269 965 1294 meorum:
999 1259 1068 1309 qui
1100 1258 1147 1296 de
1178 1273 1258 1297 uno
1289 1261 1477 1298 acerrimo
1509 1270 1547 1298 et
1578 1260 1785 1299 fortiffimo
1815 1262 1914 1307 viro,

535 1333 703 1371 meoque
735 1320 915 1371 judicio,
947 1323 1129 1360 omnium
1163 1324 1435 1376 magnitudine
1469 1326 1590 1363 animi
1625 1336 1662 1364 et
1701 1327 1915 1365 constantia

535 1384 855 1437 praestantiffimO,
888 1387 1134 1438 QMetello
1162 1390 1279 1427 Lucii
1307 1390 1404 1435 filio,
1436 1391 1635 1443 quondam
1661 1390 1797 1429 falsam
1823 1393 1914 1445 opi-

534 1451 693 1489 nionem
714 1462 972 1503 acceperunt;
1006 1468 1123 1506 quem
1147 1455 1229 1507 post
1250 1456 1419 1494 reditum
1440 1457 1620 1495 dictitant
1641 1456 1762 1496 fracto
1782 1459 1915 1497 animo

533 1525 572 1554 et
593 1516 752 1554 demisso
772 1516 897 1555 fuiffe.
943 1519 1010 1556 Est
1036 1534 1126 1558 vero
1153 1522 1414 1573 probandum,
1446 1524 1515 1575 qui
1540 1533 1577 1561 et
1598 1524 1749 1561 summa
1768 1524 1912 1562 volun-

534 1591 611 1619 tate
627 1581 789 1627 cefl'erit,
807 1592 845 1619 et
865 1585 1018 1635 egregia
1033 1586 1154 1623 animi
1175 1587 1370 1624 alacritate
1391 1587 1574 1634 abfuerit,
1597 1602 1723 1640 neque
1744 1589 1829 1626 sane
1850 1603 1910 1626 re-

529 1647 611 1684 dire
631 1648 789 1692 curarit,
816 1662 906 1687 eum
928 1650 978 1687 ob
1000 1650 1040 1687 id
1060 1651 1189 1703 ipsum
1210 1652 1377 1690 fractum
1398 1653 1523 1698 fuiffe,
1546 1654 1586 1690 in
1608 1668 1687 1706 quo
1708 1667 1800 1692 cum
1822 1668 1910 1692 om-

528 1725 595 1749 nes
617 1710 814 1757 homines,
837 1722 923 1751 tum
945 1715 1008 1752 M.
1027 1715 1144 1754 illum
1165 1718 1367 1763 Scaurum,
1391 1719 1624 1770 singularem
1645 1720 1788 1764 virum,
1811 1733 1909 1757 con-

530 1777 665 1815 stantia
692 1787 730 1815 et
756 1780 943 1830 gravitate
970 1780 1186 1832 superaffet.
1230 1783 1316 1828 Sed,
1349 1784 1454 1835 quod
1487 1784 1533 1821 de
1562 1784 1635 1822 illo
1666 1794 1907 1836 acceperant,

528 1853 594 1880 aut
628 1844 746 1881 etiam
779 1843 1083 1897 suspicabantur,
1116 1847 1162 1884 de
1197 1862 1260 1886 me
1292 1848 1397 1886 idem
1431 1849 1671 1900 cogitabant,
1703 1850 1914 1901 abjectiore

529 1909 660 1946 animo
682 1923 745 1946 me
765 1908 969 1949 futurum:
1003 1926 1095 1950 cum
1116 1913 1333 1966 respublica
1353 1916 1540 1966 majorem
1561 1915 1678 1952 etiam
1700 1914 1801 1952 mihi
1821 1915 1908 1952 ani-

529 1988 656 2019 mum,
679 1988 798 2027 quarn
819 1989 993 2028 unquam
1013 1977 1241 2024 habuiffem‚
1269 1980 1388 2025 daret,
1411 1994 1495 2032 quae
1518 1980 1749 2025 declarasset,
1772 1980 1807 2018 se
1828 1995 1908 2019 non

526 2039 692 2092 potuisse
713 2054 776 2078 me
798 2055 876 2079 uno
897 2042 980 2081 ci‘ve
1001 2057 1153 2090 carere3
1186 2058 1357 2097 cumque
1382 2046 1596 2084 Metellum
1618 2046 1733 2083 unius
1756 2046 1906 2084 tribuni

526 2106 652 2158 plebis
674 2107 838 2159 rogatio,
870 2122 932 2146 me
953 2110 1128 2147 universa
1148 2111 1378 2163 respublica,
1401 2111 1499 2149 duce
1521 2112 1666 2156 senatu,
1692 2112 1906 2151 comitante

528 2172 652 2216 Italia,
688 2173 1032 2225 promulgantibus
1066 2176 1267 2221 omnibus,
1303 2176 1492 2215 referente
1523 2177 1694 2222 consule,
1731 2178 1904 2216 comitiis

526 2238 768 2283 centuriatis,
786 2240 936 2278 cunctis
952 2241 1172 2287 ordinibus,
1189 2242 1435 2288 hominibus,
1454 2243 1793 2287 incumbentibus,
1815 2257 1904 2282 orn-

526 2303 642 2341 nibus
664 2302 832 2356 denique
853 2305 928 2343 suis
949 2306 1113 2352 viribus,
1135 2308 1399 2360 recuperasset.
1437 2309 1580 2361 Neque
1600 2322 1690 2346 vero
1710 2322 1782 2360 ego
1802 2308 1903 2347 mihi

525 2370 652 2422 postea
665 2371 882 2423 quidquam
895 2372 1086 2426 affumpfi,
1101 2387 1227 2427 neque
1240 2374 1357 2412 hodie
1369 2374 1529 2420 affurno,
1544 2375 1649 2426 quod
1663 2388 1904 2427 quemquam

525 2436 933 2476 malevolentiffimum
962 2440 1050 2491 jure
1083 2440 1198 2491 poffit
1228 2440 1453 2479 offendere:
1498 2450 1651 2478 tantum
1685 2441 1827 2485 enitor,
1859 2449 1903 2478 ut

525 2516 649 2555 neque
669 2503 819 2549 amicis,
840 2518 968 2558 neque
988 2506 1105 2544 etiam
1126 2506 1393 2552 alienioribus,
1416 2520 1544 2559 opera,
1562 2507 1736 2552 confilio,
1755 2507 1900 2551 labore,
