2351 2997
584 285 660 325 320
953 270 1634 308 EPtISTOLARUM

584 371 710 408 Video
732 370 770 407 id
791 383 891 407 curae
911 369 981 406 effe
1003 368 1155 406 Caesari.
1202 368 1273 405 Me
1294 368 1404 412 scito,
1436 368 1531 406 dum
1557 379 1597 406 tu
1619 367 1728 413 absis,
1761 369 1863 421 quasi
1882 382 1953 407 oce

583 438 773 476 caslonem
794 434 988 486 quandam
1009 443 1046 470 et
1066 434 1266 470 licentiam
1287 435 1457 477 nactum,
1489 434 1652 471 scribere
1678 434 1857 472 audacius
1875 454 1885 479 ;
1918 444 1956 472 et

583 511 717 540 caetera
737 499 897 551 quidem
919 498 1083 542 fortasse,
1106 511 1191 549 quae
1211 498 1328 535 etiam
1350 506 1392 534 tu
1413 498 1639 536 concederes
1659 514 1667 536 ε
1696 499 1758 536 sed
1778 500 1956 551 proxime

583 567 711 618 scripsi
734 565 779 602 de
799 565 951 616 optimo
970 577 1108 614 genere
1133 563 1315 607 dicendi,
1348 563 1387 600 in
1410 577 1488 615 quo
1509 563 1604 615 saepe
1624 564 1833 616 suspicatus
1855 565 1955 610 sum,

583 640 620 669 te
641 644 660 667 a
675 630 827 681 judicio
842 628 990 672 nostro,
1022 628 1071 665 fic
1093 627 1254 672 scilicet,
1283 636 1328 664 ut
1347 627 1507 665 clodium
1528 626 1731 666 hominem
1752 642 1773 666 a
1795 642 1872 666 non
1892 630 1955 666 in>-

583 696 710 739 docsto,
742 694 949 747 paululum
972 693 1165 731 diffidere.
1212 694 1321 730 Huic
1352 702 1394 730 tu
1424 693 1539 738 libro,
1572 694 1742 732 maxime
1762 694 1881 732 velim
1909 707 1958 732 ex

581 761 727 804 animo,
750 759 776 797 fi
797 759 943 803 minus,
966 758 1096 810 gratiae
1116 757 1239 802 causa,
1261 757 1479 809 suffragere.
1512 759 1654 796 Dicam
1676 759 1768 803 tuis,
1786 767 1831 796 ut
1850 772 1955 804 eum,

583 827 610 864 si
631 825 768 869 velint,
799 824 1031 868 describant,
1061 823 1107 860 ad
1139 832 1255 875 teque
1278 823 1454 861 mittant.
1501 824 1603 861 Puto
1631 825 1753 868 enim,
1778 825 1901 861 etiam
1930 824 1957 861 fi

584 904 665 928 rem
686 891 816 927 minus
837 889 1034 941 probabis,
1067 898 1196 926 tamen
1217 888 1257 924 in
1282 887 1349 924 ista
1369 887 1591 932 solitudine,
1624 889 1817 940 quidquid
1847 903 1867 926 a
1895 902 1958 926 me

583 953 803 1007 profeaum
824 954 883 997 fit,
900 953 1123 1004 jucundum
1145 952 1219 989 tibi
1239 951 1336 989 fore.
1370 952 1488 1003 Qod
1509 951 1609 989 mihi
1630 953 1957 990 existimationem

583 1030 692 1057 tuam
726 1019 1036 1070 dignitatemque
1068 1017 1334 1061 commendas,
1374 1016 1469 1054 facis
1505 1026 1548 1054 tu
1581 1017 1742 1068 quidem
1777 1018 1957 1055 omnium

584 1098 718 1122 more:
752 1084 813 1122 sed
845 1083 965 1121 velim
996 1084 1046 1120 fic
1077 1082 1286 1126 existimes,
1319 1096 1395 1126 me,
1426 1095 1519 1119 cum
1550 1082 1687 1127 amori,
1719 1096 1838 1133 quem
1858 1083 1959 1119 inter

585 1163 654 1191 nos
676 1158 860 1187 mutuum
880 1148 951 1186 effe
972 1148 1206 1199 intelligam,
1228 1147 1447 1199 plurImum
1469 1147 1653 1192 tribuam,
1676 1156 1763 1184 tum
1783 1147 1829 1184 de
1851 1147 1957 1185 sum-

583 1228 651 1252 mo
671 1215 843 1265 ingenio,
875 1222 913 1251 et
943 1213 989 1251 de
1018 1213 1152 1251 studiis
1181 1213 1257 1250 tuis
1287 1213 1464 1264 optimis,
1496 1221 1533 1250 et
1563 1211 1609 1249 de
1636 1212 1699 1264 spe
1719 1212 1957 1264 ampliffimae

583 1278 799 1331 dignitatis,
829 1277 1087 1328 itajudicare,
1117 1285 1161 1316 ut
1188 1277 1386 1316 neminem
1414 1277 1488 1316 tibi
1515 1285 1764 1328 anteponam,
1794 1290 1955 1329 compa<

583 1357 667 1382 rem
687 1355 845 1396 paucos.
878 1343 987 1381 Vale.

669 1544 914 1582 CICERO
955 1540 1354 1579 CORN1F1C10
1395 1540 1702 1578 Coma-effi
1743 1540 1782 1578 S.
1813 1540 1869 1578 D.

585 1671 743 1710 XVIII.
769 1669 843 1757 Q
860 1670 899 1707 U
915 1670 950 1706 O
966 1669 1005 1706 D
1035 1676 1256 1706 extremum
1287 1666 1365 1704 fuit
1395 1666 1435 1703 in
1462 1679 1505 1704 ea
1529 1665 1702 1718 epistola,
1734 1679 1852 1718 quam
1877 1678 1898 1703 a
1923 1674 1962 1704 te

874 1734 1054 1787 proxime
1073 1733 1219 1785 accepi,
1250 1732 1296 1769 ad
1316 1731 1357 1768 id
1376 1731 1552 1783 primum
1573 1731 1826 1783 respondebo.
1856 1732 1961 1769 Ani-

583 1813 698 1838 mum
717 1799 864 1837 adverti
883 1799 1004 1843 enim,
1035 1797 1111 1836 hoc
1142 1811 1209 1835 vos
1241 1809 1403 1848 magnos
1431 1805 1598 1834 oratores
1626 1795 1750 1834 facere
1774 1809 1962 1834 nonnun-

584 1879 719 1918 quam.
766 1863 956 1916 Epistolas
987 1863 1153 1914 requiris
1186 1875 1290 1899 meas
1303 1876 1316 1899 γε
1353 1874 1425 1912 ego
1458 1870 1589 1898 autem
1622 1874 1839 1912 nunquam,
1870 1874 1964 1898 cum

584 1931 687 1969 mihi
709 1930 983 1967 denuntiatum
1009 1928 1099 1966 effet
1125 1941 1145 1964 a
1171 1927 1263 1971 tuis,
1295 1927 1350 1963 ire
1370 1926 1556 1977 aliquem,
1588 1939 1667 1963 non
1694 1926 1796 1963 dedi.
1844 1926 1964 1976 Qod

586 1996 689 2035 mihi
716 1995 848 2033 videor
873 2008 921 2033 ex
947 1995 1026 2032 tuis
1054 1993 1176 2031 literis
1204 1992 1437 2044 intelligere,
1468 2001 1506 2029 te
1537 1990 1639 2029 nihil
1663 1991 1965 2029 commissurum

587 2062 659 2100 effe
681 2070 837 2105 temere,
870 2073 940 2097 nec
961 2068 1063 2103 ante,
1095 2071 1213 2110 quarn
1234 2057 1371 2101 sciffes,
1404 2070 1483 2109 quo
1504 2056 1570 2094 iste
1598 2056 1725 2094 nescio
1745 2057 1814 2108 qui
1836 2057 1964 2094 Caeci-

586 2128 664 2166 lius
686 2126 815 2164 Baffus
836 2134 1068 2177 erumperet,
1096 2125 1317 2176 quidquam
1336 2124 1433 2161 certi
1458 2122 1791 2167 constituturum,
1824 2123 1864 2160 id
1892 2136 1965 2173 ego

587 2202 626 2230 et
651 2192 837 2244 speraram
865 2190 1071 2242 prudentia
1098 2199 1163 2227 tua
1194 2188 1332 2233 fretus,
1363 2197 1401 2226 et
1432 2197 1476 2225 ut
1505 2187 1756 2232 confiderem,
1788 2186 1966 2224 fecerunt

586 2266 663 2294 tuae
688 2255 905 2307 gra-tiffimae
933 2253 1034 2292 mihi
1061 2254 1195 2291 literae.
1243 2253 1365 2305 quue
1392 2261 1437 2290 ut
1463 2251 1579 2289 facias
1607 2265 1724 2303 quam
1752 2251 1964 2303 saepiffime,

589 2331 633 2360 ut
653 2330 691 2359 et
712 2320 807 2373 quid
829 2329 871 2357 tu
892 2333 994 2371 agas,
1025 2328 1063 2357 et
1083 2319 1179 2370 quid
1199 2327 1347 2369 agatur,
1379 2317 1473 2355 scire
1493 2317 1646 2370 poffim,
1675 2326 1713 2354 et
1733 2318 1850 2353 etiam
1871 2315 1966 2367 quid

589 2389 740 2424 aeturus
763 2385 823 2429 sis,
853 2384 963 2422 valde
984 2394 1021 2421 te
1041 2397 1150 2435 rogo.
1197 2383 1279 2420 Etfi
1308 2382 1515 2435 periniquo
1545 2382 1716 2434 patiebar
1739 2382 1869 2418 animo
1890 2389 1927 2418 te
1944 2393 1968 2416 a

589 2466 653 2491 me
688 2450 866 2502 digredi3
899 2459 1028 2488 tamen
1059 2463 1105 2486 eo
1138 2458 1314 2500 tempore
1347 2462 1411 2486 me
1445 2447 1683 2491 consolabar,
1715 2446 1820 2498 quod
1853 2454 1891 2482 et
1923 2445 1965 2482 in

589 2517 789 2555 summum
810 2514 938 2553 otium
959 2523 996 2553 te
1016 2514 1070 2552 ire
1090 2512 1316 2557 arbitrabar,
1347 2522 1385 2550 et
1405 2512 1451 2550 ab
1473 2510 1792 2564 impendentibus
1813 2508 1963 2560 magnis
