2351 2997
683 225 775 264 AD
835 215 1303 259 FAMILIARES
1364 213 1496 251 LIB.
1544 215 1575 251 l.

1804 226 1822 263 o>

581 467 646 506 M.
678 467 732 504 T.
767 466 816 504 C„
851 465 887 502 S.
922 463 977 500 D.
1018 461 1062 499 P.
1096 460 1391 498 LENTULO
1426 456 1671 493 PRocos.

435 600 488 637 ΙΙ.
510 598 544 671 I
564 598 602 635 D
622 597 638 634 Ι
657 597 686 633 Β
702 597 739 633 U
756 596 778 632 S
800 591 993 645 Januariis
1015 591 1056 628 in
1079 589 1210 627 senatu
1233 586 1334 624 nihil
1355 585 1409 623 est
1429 584 1677 626 confectum5
1702 592 1821 632 prop-

577 672 680 701 terea
705 660 814 713 quod
840 658 921 696 dies
943 669 1085 708 magna
1105 668 1153 692 ex
1174 660 1282 705 parte
1301 650 1559 702 consumptus
1581 648 1634 686 est
1661 646 1822 684 alterca-

433 730 541 768 tione
562 727 727 767 Lentuli
747 724 918 763 consulis
939 732 979 760 et
1007 719 1167 759 Caninii
1198 717 1350 756 tribuni
1381 716 1522 768 plebis.
1570 715 1634 752 Eo
1661 712 1723 748 die
1754 723 1822 748 nos

432 809 592 849 quoque
612 793 740 832 multa
759 791 874 830 verba
895 789 1063 828 fecimus
1083 802 1091 825 :
1125 785 1378 835 maximeque
1397 782 1464 820 vifi
1487 781 1626 819 sumusv
1648 778 1824 816 senatum

433 860 810 900 commemoratione
831 866 906 895 tuae
927 853 1142 893 voluntatis
1172 864 1262 903 erga
1292 849 1410 887 illum
1439 847 1622 885 ordinem>
1640 856 1823 883 commo-

433 942 535 967 vere.
569 929 706 980 Itaque
727 923 909 978 postridie
930 921 1094 975 placuit,
1114 927 1158 956 ut
1179 917 1347 955 breviter
1363 914 1570 953 sententias
1588 912 1822 950 diceremus.

433 994 653 1032 Videbatur
673 992 780 1029 enim
802 988 1052 1028 reconciliata
1073 985 1186 1023 nobis
1208 983 1388 1021 voluntas
1410 981 1561 1018 senatus
1582 977 1678 1022 effe3
1702 975 1824 1030 quod,

434 1074 528 1098 cum
548 1058 730 1102 dicendo,
762 1066 849 1094 tum
871 1053 1031 1106 lingulis
1053 1049 1295 1104 appellandis
1317 1045 1590 1099 rogandisque,
1618 1043 1824 1096 perspexe-

435 1139 532 1164 ram.
568 1126 719 1176 Itaque,
746 1136 839 1160 cum
861 1119 1050 1158 sententia
1071 1119 1197 1170 prima
1219 1114 1353 1153 Bibuli
1375 1111 1627 1165 pronuntiata
1646 1109 1750 1152 effet,
1782 1116 1827 1145 ut
1886 1137 1891 1141 .

435 1200 513 1229 tres
544 1189 663 1241 legati
694 1201 825 1239 regem
856 1185 1112 1228 reducerent;
1146 1179 1313 1220 secunda
1347 1177 1564 1221 Hortensii,
1596 1184 1640 1214 ut
1675 1184 1718 1212 tu
1748 1173 1827 1211 fine'

436 1256 613 1294 exercitu
643 1253 872 1295 reducere53
910 1250 1023 1288 tertia
1053 1247 1241 1291 Volcatii,
1273 1254 1318 1283 ut
1350 1242 1562 1295 Pompeius
1596 1240 1824 1283 reduceret;

438 1320 679 1373 postulatum
700 1317 767 1362 est,
800 1326 844 1354 ut
874 1314 1009 1352 Bibuli
1040 1311 1228 1350 sententia
1257 1309 1509 1346 divideretur.
1554 1308 1759 1358 Qatenus
1780 1303 1828 1340 de

438 1387 629 1438 religione
650 1383 819 1427 dicebat,
851 1381 995 1432 cuique
1026 1379 1079 1416 rei
1104 1379 1188 1430 jam
1218 1375 1348 1413 obfisti
1379 1388 1458 1412 non
1486 1380 1651 1426 poterat,
1684 1370 1830 1408 Bibulo

437 1452 626 1491 affensum
648 1450 725 1488 est:
753 1449 799 1486 de
822 1448 947 1485 tribus
969 1445 1106 1497 legatis
1128 1442 1352 1492 frequentes
1374 1441 1504 1478 ierunt
1524 1439 1565 1476 in
1585 1438 1660 1475 alia
1678 1436 1827 1474 omnia.

439 1518 626 1556 Proxima
645 1524 725 1553 erat
746 1512 949 1552 Hortensii
970 1509 1174 1553 sententia,
1191 1521 1285 1545 cum
1307 1507 1461 1558 Lupus,
1481 1503 1662 1542 tribunus
1684 1501 1828 1554 plebis,

438 1583 547 1637 quod
567 1582 647 1635 ipse
668 1581 714 1618 de
735 1578 926 1631 Pompeio
948 1576 1149 1620 retulifl‘et,
1169 1572 1370 1611 intendere
1390 1571 1527 1623 coepit,
1546 1577 1634 1606 ante
1655 1567 1691 1605 se
1710 1580 1831 1620 opor-

440 1658 521 1686 tere
541 1646 807 1684 disceffionem
828 1643 967 1687 facere,
999 1653 1118 1693 quam
1149 1638 1341 1677 consules.
1389 1637 1487 1688 Ejus
1517 1633 1686 1673 orationi
1709 1630 1831 1670 vehe-

441 1722 594 1752 menter
627 1712 674 1750 ab
709 1710 895 1748 omnibus
932 1707 1188 1746 reclamatum
1223 1704 1291 1742 est.
1341 1704 1437 1740 Erat
1475 1701 1583 1739 enim
1622 1699 1760 1751 iniqua
1792 1706 1833 1735 et

442 1792 554 1817 nova.
593 1775 784 1816 Consules
805 1787 932 1826 neque
952 1771 1235 1814 concedebant,
1267 1781 1395 1820 neque
1414 1765 1525 1804 valde
1544 1763 1830 1817 repugnabant.

442 1845 564 1884 Diem
585 1841 764 1881 consumi
791 1840 1002 1879 volebant:
1036 1836 1076 1874 id
1108 1835 1215 1889 quod
1247 1834 1300 1872 est
1331 1832 1494 1870 factum.
1541 1828 1835 1882 Perspiciebant

442 1910 550 1948 enim
580 1909 621 1946 in
649 1906 853 1946 Hortenfii
883 1903 1114 1943 sententiam
1143 1901 1282 1939 multis
1315 1898 1491 1952 partibus
1518 1896 1649 1949 plures
1677 1895 1833 1939 ituros;

443 1988 670 2029 quanquam
690 1982 819 2027 aperte
836 1971 1019 2009 Volcatio
1036 1968 1320 2006 assentirentur.
1353 1963 1482 2003 Multi
1503 1961 1754 2014 rogabantur,
1772 1967 1834 1998 at-

443 2054 520 2094 que
540 2039 712 2093 idipsum
732 2037 959 2077 consulibus
981 2034 1116 2073 invitis
1136 2049 1144 2072 :
1179 2046 1268 2072 nam
1296 2032 1325 2068 ii
1358 2029 1493 2068 Bibuli
1513 2026 1750 2066 sententiam
1766 2038 1835 2064 va-

445 2107 524 2145 lere
544 2106 768 2159 cupierunt.
802 2104 889 2141 Hac
911 2100 1168 2140 controversia
1188 2099 1309 2151 usque
1329 2096 1375 2134 ad
1396 2096 1552 2133 noctem
1574 2092 1702 2138 dueta,
1724 2091 1834 2130 sena-

447 2182 510 2210 tus
532 2170 793 2209 dimiffusz-et
813 2182 886 2221 ego
906 2182 959 2206 eo
973 2167 1035 2204 die
1055 2166 1142 2204 casu
1163 2164 1266 2217 apud
1288 2161 1524 2213 Pompeium
1545 2158 1716 2196 coenavi:
1739 2169 1836 2195 nac-

448 2238 587 2290 tusque
608 2246 764 2288 tempus
785 2235 861 2272 hoc
883 2234 1007 2286 magis
1029 2232 1231 2275 idoneum,
1250 2243 1369 2283 quam
1390 2239 1566 2279 unquam
1585 2233 1711 2269 antea,
1728 2214 1838 2276 quod

449 2303 533 2356 post
553 2312 668 2341 tuum
689 2301 893 2339 disceffum
923 2300 955 2337 is
976 2299 1057 2336 dies
1088 2295 1374 2335 honestiffimus
1405 2292 1519 2331 nobis
1549 2289 1676 2328 fuerat
1706 2290 1746 2326 in
1777 2287 1836 2326 se-

450 2378 559 2413 natu,
590 2368 643 2405 ita
662 2367 748 2405 sum
768 2380 862 2404 cum
884 2365 954 2402 illo
975 2365 1147 2408 locutus,
1179 2371 1223 2400 ut
1253 2360 1355 2398 mihi
1384 2358 1533 2396 viderer
1562 2357 1739 2393 animum
1761 2352 1837 2392 ho-

451 2434 571 2472 minis
601 2433 648 2469 ab
677 2433 789 2470 omni
817 2432 892 2469 alia
915 2430 1154 2483 cogitatione
1174 2428 1221 2466 ad
1251 2437 1359 2464 tuam
1388 2424 1622 2476 dignitatem
1653 2419 1838 2459 tuendam

453 2499 668 2538 traducere.
711 2500 845 2550 Qem
876 2511 948 2549 ego
981 2496 1109 2550 ipsum
1141 2508 1233 2533 cum
1265 2492 1395 2536 audio,
1428 2488 1581 2542 prorsus
1603 2501 1694 2526 eum
1715 2485 1840 2523 libero

1451 2556 1485 2592 A
1519 2567 1540 2591 2
