2351 2997
641 291 733 328 AD
792 287 1256 326 FAMILIARES
1316 287 1448 326 LIB.
1498 289 1593 327 VII.
1738 291 1806 329 181

432 404 513 444 quo
532 390 694 443 quisque
713 388 860 426 fruitur
878 397 994 440 atque
1014 387 1152 426 utitur.
1187 386 1258 425 Sed
1279 385 1361 425 haec
1381 387 1472 425 alias
1493 387 1688 440 pluribus.
1712 390 1810 427 Aci-

433 457 525 501 lius,
557 455 626 507 qui
646 455 686 492 in
709 455 905 492 Graeciam
924 467 1016 491 curn
1038 453 1260 505 legionibus
1282 452 1414 490 miffus
1436 452 1502 498 est,
1529 455 1703 492 maximo
1723 469 1812 493 meo

433 519 623 558 beneficio
643 518 710 557 est.
756 519 822 557 Bis
849 519 956 556 enim
983 518 1036 556 est
1062 532 1083 556 a
1108 517 1340 570 mejudicio
1360 518 1514 570 capitis,
1546 518 1660 556 rebus
1682 518 1809 564 salvis,

431 584 638 630 defensus3
661 594 699 622 et
719 584 772 622 est
792 583 913 622 homo
934 598 1011 622 non
1033 584 1223 635 ingratus,
1245 596 1386 635 meque
1406 582 1656 622 vehementer
1676 584 1807 622 obser-

430 658 508 689 vat.
554 650 619 687 Ad
649 664 740 687 eum
772 650 818 687 de
850 658 887 687 te
919 649 1209 700 diligentissime
1239 647 1383 700 scrIpfi,
1414 662 1576 701 eamque
1607 650 1812 702 epistolam

429 728 522 752 cum
542 714 614 752 hac
635 715 847 767 conjunxi:
872 727 990 766 quam
1010 713 1078 750 ille
1098 726 1177 765 quo
1198 712 1316 749 modo
1335 714 1541 766 acceperit,
1559 723 1597 752 et
1618 715 1713 766 quid
1735 715 1814 753 tibi.

427 780 631 833 pollicitus
652 781 712 826 fit,
743 780 861 818 velim
882 778 928 816 ad
949 792 1011 816 me
1031 778 1187 817 scribas.
1221 777 1333 816 Vale.

786 979 1030 1017 C1CER0
1073 979 1276 1016 CUR10
1318 978 1355 1017 S.
1389 979 1443 1017 D.

429 1107 584 1145 XXXI.
610 1105 783 1177 FACI
798 1107 874 1145 LE
905 1107 1080 1159 perspexi
1100 1120 1146 1144 ex
1169 1108 1245 1145 tuis
1267 1107 1405 1152 literis,
1429 1106 1534 1158 quod
1556 1107 1704 1160 semper
1724 1108 1813 1146 stu--

684 1172 766 1217 dui,
789 1181 827 1210 et
847 1185 909 1209 me
929 1185 950 1208 a
971 1181 1007 1210 te
1028 1172 1190 1224 plurimi
1212 1172 1309 1218 fieri,
1332 1182 1370 1210 et
1390 1182 1427 1210 te
1448 1172 1667 1224 intelligere
1688 1187 1809 1225 quam

429 1236 530 1274 mihi
562 1250 670 1275 carus
703 1237 807 1275 effes.
855 1237 975 1289 Qod
995 1251 1087 1274 cum
1109 1246 1271 1290 uterque
1293 1237 1465 1276 nostrum
1486 1238 1716 1276 consecutus
1737 1239 1804 1283 est,

429 1303 625 1354 reliquum
646 1303 699 1339 est
720 1312 762 1340 ut
784 1297 923 1340 officiis
945 1312 1138 1340 certemus
1160 1303 1261 1341 inter
1282 1317 1380 1348 nos;
1413 1303 1557 1355 quibus
1586 1317 1695 1355 aequo
1719 1305 1805 1341 ani-

427 1381 494 1404 mo
515 1367 573 1404 vel
596 1368 749 1404 vincam
771 1376 822 1411 te,
853 1367 913 1404 vel
935 1367 1067 1404 vincar
1087 1367 1152 1404 abs
1176 1377 1226 1405 te.
1273 1368 1405 1405 Acilio
1430 1381 1507 1405 non
1529 1367 1640 1405 fuiffe
1662 1369 1806 1407 neceffe

427 1446 529 1471 meas
552 1433 630 1470 dari
652 1433 780 1470 literas
801 1432 916 1471 facile
931 1434 1070 1485 patior.
1104 1434 1268 1485 Sulpicii
1291 1434 1363 1471 tibi
1385 1447 1540 1486 operam
1563 1434 1743 1486 intelligo
1758 1449 1806 1473 ex

426 1499 503 1537 tuis
524 1498 662 1543 literis,
694 1512 773 1536 non
794 1499 966 1536 multum
989 1512 1086 1550 opus
1107 1497 1233 1543 fuiffe‚
1264 1507 1422 1551 propter
1442 1509 1526 1536 tuas
1554 1513 1611 1537 res
1634 1500 1686 1536 ita
1706 1514 1804 1538 con-

426 1566 575 1608 traecas,
594 1573 652 1608 ut,
670 1564 1004 1615 quemadmodum
1020 1563 1171 1608 scribis,
1190 1577 1260 1601 nec
1277 1573 1408 1616 caput,
1427 1577 1497 1601 nec
1515 1564 1644 1616 pedes.
1675 1566 1803 1616 Equi-

425 1629 515 1667 dem
546 1629 702 1673 vellem,
734 1630 791 1666 uti
818 1629 932 1680 pedes
954 1628 1154 1674 haberent,
1187 1638 1230 1667 ut
1251 1629 1458 1681 aliquando
1481 1629 1635 1668 redires.
1684 1630 1803 1667 Vides

424 1696 530 1732 enim
551 1694 733 1732 exaruiffe
749 1696 831 1746 jam
853 1704 1021 1732 veterem
1042 1695 1325 1733 urbanitatem:
1351 1705 1393 1733 ut
1415 1695 1657 1747 Pomponius
1679 1696 1805 1734 noster

425 1760 492 1798 suo
507 1762 594 1812 jure
614 1760 726 1813 poffit
747 1760 888 1805 dicere,
919 1760 985 1809 77?st
1000 1774 1060 1797 nos
1076 1760 1186 1811 pauci
1209 1761 1423 1798 retineamus
1444 1760 1598 1811 gloriam
1618 1761 1803 1813 antiquam

424 1826 604 1864 Atticam.
638 1827 744 1877 Ergo
765 1826 796 1862 is
819 1826 907 1870 tibi,
940 1839 1008 1862 nos
1030 1826 1064 1862 ei
1086 1825 1344 1863 succedimus.
1377 1826 1479 1862 Veni
1500 1826 1636 1877 igitur,
1659 1827 1800 1878 quaeso„

422 1905 471 1929 ne
492 1900 619 1929 tamen
642 1891 769 1930 semen
792 1891 1019 1929 urbanitatis
1042 1904 1117 1928 una
1137 1904 1229 1929 cum
1251 1891 1452 1944 republica
1473 1891 1648 1929 intereat.

715 2095 954 2132 C1CERO
995 2094 1340 2132 VoLUMNlo
1383 2095 1420 2133 S.
1454 2095 1508 2133 D.

422 2221 598 2259 XXXII.
624 2221 697 2309 Q
715 2224 752 2260 U
769 2224 804 2260 O
822 2224 859 2260 D
891 2222 966 2260 fine
995 2223 1235 2274 praenomine
1264 2221 1522 2267 familiariter,
1555 2231 1597 2260 ut
1618 2222 1811 2269 debeba52,

720 2288 766 2326 ad
787 2301 850 2326 me
865 2287 1066 2340 epistolam
1087 2287 1235 2332 misisti,
1253 2288 1428 2340 primum
1444 2287 1683 2333 addubitavi,
1703 2303 1801 2327 num

420 2366 441 2390 a
460 2351 678 2391 Volumnio
711 2354 881 2391 senatore
909 2352 1013 2398 effet,
1045 2367 1243 2406 quo-cum
1272 2353 1374 2391 mihi
1404 2354 1456 2391 est
1485 2367 1649 2406 magnus
1680 2355 1797 2392 usus:

420 2417 559 2455 deinde
575 2417 772 2465 εὐτξοιπῑλίοι
792 2420 992 2457 literarum
1008 2418 1116 2464 fecit,
1137 2428 1181 2457 ut
1201 2419 1464 2471 intelligerem
1480 2428 1563 2457 tuas
1580 2420 1665 2457 effe.
1695 2420 1798 2471 Qi-

419 2484 491 2522 bus
509 2484 548 2521 in
566 2483 687 2522 literis
705 2485 836 2523 omnia
851 2484 951 2522 mihi
968 2484 1209 2537 perjucunda
1224 2484 1399 2530 fuerunt,
1426 2495 1563 2538 praeter
1578 2484 1677 2522 illud
1693 2485 1799 2536 quod

417 2562 557 2602 parum
582 2548 791 2602 diligenter
822 2549 993 2603 poffeflio
1014 2550 1222 2589 salinarum
1241 2564 1417 2590 mearum
1437 2564 1457 2589 a
1485 2560 1522 2589 te
1551 2559 1802 2603 procuratore
