2351 2997
577 308 656 346 440
923 294 1604 334 EPISTOLARUM

890 528 955 567 M.
989 529 1041 565 T„
1075 527 1123 564 C.
1157 528 1396 566 T1RON1
1434 524 1476 565 S.
1511 528 1554 565 P.
1588 527 1642 565 D.

579 659 696 698 XIII.
722 655 793 727 O
809 656 909 694 MN
924 657 940 693 I
954 656 989 692 A
1019 669 1039 692 a
1060 664 1095 693 te
1117 655 1203 693 data
1222 654 1323 711 milii
1345 655 1505 706 putabo,
1528 654 1554 691 fi
1576 663 1612 692 te
1633 653 1825 691 valentem
1845 653 1953 691 vide-

826 735 883 759 ro.
928 722 1087 759 Summa
1106 734 1198 759 cura
1218 720 1467 772 expeclabam
1488 719 1699 757 adventum
1730 718 1953 762 Menandri,

579 802 697 841 quem
716 787 762 825 ad
784 797 821 825 te
841 785 1033 824 miseram.
1081 786 1199 829 Cura,
1232 786 1256 821 s1
1279 798 1340 822 me
1362 785 1510 836 diligis,
1542 794 1585 821 ut
1605 784 1726 821 valeas
1747 799 1755 821 :
1788 794 1840 828 et,
1863 796 1955 826 cum

581 864 619 893 te
640 854 737 892 bene
758 852 1014 895 confirmaris,
1046 850 1092 887 ad
1114 863 1181 887 nos
1204 850 1346 887 venias.
1380 850 1490 887 Vale.
1525 863 1569 887 1v
1591 848 1683 887 Idus
1706 849 1835 900 April.

894 1053 956 1090 Μ.
988 1053 1042 1089 Τ.
1077 1051 1396 1088 C.T1R0N1
1440 1049 1477 1087 S.
1512 1049 1555 1086 P,
1589 1049 1641 1086 Dc

583 1183 699 1223 XIV.
726 1180 854 1253 AN
868 1181 905 1218 D
919 1181 955 1217 R
969 1180 1029 1218 IC
1043 1181 1079 1217 U
1094 1180 1115 1216 S
1147 1177 1329 1230 postridie
1349 1176 1395 1214 ad
1416 1190 1478 1214 me
1498 1177 1618 1221 venit,
1642 1190 1759 1230 quam
1779 1175 1957 1227 expedia-

836 1259 930 1283 ram.
977 1246 1113 1296 Itaque
1142 1243 1263 1280 habui
1292 1243 1445 1279 noctem
1466 1242 1623 1294 plenam
1643 1242 1796 1280 timoris
1817 1254 1859 1278 ac
1880 1238 1958 1276 mi-

583 1314 700 1354 seriae.
746 1311 848 1349 Tuis
878 1310 1000 1348 literis
1028 1308 1156 1346 nihilo
1176 1308 1260 1345 sum
1281 1306 1404 1344 faesus
1425 1307 1580 1351 certior,
1611 1306 1811 1359 quomodo
1832 1314 1869 1343 te
1889 1303 1960 1341 ha·-

583 1381 693 1418 beres
712 1393 721 1416 :
754 1377 816 1415 sed
837 1386 965 1414 tamen
987 1375 1073 1413 sum
1091 1383 1296 1412 recreatus.
1343 1374 1431 1424 Ego
1460 1374 1569 1410 omni
1596 1372 1849 1410 delectatione
1869 1370 1960 1407 lite-

585 1444 713 1496 risque
744 1441 929 1480 omnibus
961 1452 1097 1477 careo:
1130 1450 1239 1489 quas,
1271 1444 1359 1473 ante
1390 1448 1509 1487 quam
1538 1444 1575 1472 te
1596 1435 1742 1480 videro,
1771 1435 1962 1487 attingere

585 1523 665 1548 non
687 1508 852 1561 poffum.
891 1505 1053 1543 Medico
1073 1502 1277 1547 mercedis,
1309 1510 1501 1554 quantum
1521 1500 1667 1552 poscet,
1698 1499 1878 1553 promitti
1893 1500 1962 1551 ju-

586 1575 693 1612 beto.
727 1572 772 1610 Id
793 1570 920 1622 scripfi
941 1568 987 1607 ad
1008 1568 1234 1606 Ummium.
1281 1564 1413 1603 Audio
1434 1574 1471 1602 te
1490 1565 1622 1603 animo
1641 1566 1746 1616 angi,
1777 1574 1815 1602 et
1835 1563 1963 1602 medi-

585 1652 681 1676 cum
702 1637 842 1680 dicere,
873 1649 920 1672 ex
941 1648 986 1671 eo
1007 1642 1044 1671 te
1063 1633 1249 1670 laborare.
1293 1630 1332 1667 Si
1351 1643 1415 1667 me
1436 1629 1584 1681 diligis,
1615 1630 1742 1666 excita
1760 1642 1809 1667 ex
1830 1628 1965 1666 somno

585 1714 671 1742 tuas
703 1703 848 1744 literas,
879 1699 1257 1749 humanitatemque,
1289 1703 1446 1748 propter
1475 1708 1594 1746 quam
1619 1693 1721 1732 mihi
1750 1707 1788 1732 es
1821 1693 1964 1731 cariffi-

588 1782 691 1808 mus.
738 1767 860 1806 Nunc
886 1778 984 1817 opus
1010 1763 1064 1801 est
1091 1773 1128 1801 te
1157 1763 1288 1800 animo
1316 1761 1455 1805 valere,
1487 1768 1531 1798 ut
1557 1773 1718 1813 corpore
1744 1759 1873 1812 poffis.
1920 1759 1966 1797 Id

589 1849 683 1874 cum
704 1843 784 1877 tua,
815 1841 902 1870 tum
922 1844 1021 1875 mea,
1051 1829 1162 1868 causa
1180 1828 1312 1872 facias,
1343 1842 1364 1864 a
1395 1836 1433 1864 te
1462 1835 1567 1878 peto.
1614 1826 1799 1865 Acastum
1827 1824 1964 1869 retine,

589 1914 670 1954 quo
690 1897 936 1937 commodius
958 1897 1031 1934 tibi
1052 1895 1305 1933 ministretur.
1338 1892 1532 1930 conserva
1551 1901 1588 1929 te
1609 1891 1724 1929 mihi.
1757 1891 1852 1928 Dies
1873 1904 1965 1942 pro-

589 1965 791 2004 missorum
812 1962 932 2006 adest;
956 1974 1073 2014 quem
1095 1960 1212 1997 etiam
1233 1956 1525 2010 repraesentabo‚
1543 1956 1569 1994 fi
1589 1956 1800 1995 adveneris.
1833 1955 1966 1993 Etiam

588 2039 707 2082 atque
727 2028 842 2066 etiam
863 2026 960 2064 vale.
994 2039 1037 2064 ιν
1060 2024 1168 2069 Idus,
1199 2022 1293 2061 hora
1314 2035 1374 2060 VI.

903 2226 967 2263 M.
999 2226 1053 2264 T.
1084 2224 1406 2263 C.T1R0N1
1449 2224 1486 2261 S.
1519 2222 1564 2260 P.
1598 2222 1652 2259 D.

597 2357 689 2396 XV.
714 2353 1056 2427 AEGYPTA
1086 2353 1132 2390 ad
1152 2365 1215 2390 me
1234 2351 1341 2390 venit
1368 2350 1492 2403 pridie
1513 2349 1604 2388 Idus
1626 2346 1796 2400 Apriles,
1843 2347 1879 2384 Is
1900 2345 1967 2384 etsi

852 2418 952 2457 mihi
974 2418 1182 2462 nuntiavit,
1213 2426 1251 2455 te
1277 2417 1390 2469 plane
1415 2415 1516 2454 febri
1545 2428 1684 2458 carere,
1715 2422 1753 2450 ct
1774 2412 1875 2450 belle
1895 2411 1965 2448 ha-

596 2488 713 2531 bere;
746 2495 890 2529 tamen,
921 2483 1027 2536 quod
1048 2483 1204 2535 negavit
1222 2490 1259 2519 te
1279 2481 1442 2534 potuiffe
1462 2480 1509 2518 ad
1537 2493 1600 2517 me
1627 2478 1804 2522 scribere,
1836 2489 1968 2513 curam

595 2552 698 2591 mihi
731 2551 878 2596 attulit,
909 2559 947 2589 et
980 2563 1026 2588 eo
1058 2549 1197 2601 magis,
1233 2547 1338 2600 quod
1372 2547 1550 2591 Hermia,
1587 2558 1705 2598 quem
1739 2543 1874 2582 eodem
1909 2541 1969 2577 die
