<?xml version="1.0" encoding="UTF-8"?>
<!DOCTYPE html PUBLIC "-//W3C//DTD XHTML 1.0 Transitional//EN"
    "http://www.w3.org/TR/xhtml1/DTD/xhtml1-transitional.dtd">
<html xmlns="http://www.w3.org/1999/xhtml" xml:lang="en" lang="en">
 <head>
  <title>
</title>
<meta http-equiv="Content-Type" content="text/html;charset=utf-8" />
  <meta name='ocr-system' content='tesseract 3.04.00' />
  <meta name='ocr-capabilities' content='ocr_page ocr_carea ocr_par ocr_line ocrx_word'/>
</head>
<body>
  <div class='ocr_page' id='page_1' title='image "./operacumindicibu07ciceuoft_0175.png"; bbox 0 0 2351 2997; ppageno 0'>
   <div class='ocr_carea' id='block_1_1' title="bbox 986 292 1215 348">
    <p class='ocr_par' dir='ltr' id='par_1_1' title="bbox 986 292 1215 348">
     <span class='ocr_line' id='line_1_1' title="bbox 986 292 1215 348; baseline -0.013 0"><span class='ocrx_word' id='word_1_1' title='bbox 986 292 1215 348; x_wconf 79' lang='lat'>[155]</span> 
     </span>
    </p>
   </div>
   <div class='ocr_carea' id='block_1_2' title="bbox 650 544 1557 597">
    <p class='ocr_par' dir='ltr' id='par_1_2' title="bbox 650 544 1557 597">
     <span class='ocr_line' id='line_1_2' title="bbox 650 544 1557 597; baseline -0.009 0"><span class='ocrx_word' id='word_1_2' title='bbox 650 544 1557 597; x_wconf 90' lang='lat' dir='ltr'>EPISTOLARUM</span> 
     </span>
    </p>
   </div>
   <div class='ocr_carea' id='block_1_3' title="bbox 488 757 1729 826">
    <p class='ocr_par' dir='ltr' id='par_1_3' title="bbox 488 757 1729 826">
     <span class='ocr_line' id='line_1_3' title="bbox 488 757 1729 826; baseline -0.009 -3"><span class='ocrx_word' id='word_1_3' title='bbox 488 769 658 826; x_wconf 93' lang='lat' dir='ltr'>AD</span> <span class='ocrx_word' id='word_1_4' title='bbox 786 757 1729 821; x_wconf 87' lang='lat' dir='ltr'><strong>FAMILIARES</strong></span> 
     </span>
    </p>
   </div>
   <div class='ocr_carea' id='block_1_4' title="bbox 873 979 1343 1022">
    <p class='ocr_par' dir='ltr' id='par_1_4' title="bbox 873 979 1343 1022">
     <span class='ocr_line' id='line_1_4' title="bbox 873 979 1343 1022; baseline -0.013 0"><span class='ocrx_word' id='word_1_5' title='bbox 873 982 1151 1022; x_wconf 93' lang='lat' dir='ltr'>LIBER</span> <span class='ocrx_word' id='word_1_6' title='bbox 1236 979 1343 1017; x_wconf 63' lang='lat' dir='ltr'><strong>VII„</strong></span> 
     </span>
    </p>
   </div>
   <div class='ocr_carea' id='block_1_5' title="bbox 689 1176 1530 1219">
    <p class='ocr_par' dir='ltr' id='par_1_5' title="bbox 689 1176 1530 1219">
     <span class='ocr_line' id='line_1_5' title="bbox 689 1176 1530 1219; baseline -0.008 0"><span class='ocrx_word' id='word_1_7' title='bbox 689 1181 753 1219; x_wconf 90' lang='lat' dir='ltr'>M.</span> <span class='ocrx_word' id='word_1_8' title='bbox 786 1181 1017 1219; x_wconf 79' lang='lat' dir='ltr'>CICERO</span> <span class='ocrx_word' id='word_1_9' title='bbox 1058 1179 1120 1217; x_wconf 91' lang='lat' dir='ltr'>M.</span> <span class='ocrx_word' id='word_1_10' title='bbox 1154 1179 1365 1216; x_wconf 82' lang='lat' dir='ltr'>MAR10</span> <span class='ocrx_word' id='word_1_11' title='bbox 1407 1176 1445 1214; x_wconf 90' lang='lat' dir='ltr'>S.</span> <span class='ocrx_word' id='word_1_12' title='bbox 1478 1176 1530 1213; x_wconf 65' lang='lat' dir='ltr'>Do</span> 
     </span>
    </p>
   </div>
   <div class='ocr_carea' id='block_1_6' title="bbox 419 1300 1800 2524">
    <p class='ocr_par' dir='ltr' id='par_1_6' title="bbox 423 1300 1799 1360">
     <span class='ocr_line' id='line_1_6' title="bbox 423 1300 1799 1360; baseline -0.008 -12"><span class='ocrx_word' id='word_1_13' title='bbox 423 1311 455 1348; x_wconf 82' lang='grc' dir='ltr'>Ι.</span> <span class='ocrx_word' id='word_1_14' title='bbox 559 1309 577 1347; x_wconf 93' lang='grc' dir='ltr'>Ι</span> <span class='ocrx_word' id='word_1_15' title='bbox 611 1317 649 1346; x_wconf 89' lang='lat' dir='ltr'>te</span> <span class='ocrx_word' id='word_1_16' title='bbox 669 1308 781 1346; x_wconf 90' lang='lat' dir='ltr'>dolor</span> <span class='ocrx_word' id='word_1_17' title='bbox 800 1308 924 1360; x_wconf 88' lang='lat' dir='ltr'>aliqui</span> <span class='ocrx_word' id='word_1_18' title='bbox 944 1307 1132 1359; x_wconf 89' lang='lat' dir='ltr'>corporis,</span> <span class='ocrx_word' id='word_1_19' title='bbox 1154 1315 1221 1344; x_wconf 90' lang='lat' dir='ltr'>aut</span> <span class='ocrx_word' id='word_1_20' title='bbox 1242 1304 1449 1344; x_wconf 82' lang='lat' dir='ltr'>infirmitas</span> <span class='ocrx_word' id='word_1_21' title='bbox 1469 1300 1702 1340; x_wconf 86' lang='lat' dir='ltr'>valetudinis</span> <span class='ocrx_word' id='word_1_22' title='bbox 1723 1310 1799 1339; x_wconf 79' lang='lat' dir='ltr'>tuae</span> 
     </span>
    </p>

    <p class='ocr_par' dir='ltr' id='par_1_7' title="bbox 419 1366 1800 2524">
     <span class='ocr_line' id='line_1_7' title="bbox 573 1366 1799 1425; baseline -0.006 -14"><span class='ocrx_word' id='word_1_23' title='bbox 573 1374 715 1418; x_wconf 84' lang='lat' dir='ltr'>tenuit,</span> <span class='ocrx_word' id='word_1_24' title='bbox 747 1386 826 1425; x_wconf 89' lang='lat' dir='ltr'>quo</span> <span class='ocrx_word' id='word_1_25' title='bbox 846 1373 977 1410; x_wconf 89' lang='lat' dir='ltr'>minus</span> <span class='ocrx_word' id='word_1_26' title='bbox 998 1372 1045 1409; x_wconf 92' lang='lat' dir='ltr'>ad</span> <span class='ocrx_word' id='word_1_27' title='bbox 1066 1371 1178 1409; x_wconf 85' lang='lat' dir='ltr'>ludos</span> <span class='ocrx_word' id='word_1_28' title='bbox 1199 1371 1363 1415; x_wconf 83' lang='lat' dir='ltr'>venires,</span> <span class='ocrx_word' id='word_1_29' title='bbox 1394 1368 1561 1406; x_wconf 83' lang='lat' dir='ltr'>fortunae</span> <span class='ocrx_word' id='word_1_30' title='bbox 1581 1366 1704 1418; x_wconf 85' lang='lat' dir='ltr'>magis</span> <span class='ocrx_word' id='word_1_31' title='bbox 1726 1366 1799 1404; x_wconf 81' lang='lat' dir='ltr'>tri-</span> 
     </span>
     <span class='ocr_line' id='line_1_8' title="bbox 422 1432 1798 1490; baseline -0.007 -13"><span class='ocrx_word' id='word_1_32' title='bbox 422 1439 515 1484; x_wconf 91' lang='lat' dir='ltr'>buo,</span> <span class='ocrx_word' id='word_1_33' title='bbox 538 1452 656 1490; x_wconf 92' lang='lat' dir='ltr'>quam</span> <span class='ocrx_word' id='word_1_34' title='bbox 676 1438 869 1490; x_wconf 87' lang='lat' dir='ltr'>sapientiae</span> <span class='ocrx_word' id='word_1_35' title='bbox 890 1446 965 1474; x_wconf 84' lang='lat' dir='ltr'>tuae</span> <span class='ocrx_word' id='word_1_36' title='bbox 983 1451 992 1474; x_wconf 89' lang='lat'><strong>:</strong></span> <span class='ocrx_word' id='word_1_37' title='bbox 1026 1436 1080 1473; x_wconf 88' lang='lat' dir='ltr'>fin</span> <span class='ocrx_word' id='word_1_38' title='bbox 1100 1435 1198 1479; x_wconf 80' lang='lat' dir='ltr'><strong>haec,</strong></span> <span class='ocrx_word' id='word_1_39' title='bbox 1220 1448 1306 1486; x_wconf 88' lang='lat' dir='ltr'>quae</span> <span class='ocrx_word' id='word_1_40' title='bbox 1326 1433 1454 1471; x_wconf 83' lang='lat' dir='ltr'>caeteri</span> <span class='ocrx_word' id='word_1_41' title='bbox 1474 1432 1679 1475; x_wconf 81' lang='lat' dir='ltr'>mirantur,</span> <span class='ocrx_word' id='word_1_42' title='bbox 1701 1443 1798 1469; x_wconf 89' lang='lat' dir='ltr'>con-</span> 
     </span>
     <span class='ocr_line' id='line_1_9' title="bbox 419 1497 1799 1553; baseline -0.006 -11"><span class='ocrx_word' id='word_1_43' title='bbox 419 1503 629 1542; x_wconf 86' lang='lat' dir='ltr'>temnenda</span> <span class='ocrx_word' id='word_1_44' title='bbox 648 1502 807 1546; x_wconf 87' lang='lat' dir='ltr'>duxisti,</span> <span class='ocrx_word' id='word_1_45' title='bbox 825 1511 864 1539; x_wconf 88' lang='lat' dir='ltr'>et</span> <span class='ocrx_word' id='word_1_46' title='bbox 884 1515 977 1539; x_wconf 88' lang='lat' dir='ltr'>cum</span> <span class='ocrx_word' id='word_1_47' title='bbox 998 1514 1065 1553; x_wconf 86' lang='lat' dir='ltr'>per</span> <span class='ocrx_word' id='word_1_48' title='bbox 1079 1499 1345 1538; x_wconf 86' lang='lat' dir='ltr'>valetudinem</span> <span class='ocrx_word' id='word_1_49' title='bbox 1366 1497 1502 1551; x_wconf 81' lang='lat' dir='ltr'>poffeS,</span> <span class='ocrx_word' id='word_1_50' title='bbox 1519 1497 1650 1534; x_wconf 88' lang='lat' dir='ltr'>venire</span> <span class='ocrx_word' id='word_1_51' title='bbox 1670 1505 1799 1535; x_wconf 86' lang='lat' dir='ltr'>tamen</span> 
     </span>
     <span class='ocr_line' id='line_1_10' title="bbox 422 1561 1800 1619; baseline -0.008 -11"><span class='ocrx_word' id='word_1_52' title='bbox 422 1569 608 1614; x_wconf 88' lang='lat' dir='ltr'>noluisti;</span> <span class='ocrx_word' id='word_1_53' title='bbox 641 1577 852 1619; x_wconf 89' lang='lat' dir='ltr'>utrumque</span> <span class='ocrx_word' id='word_1_54' title='bbox 882 1567 1004 1611; x_wconf 86' lang='lat' dir='ltr'>laetor,</span> <span class='ocrx_word' id='word_1_55' title='bbox 1035 1575 1074 1604; x_wconf 89' lang='lat' dir='ltr'>et</span> <span class='ocrx_word' id='word_1_56' title='bbox 1102 1566 1179 1604; x_wconf 89' lang='lat' dir='ltr'>fine</span> <span class='ocrx_word' id='word_1_57' title='bbox 1199 1565 1332 1603; x_wconf 84' lang='lat' dir='ltr'>dolore</span> <span class='ocrx_word' id='word_1_58' title='bbox 1353 1562 1526 1615; x_wconf 89' lang='lat' dir='ltr'>corporis</span> <span class='ocrx_word' id='word_1_59' title='bbox 1548 1571 1585 1599; x_wconf 89' lang='lat' dir='ltr'>te</span> <span class='ocrx_word' id='word_1_60' title='bbox 1605 1561 1730 1606; x_wconf 86' lang='lat' dir='ltr'>fuiffe,</span> <span class='ocrx_word' id='word_1_61' title='bbox 1761 1569 1800 1599; x_wconf 82' lang='lat' dir='ltr'>et</span> 
     </span>
     <span class='ocr_line' id='line_1_11' title="bbox 420 1626 1798 1682; baseline -0.007 -10"><span class='ocrx_word' id='word_1_62' title='bbox 420 1635 553 1673; x_wconf 84' lang='lat' dir='ltr'>animo</span> <span class='ocrx_word' id='word_1_63' title='bbox 573 1633 743 1678; x_wconf 78' lang='lat' dir='ltr'>valuisse,</span> <span class='ocrx_word' id='word_1_64' title='bbox 766 1646 859 1670; x_wconf 91' lang='lat' dir='ltr'>cum</span> <span class='ocrx_word' id='word_1_65' title='bbox 879 1645 935 1675; x_wconf 84' lang='lat' dir='ltr'>ea,</span> <span class='ocrx_word' id='word_1_66' title='bbox 958 1645 1043 1682; x_wconf 84' lang='lat' dir='ltr'>quae</span> <span class='ocrx_word' id='word_1_67' title='bbox 1064 1631 1140 1668; x_wconf 87' lang='lat' dir='ltr'>fine</span> <span class='ocrx_word' id='word_1_68' title='bbox 1161 1630 1271 1668; x_wconf 87' lang='lat' dir='ltr'>causa</span> <span class='ocrx_word' id='word_1_69' title='bbox 1290 1630 1482 1667; x_wconf 87' lang='lat' dir='ltr'>mirantur</span> <span class='ocrx_word' id='word_1_70' title='bbox 1501 1627 1582 1671; x_wconf 87' lang='lat' dir='ltr'>alii,</span> <span class='ocrx_word' id='word_1_71' title='bbox 1614 1626 1798 1678; x_wconf 84' lang='lat' dir='ltr'>neglexe-</span> 
     </span>
     <span class='ocr_line' id='line_1_12' title="bbox 422 1691 1798 1745; baseline -0.007 -8"><span class='ocrx_word' id='word_1_72' title='bbox 422 1700 473 1738; x_wconf 85' lang='lat' dir='ltr'>ris</span> <span class='ocrx_word' id='word_1_73' title='bbox 493 1715 501 1737; x_wconf 89' lang='lat'><strong>:</strong></span> <span class='ocrx_word' id='word_1_74' title='bbox 534 1698 653 1736; x_wconf 91' lang='lat' dir='ltr'>modo</span> <span class='ocrx_word' id='word_1_75' title='bbox 674 1707 717 1735; x_wconf 90' lang='lat' dir='ltr'>ut</span> <span class='ocrx_word' id='word_1_76' title='bbox 739 1697 812 1735; x_wconf 85' lang='lat' dir='ltr'>tibi</span> <span class='ocrx_word' id='word_1_77' title='bbox 832 1696 1047 1734; x_wconf 78' lang='lat' dir='ltr'>constiterit</span> <span class='ocrx_word' id='word_1_78' title='bbox 1068 1695 1217 1733; x_wconf 62' lang='lat' dir='ltr'>fruetus</span> <span class='ocrx_word' id='word_1_79' title='bbox 1238 1695 1310 1733; x_wconf 83' lang='lat' dir='ltr'>otii</span> <span class='ocrx_word' id='word_1_80' title='bbox 1338 1695 1410 1738; x_wconf 90' lang='lat' dir='ltr'>tui,</span> <span class='ocrx_word' id='word_1_81' title='bbox 1442 1706 1521 1745; x_wconf 92' lang='lat' dir='ltr'>quo</span> <span class='ocrx_word' id='word_1_82' title='bbox 1542 1692 1703 1744; x_wconf 83' lang='lat' dir='ltr'>quidem</span> <span class='ocrx_word' id='word_1_83' title='bbox 1724 1691 1798 1729; x_wconf 87' lang='lat' dir='ltr'>tibi</span> 
     </span>
     <span class='ocr_line' id='line_1_13' title="bbox 421 1756 1797 1817; baseline -0.007 -15"><span class='ocrx_word' id='word_1_84' title='bbox 421 1764 570 1817; x_wconf 87' lang='lat' dir='ltr'>perfrui</span> <span class='ocrx_word' id='word_1_85' title='bbox 600 1761 765 1800; x_wconf 83' lang='lat' dir='ltr'>mirifice</span> <span class='ocrx_word' id='word_1_86' title='bbox 796 1762 923 1806; x_wconf 86' lang='lat' dir='ltr'>licuit,</span> <span class='ocrx_word' id='word_1_87' title='bbox 955 1774 1047 1798; x_wconf 87' lang='lat' dir='ltr'>cum</span> <span class='ocrx_word' id='word_1_88' title='bbox 1068 1760 1157 1798; x_wconf 84' lang='lat' dir='ltr'>effes</span> <span class='ocrx_word' id='word_1_89' title='bbox 1185 1761 1225 1797; x_wconf 85' lang='lat' dir='ltr'>in</span> <span class='ocrx_word' id='word_1_90' title='bbox 1247 1759 1315 1797; x_wconf 82' lang='lat' dir='ltr'>ista</span> <span class='ocrx_word' id='word_1_91' title='bbox 1334 1759 1558 1796; x_wconf 73' lang='lat' dir='ltr'>amoenitate</span> <span class='ocrx_word' id='word_1_92' title='bbox 1577 1770 1675 1809; x_wconf 75' lang='lat' dir='ltr'>pene</span> <span class='ocrx_word' id='word_1_93' title='bbox 1695 1756 1797 1794; x_wconf 89' lang='lat' dir='ltr'>solus</span> 
     </span>
     <span class='ocr_line' id='line_1_14' title="bbox 423 1822 1796 1878; baseline -0.007 -11"><span class='ocrx_word' id='word_1_94' title='bbox 423 1830 593 1868; x_wconf 68' lang='lat' dir='ltr'>reli&amp;us.</span> <span class='ocrx_word' id='word_1_95' title='bbox 640 1829 781 1878; x_wconf 85' lang='lat' dir='ltr'><strong>Neque</strong></span> <span class='ocrx_word' id='word_1_96' title='bbox 812 1836 939 1864; x_wconf 90' lang='lat' dir='ltr'>tamen</span> <span class='ocrx_word' id='word_1_97' title='bbox 970 1826 1124 1871; x_wconf 88' lang='lat' dir='ltr'>dubito,</span> <span class='ocrx_word' id='word_1_98' title='bbox 1155 1826 1251 1878; x_wconf 88' lang='lat' dir='ltr'>quin</span> <span class='ocrx_word' id='word_1_99' title='bbox 1284 1834 1326 1862; x_wconf 92' lang='lat' dir='ltr'>tu</span> <span class='ocrx_word' id='word_1_100' title='bbox 1347 1838 1394 1861; x_wconf 86' lang='lat' dir='ltr'>ex</span> <span class='ocrx_word' id='word_1_101' title='bbox 1415 1822 1485 1860; x_wconf 81' lang='lat' dir='ltr'>illo</span> <span class='ocrx_word' id='word_1_102' title='bbox 1506 1822 1692 1859; x_wconf 88' lang='lat' dir='ltr'>cubiculo</span> <span class='ocrx_word' id='word_1_103' title='bbox 1713 1830 1796 1865; x_wconf 91' lang='lat' dir='ltr'>tuo,</span> 
     </span>
     <span class='ocr_line' id='line_1_15' title="bbox 420 1888 1799 1946; baseline -0.007 -14"><span class='ocrx_word' id='word_1_104' title='bbox 420 1909 469 1933; x_wconf 84' lang='lat' dir='ltr'>ex</span> <span class='ocrx_word' id='word_1_105' title='bbox 498 1907 577 1946; x_wconf 91' lang='lat' dir='ltr'>quo</span> <span class='ocrx_word' id='word_1_106' title='bbox 604 1893 677 1930; x_wconf 83' lang='lat' dir='ltr'>tibi</span> <span class='ocrx_word' id='word_1_107' title='bbox 708 1892 935 1929; x_wconf 87' lang='lat' dir='ltr'>Stabianum</span> <span class='ocrx_word' id='word_1_108' title='bbox 965 1890 1179 1943; x_wconf 84' lang='lat' dir='ltr'>perforasti,</span> <span class='ocrx_word' id='word_1_109' title='bbox 1210 1900 1248 1928; x_wconf 90' lang='lat' dir='ltr'>et</span> <span class='ocrx_word' id='word_1_110' title='bbox 1268 1888 1482 1943; x_wconf 88' lang='lat' dir='ltr'>patefecisti</span> <span class='ocrx_word' id='word_1_111' title='bbox 1504 1888 1700 1939; x_wconf 86' lang='lat' dir='ltr'>Sejanum,</span> <span class='ocrx_word' id='word_1_112' title='bbox 1730 1899 1799 1939; x_wconf 88' lang='lat' dir='ltr'>per</span> 
     </span>
     <span class='ocr_line' id='line_1_16' title="bbox 419 1951 1799 2010; baseline -0.007 -13"><span class='ocrx_word' id='word_1_113' title='bbox 419 1973 484 1998; x_wconf 87' lang='lat' dir='ltr'>eos</span> <span class='ocrx_word' id='word_1_114' title='bbox 506 1959 586 1997; x_wconf 87' lang='lat' dir='ltr'>dies</span> <span class='ocrx_word' id='word_1_115' title='bbox 608 1957 802 1995; x_wconf 84' lang='lat' dir='ltr'>matutina</span> <span class='ocrx_word' id='word_1_116' title='bbox 821 1967 995 2010; x_wconf 85' lang='lat' dir='ltr'>tempora</span> <span class='ocrx_word' id='word_1_117' title='bbox 1015 1956 1262 1994; x_wconf 66' lang='lat' dir='ltr'>lestiunculis</span> <span class='ocrx_word' id='word_1_118' title='bbox 1283 1952 1564 2006; x_wconf 87' lang='lat' dir='ltr'>consumpseris</span> <span class='ocrx_word' id='word_1_119' title='bbox 1581 1971 1593 1998; x_wconf 67' lang='grc' dir='ltr'><strong><em>ς</em></strong></span> <span class='ocrx_word' id='word_1_120' title='bbox 1625 1966 1717 1990; x_wconf 89' lang='lat' dir='ltr'>cum</span> <span class='ocrx_word' id='word_1_121' title='bbox 1737 1951 1799 1989; x_wconf 87' lang='lat' dir='ltr'><strong>illi</strong></span> 
     </span>
     <span class='ocr_line' id='line_1_17' title="bbox 419 2017 1798 2076; baseline -0.007 -13"><span class='ocrx_word' id='word_1_122' title='bbox 419 2026 580 2069; x_wconf 88' lang='lat' dir='ltr'>interea,</span> <span class='ocrx_word' id='word_1_123' title='bbox 612 2024 680 2076; x_wconf 91' lang='lat' dir='ltr'>qui</span> <span class='ocrx_word' id='word_1_124' title='bbox 702 2031 738 2060; x_wconf 89' lang='lat' dir='ltr'>te</span> <span class='ocrx_word' id='word_1_125' title='bbox 759 2022 843 2060; x_wconf 88' lang='lat' dir='ltr'>istic</span> <span class='ocrx_word' id='word_1_126' title='bbox 871 2023 1128 2074; x_wconf 87' lang='lat' dir='ltr'>reliquerunt,</span> <span class='ocrx_word' id='word_1_127' title='bbox 1159 2021 1371 2074; x_wconf 56' lang='lat' dir='ltr'>speetarent</span> <span class='ocrx_word' id='word_1_128' title='bbox 1397 2030 1627 2057; x_wconf 87' lang='lat' dir='ltr'>communes</span> <span class='ocrx_word' id='word_1_129' title='bbox 1654 2017 1798 2055; x_wconf 87' lang='lat' dir='ltr'>mimos</span> 
     </span>
     <span class='ocr_line' id='line_1_18' title="bbox 421 2082 1797 2141; baseline -0.007 -13"><span class='ocrx_word' id='word_1_130' title='bbox 421 2090 657 2129; x_wconf 82' lang='lat' dir='ltr'>semisomni.</span> <span class='ocrx_word' id='word_1_131' title='bbox 702 2089 889 2141; x_wconf 89' lang='lat' dir='ltr'>Reliquas</span> <span class='ocrx_word' id='word_1_132' title='bbox 918 2101 1009 2126; x_wconf 91' lang='lat' dir='ltr'>vero</span> <span class='ocrx_word' id='word_1_133' title='bbox 1037 2096 1162 2140; x_wconf 88' lang='lat' dir='ltr'>partes</span> <span class='ocrx_word' id='word_1_134' title='bbox 1192 2087 1269 2125; x_wconf 88' lang='lat' dir='ltr'>diei</span> <span class='ocrx_word' id='word_1_135' title='bbox 1300 2096 1341 2124; x_wconf 88' lang='lat' dir='ltr'>tu</span> <span class='ocrx_word' id='word_1_136' title='bbox 1371 2084 1624 2123; x_wconf 85' lang='lat' dir='ltr'>consumebas</span> <span class='ocrx_word' id='word_1_137' title='bbox 1645 2082 1707 2120; x_wconf 82' lang='lat' dir='ltr'>his</span> <span class='ocrx_word' id='word_1_138' title='bbox 1728 2082 1797 2119; x_wconf 88' lang='lat' dir='ltr'>de-</span> 
     </span>
     <span class='ocr_line' id='line_1_19' title="bbox 421 2152 1795 2204; baseline -0.006 -12"><span class='ocrx_word' id='word_1_139' title='bbox 421 2154 709 2197; x_wconf 53' lang='lat' dir='ltr'>lediationibus,</span> <span class='ocrx_word' id='word_1_140' title='bbox 741 2166 835 2204; x_wconf 88' lang='lat' dir='ltr'>quas</span> <span class='ocrx_word' id='word_1_141' title='bbox 864 2153 937 2190; x_wconf 87' lang='lat' dir='ltr'>tibi</span> <span class='ocrx_word' id='word_1_142' title='bbox 968 2152 1046 2204; x_wconf 86' lang='lat' dir='ltr'>ipse</span> <span class='ocrx_word' id='word_1_143' title='bbox 1075 2152 1121 2189; x_wconf 87' lang='lat' dir='ltr'>ad</span> <span class='ocrx_word' id='word_1_144' title='bbox 1148 2152 1355 2189; x_wconf 86' lang='lat' dir='ltr'>arbitrium</span> <span class='ocrx_word' id='word_1_145' title='bbox 1383 2160 1497 2188; x_wconf 91' lang='lat' dir='ltr'>tuum</span> <span class='ocrx_word' id='word_1_146' title='bbox 1526 2159 1795 2199; x_wconf 73' lang='lat' dir='ltr'>comparara85</span> 
     </span>
     <span class='ocr_line' id='line_1_20' title="bbox 421 2212 1795 2269; baseline -0.006 -12"><span class='ocrx_word' id='word_1_147' title='bbox 421 2220 533 2258; x_wconf 88' lang='lat' dir='ltr'>nobis</span> <span class='ocrx_word' id='word_1_148' title='bbox 566 2228 696 2256; x_wconf 89' lang='lat' dir='ltr'>autem</span> <span class='ocrx_word' id='word_1_149' title='bbox 730 2226 837 2255; x_wconf 87' lang='lat' dir='ltr'>erant</span> <span class='ocrx_word' id='word_1_150' title='bbox 868 2230 910 2254; x_wconf 84' lang='lat' dir='ltr'>ea</span> <span class='ocrx_word' id='word_1_151' title='bbox 943 2217 1207 2269; x_wconf 83' lang='lat' dir='ltr'>perpetienda,</span> <span class='ocrx_word' id='word_1_152' title='bbox 1239 2229 1324 2267; x_wconf 87' lang='lat' dir='ltr'>quae</span> <span class='ocrx_word' id='word_1_153' title='bbox 1354 2215 1502 2253; x_wconf 89' lang='lat' dir='ltr'>scilicet</span> <span class='ocrx_word' id='word_1_154' title='bbox 1535 2214 1599 2265; x_wconf 88' lang='lat' dir='ltr'>Sp.</span> <span class='ocrx_word' id='word_1_155' title='bbox 1630 2212 1795 2250; x_wconf 87' lang='lat' dir='ltr'>Maecius</span> 
     </span>
     <span class='ocr_line' id='line_1_21' title="bbox 423 2277 1797 2338; baseline -0.007 -16"><span class='ocrx_word' id='word_1_156' title='bbox 423 2283 667 2338; x_wconf 86' lang='lat' dir='ltr'>probaviffet.</span> <span class='ocrx_word' id='word_1_157' title='bbox 715 2283 907 2326; x_wconf 89' lang='lat' dir='ltr'>Omnino,</span> <span class='ocrx_word' id='word_1_158' title='bbox 939 2282 965 2319; x_wconf 93' lang='lat' dir='ltr'><strong>fi</strong></span> <span class='ocrx_word' id='word_1_159' title='bbox 999 2282 1152 2333; x_wconf 84' lang='lat' dir='ltr'>quaeris,</span> <span class='ocrx_word' id='word_1_160' title='bbox 1184 2281 1268 2318; x_wconf 85' lang='lat' dir='ltr'>ludi</span> <span class='ocrx_word' id='word_1_161' title='bbox 1302 2278 1589 2332; x_wconf 84' lang='lat' dir='ltr'>apparatiffimi‚</span> <span class='ocrx_word' id='word_1_162' title='bbox 1622 2277 1684 2315; x_wconf 87' lang='lat' dir='ltr'>sed</span> <span class='ocrx_word' id='word_1_163' title='bbox 1718 2289 1797 2314; x_wconf 90' lang='lat' dir='ltr'>non</span> 
     </span>
     <span class='ocr_line' id='line_1_22' title="bbox 423 2344 1797 2400; baseline -0.006 -13"><span class='ocrx_word' id='word_1_164' title='bbox 423 2350 483 2388; x_wconf 84' lang='lat' dir='ltr'>tui</span> <span class='ocrx_word' id='word_1_165' title='bbox 503 2348 691 2387; x_wconf 88' lang='lat' dir='ltr'>stomachi</span> <span class='ocrx_word' id='word_1_166' title='bbox 710 2363 719 2386; x_wconf 79' lang='lat' dir='ltr'><em>z</em></span> <span class='ocrx_word' id='word_1_167' title='bbox 751 2349 1014 2400; x_wconf 73' lang='lat' dir='ltr'>conjecturam</span> <span class='ocrx_word' id='word_1_168' title='bbox 1034 2348 1140 2385; x_wconf 90' lang='lat' dir='ltr'>enim</span> <span class='ocrx_word' id='word_1_169' title='bbox 1161 2346 1263 2385; x_wconf 87' lang='lat' dir='ltr'>facio</span> <span class='ocrx_word' id='word_1_170' title='bbox 1283 2346 1330 2384; x_wconf 92' lang='lat' dir='ltr'>de</span> <span class='ocrx_word' id='word_1_171' title='bbox 1351 2359 1452 2383; x_wconf 90' lang='lat' dir='ltr'>meo.</span> <span class='ocrx_word' id='word_1_172' title='bbox 1497 2344 1603 2382; x_wconf 84' lang='lat' dir='ltr'>Nam</span> <span class='ocrx_word' id='word_1_173' title='bbox 1624 2344 1797 2395; x_wconf 86' lang='lat' dir='ltr'>primum</span> 
     </span>
     <span class='ocr_line' id='line_1_23' title="bbox 424 2407 1797 2464; baseline -0.007 -11"><span class='ocrx_word' id='word_1_174' title='bbox 424 2415 583 2454; x_wconf 88' lang='lat' dir='ltr'>honoris</span> <span class='ocrx_word' id='word_1_175' title='bbox 614 2414 724 2452; x_wconf 87' lang='lat' dir='ltr'>causa</span> <span class='ocrx_word' id='word_1_176' title='bbox 752 2415 793 2452; x_wconf 90' lang='lat' dir='ltr'>in</span> <span class='ocrx_word' id='word_1_177' title='bbox 823 2413 975 2451; x_wconf 86' lang='lat' dir='ltr'>scenam</span> <span class='ocrx_word' id='word_1_178' title='bbox 1005 2413 1196 2451; x_wconf 84' lang='lat' dir='ltr'>redierant</span> <span class='ocrx_word' id='word_1_179' title='bbox 1225 2413 1267 2457; x_wconf 85' lang='lat' dir='ltr'>ii,</span> <span class='ocrx_word' id='word_1_180' title='bbox 1298 2425 1396 2464; x_wconf 90' lang='lat' dir='ltr'>quos</span> <span class='ocrx_word' id='word_1_181' title='bbox 1416 2423 1489 2462; x_wconf 89' lang='lat' dir='ltr'>ego</span> <span class='ocrx_word' id='word_1_182' title='bbox 1508 2408 1667 2447; x_wconf 88' lang='lat' dir='ltr'>honoris</span> <span class='ocrx_word' id='word_1_183' title='bbox 1689 2407 1797 2444; x_wconf 85' lang='lat' dir='ltr'>causa</span> 
     </span>
     <span class='ocr_line' id='line_1_24' title="bbox 424 2473 1796 2524; baseline -0.008 -5"><span class='ocrx_word' id='word_1_184' title='bbox 424 2481 470 2519; x_wconf 87' lang='lat' dir='ltr'>de</span> <span class='ocrx_word' id='word_1_185' title='bbox 491 2481 602 2518; x_wconf 87' lang='lat' dir='ltr'>scena</span> <span class='ocrx_word' id='word_1_186' title='bbox 620 2479 808 2517; x_wconf 83' lang='lat' dir='ltr'>deceffiffe</span> <span class='ocrx_word' id='word_1_187' title='bbox 827 2479 1052 2518; x_wconf 85' lang='lat' dir='ltr'>arbitrabar.</span> <span class='ocrx_word' id='word_1_188' title='bbox 1096 2478 1260 2516; x_wconf 87' lang='lat' dir='ltr'>Deliciae</span> <span class='ocrx_word' id='word_1_189' title='bbox 1280 2491 1370 2515; x_wconf 88' lang='lat' dir='ltr'>vero</span> <span class='ocrx_word' id='word_1_190' title='bbox 1391 2486 1465 2514; x_wconf 75' lang='lat' dir='ltr'>tuae</span> <span class='ocrx_word' id='word_1_191' title='bbox 1486 2475 1610 2513; x_wconf 85' lang='lat' dir='ltr'>noster</span> <span class='ocrx_word' id='word_1_192' title='bbox 1631 2473 1796 2524; x_wconf 85' lang='lat' dir='ltr'>AEsopus</span> 
     </span>
    </p>
   </div>
   <div class='ocr_carea' id='block_1_7' title="bbox 424 2538 1795 2643">
    <p class='ocr_par' dir='ltr' id='par_1_8' title="bbox 424 2538 1795 2643">
     <span class='ocr_line' id='line_1_25' title="bbox 424 2538 1795 2598; baseline -0.008 -14"><span class='ocrx_word' id='word_1_193' title='bbox 424 2545 614 2597; x_wconf 87' lang='lat' dir='ltr'>ejusmodi</span> <span class='ocrx_word' id='word_1_194' title='bbox 640 2543 733 2598; x_wconf 75' lang='lat' dir='ltr'>fuit,</span> <span class='ocrx_word' id='word_1_195' title='bbox 765 2553 809 2583; x_wconf 89' lang='lat' dir='ltr'>ut</span> <span class='ocrx_word' id='word_1_196' title='bbox 838 2544 874 2582; x_wconf 88' lang='lat' dir='ltr'>ei</span> <span class='ocrx_word' id='word_1_197' title='bbox 904 2544 1071 2582; x_wconf 88' lang='lat' dir='ltr'>definere</span> <span class='ocrx_word' id='word_1_198' title='bbox 1101 2558 1170 2596; x_wconf 89' lang='lat' dir='ltr'>per</span> <span class='ocrx_word' id='word_1_199' title='bbox 1194 2556 1330 2582; x_wconf 86' lang='lat' dir='ltr'>omnes</span> <span class='ocrx_word' id='word_1_200' title='bbox 1358 2541 1538 2579; x_wconf 85' lang='lat' dir='ltr'>homines</span> <span class='ocrx_word' id='word_1_201' title='bbox 1565 2540 1712 2577; x_wconf 82' lang='lat' dir='ltr'>liceret.</span> <span class='ocrx_word' id='word_1_202' title='bbox 1758 2538 1795 2574; x_wconf 79' lang='lat' dir='ltr'>Is</span> 
     </span>
     <span class='ocr_line' id='line_1_26' title="bbox 1410 2606 1498 2643; baseline 0.011 -1"><span class='ocrx_word' id='word_1_203' title='bbox 1410 2606 1445 2642; x_wconf 95' lang='lat' dir='ltr'>V</span> <span class='ocrx_word' id='word_1_204' title='bbox 1476 2618 1498 2643; x_wconf 89' lang='lat'>2</span> 
     </span>
    </p>
   </div>
  </div>
 </body>
</html>
