2351 2997
643 302 736 339 AD
794 298 1262 338 FAMILIARES
1322 299 1454 338 LIB.
1506 300 1581 339 IX.
1729 316 1806 356 223

425 399 575 453 ingenii
595 398 696 437 mihi
715 397 769 437 est
787 397 1020 450 abjicienda.
1050 395 1170 448 Qod
1192 397 1217 435 s1
1238 397 1278 435 id
1298 398 1459 450 poffern,
1478 413 1557 438 non
1578 401 1806 441 recusarem.

426 466 500 504 Sed
520 474 649 503 tamen
670 463 750 516 ipse
771 462 896 502 Caesar
916 462 1034 501 habet
1054 476 1208 516 peracre
1223 463 1423 515 judicium
1443 480 1451 503 ε
1484 474 1536 510 et,
1568 474 1613 503 ut
1637 467 1806 512 Servius,

426 530 544 569 frater
574 539 680 575 tuus,
711 543 831 582 quem
858 529 1162 568 literatiffimum
1188 528 1299 568 fuiffe
1315 530 1467 582 judico,
1499 530 1615 570 facile
1646 532 1807 578 diceret,

423 596 491 635 hic
511 596 639 635 versus
665 596 795 634 Plauti
816 609 894 634 non
916 595 983 640 est,
1000 594 1067 633 hic
1083 595 1150 640 est,
1168 595 1275 648 quod
1296 597 1404 635 tritas
1425 611 1532 635 aures
1554 597 1714 636 haberet
1735 612 1808 636 no—

424 662 551 701 tandis
572 662 780 714 generibus
800 665 1023 714 poetarum„
1050 669 1089 698 et
1109 661 1390 700 consuetudine
1410 663 1592 714 legendi,
1622 664 1672 702 fic
1692 664 1810 702 audio

425 728 630 773 Caesarem,
661 741 753 766 cum
773 727 976 765 volumina
989 727 1073 778 jam
1097 725 1313 764 confecerit
1342 724 1622 775 ἀποφθεγμάτων,’
1644 729 1669 766 fi
1702 730 1808 781 quod

423 793 606 831 afferatur
625 792 672 830 ad
692 806 781 830 eum
803 805 874 844 pro
896 805 998 835 meo,
1030 791 1138 843 quod
1164 805 1299 829 meum
1328 805 1406 829 non
1432 792 1491 836 fit,
1523 793 1681 845 rejicere
1708 795 1808 832 sole-

424 872 490 896 re:
523 857 630 910 quod
650 871 695 895 eo
716 871 821 894 nunc
843 857 966 908 magis
987 855 1097 901 facit,
1123 857 1215 908 quia
1234 857 1373 895 vivunt
1393 870 1551 895 mecum
1572 857 1651 896 fere
1672 861 1807 911 quoti-

430 923 494 961 die
513 923 620 961 illius
642 922 869 961 familiares.
915 921 1103 960 Incidunt
1133 930 1263 960 autem
1285 922 1324 960 in
1347 923 1521 960 sermone
1542 923 1646 961 vario
1667 925 1807 970 multa,

423 1002 511 1042 quae
531 987 683 1026 fortaffe
705 988 800 1033 illis,
832 1001 924 1025 cum
945 986 1042 1032 dixi,
1065 1000 1136 1024 nec
1157 987 1354 1032 illiterata,
1386 1002 1457 1026 nec
1478 988 1632 1034 insulsa,
1655 990 1726 1028 effe
1747 992 1808 1028 vi-

426 1054 603 1093 deantur.
628 1055 727 1092 Haec
744 1053 790 1091 ad
811 1053 927 1091 illum
944 1067 1035 1091 cum
1053 1053 1214 1105 reliquis
1231 1055 1323 1091 mstis
1340 1054 1610 1106 perferuntur;
1634 1056 1687 1093 ita
1702 1058 1807 1094 enim

427 1120 507 1172 ipse
528 1120 740 1158 mandavit.
773 1119 836 1157 Sic
856 1119 916 1163 fit,
948 1128 1006 1164 ut,
1038 1119 1064 1156 fi
1085 1119 1182 1171 quid
1204 1128 1382 1171 praeterea
1403 1121 1449 1157 de
1470 1134 1533 1157 me
1553 1121 1697 1166 audiat,
1730 1137 1808 1160 non

426 1186 665 1224 audiendum
685 1194 810 1237 putet.
859 1185 1129 1236 Qamobrem
1151 1190 1345 1224 OEnomao
1373 1195 1441 1223 tuo
1469 1185 1570 1223 nihil
1592 1196 1708 1233 utor;
1741 1189 1808 1226 etfi

424 1251 584 1304 posuisti
605 1251 693 1288 loco
714 1250 841 1288 versus
862 1251 1072 1288 Accianos,
1119 1250 1191 1288 Sed
1223 1264 1308 1302 quae
1333 1250 1385 1288 est
1416 1252 1594 1289 invidia?
1626 1263 1691 1291 aut
1712 1254 1809 1305 quid

425 1315 527 1354 mihi
547 1329 653 1353 nunc
674 1314 840 1352 invideri
860 1315 983 1367 potest
1002 1316 1015 1352 ?
1054 1316 1202 1353 Verum
1228 1315 1289 1353 fac
1315 1316 1386 1354 effe
1407 1318 1551 1355 omnia.
1600 1318 1662 1355 Sic
1695 1319 1808 1356 video

426 1459 531 1490 nere,
564 1444 682 1483 Nihil
703 1444 774 1482 effe
796 1445 976 1498 sapientis
997 1445 1184 1497 praestare,
1216 1446 1286 1483 nisi
1307 1447 1494 1499 culpam3
1529 1462 1605 1500 qua
1626 1449 1726 1487 mihi
1746 1451 1808 1488 vi-

426 1513 518 1550 deor
538 1511 748 1564 dupliciter
769 1525 914 1549 carere:
937 1521 975 1549 et
996 1511 1102 1564 quod
1122 1525 1163 1549 ea
1180 1512 1375 1558 senserim,
1394 1527 1478 1565 quae
1495 1515 1698 1552 reetiffima
1718 1515 1806 1554 fue-

425 1586 516 1615 runt
531 1596 544 1623 5
576 1586 614 1615 et
634 1577 740 1629 quia,
771 1590 864 1615 cum
884 1576 1055 1615 viderem
1076 1577 1240 1630 praefidii
1265 1592 1344 1616 non
1370 1579 1457 1617 satis
1479 1579 1550 1617 effe
1570 1580 1616 1617 ad
1637 1593 1678 1617 ea
1698 1581 1808 1618 obti-

426 1643 565 1688 nenda,
580 1642 728 1680 viribus
746 1642 973 1680 certandum
991 1657 1082 1680 cum
1098 1644 1377 1683 valentioribus
1395 1659 1473 1682 non
1492 1646 1677 1697 putarim.
1701 1648 1809 1699 Ergo

423 1709 464 1746 in
484 1708 617 1745 officio
638 1708 731 1745 boni
753 1708 850 1746 civis
871 1718 974 1746 certe
995 1722 1073 1746 non
1095 1709 1180 1746 sum
1201 1709 1554 1761 reprehendendus.
1588 1712 1808 1764 Reliquum

424 1773 491 1818 est,
525 1787 570 1810 ne
590 1772 686 1825 quid
706 1772 835 1818 stulte,
868 1787 916 1811 ne
942 1773 1038 1826 quid
1067 1783 1225 1818 temere,
1257 1775 1385 1811 dicam
1412 1785 1478 1813 aut
1504 1775 1644 1813 faciam
1672 1786 1809 1814 contra

423 1848 624 1891 potentes:
649 1838 688 1875 id
705 1852 863 1891 quoque
880 1849 976 1891 puto
991 1839 1063 1877 effe
1079 1840 1275 1891 sapientis.
1301 1842 1447 1879 Caetera
1463 1855 1566 1886 vero,
1585 1842 1681 1894 quid
1697 1843 1806 1895 quis-

424 1918 499 1957 que
521 1918 583 1942 me
604 1904 739 1941 dixisse
759 1904 877 1949 dicat,
909 1914 974 1943 aut
995 1906 1195 1957 quomodo
1226 1906 1293 1943 ille
1320 1908 1499 1959 accipiat,
1531 1917 1596 1945 aut
1626 1922 1702 1960 qua
1732 1909 1808 1947 fide

423 1984 581 2008 mecum
601 1970 733 2008 vivant
754 1970 796 2015 ii,
828 1971 897 2021 qui
916 1984 980 2008 me
1001 1971 1141 2008 affidue
1162 1972 1299 2009 colunt
1321 1982 1358 2010 et
1386 1973 1602 2018 observant,
1635 1973 1807 2026 praestare

426 2049 502 2073 non
524 2035 690 2088 poffum.
724 2036 783 2073 Ita
802 2035 862 2080 fit,
894 2045 936 2074 ut
958 2045 996 2074 et
1016 2037 1268 2075 consiliorum
1290 2038 1531 2090 superiorum
1553 2039 1804 2085 conscientia,

425 2111 463 2138 et
483 2100 679 2153 praesentis
703 2102 889 2152 temporis
911 2101 1192 2147 moderatione,
1214 2116 1277 2140 me
1298 2104 1487 2149 consoler,
1506 2114 1545 2142 et
1564 2104 1674 2142 illam
1692 2106 1807 2143 Accii

424 2165 722 2203 fimilitudinem
752 2179 831 2202 non
861 2166 979 2203 modo
994 2167 1078 2218 jam
1107 2168 1154 2204 ad
1184 2168 1388 2214 invidiam,
1421 2169 1483 2206 sed
1513 2169 1559 2206 ad
1589 2168 1805 2215 fortunam,

424 2229 671 2268 transferam:
696 2244 814 2282 quam
835 2230 1015 2269 existimo
1036 2232 1161 2270 levem
1182 2242 1220 2270 et
1240 2234 1498 2280 imbecillam,
1516 2235 1563 2272 ab
1584 2236 1716 2273 animo
1737 2236 1804 2274 fir-

422 2309 488 2333 mo
508 2305 546 2333 et
566 2296 686 2347 gravi,
705 2304 890 2347 tanquam
912 2295 1073 2335 fluctum
1091 2311 1110 2334 a
1132 2298 1233 2343 saxo,
1252 2299 1378 2351 frangi
1399 2310 1592 2352 oportere.
1626 2302 1803 2346 Etenim,

424 2375 516 2399 cum
537 2361 650 2413 plena
671 2360 744 2398 smt
765 2371 1021 2399 monumenta
1038 2364 1282 2409 Graecorum,
1301 2366 1637 2417 quemadmodum
1655 2367 1804 2419 sapien-

424 2426 558 2464 tiffimi
579 2426 650 2463 viri
673 2439 789 2477 regna
810 2427 972 2465 tulerint
993 2428 1053 2465 vel
1075 2428 1260 2474 Athenis,
1284 2430 1342 2467 vel
1367 2431 1572 2482 Syracufis,
1595 2445 1702 2476 cum,
1726 2432 1804 2469 ser-

421 2491 619 2530 vientibus
641 2491 717 2529 suis
739 2492 980 2538 civitatibus,
1002 2492 1149 2532 fuerint
1170 2496 1238 2547 ipfi
1261 2496 1554 2548 quodammodo
1575 2497 1709 2541 liberi;
1732 2511 1805 2549 ego

421 2572 484 2597 me
505 2571 584 2597 non
605 2566 741 2610 putem
763 2559 863 2597 tueri
883 2572 1016 2598 meum
1038 2560 1178 2600 statum
1200 2562 1249 2600 fic
1271 2563 1388 2615 poffe,
1406 2572 1449 2602 ut
1467 2577 1591 2616 neque
1607 2562 1809 2601 offendam.
