2351 2997
631 206 723 245 AD
781 199 1244 242 FAMILIARES
1304 198 1435 237 LIB.
1481 198 1556 237 XI.
1704 199 1780 252 287

446 441 512 480 M.
542 440 596 478 T.
630 439 678 477 C.
712 439 766 477 D.
800 438 999 474 BRUTO
1041 435 1167 472 IMP.
1209 433 1333 471 Cos.
1377 444 1496 470 DEs.
1538 432 1576 470 S.
1609 432 1654 469 P.
1687 432 1741 470 D.

409 569 502 607 XV.
525 567 643 640 ET
659 569 680 605 S
700 569 715 605 I
746 564 846 604 mihi
878 573 951 602 tuae
981 564 1100 601 literae
1125 560 1412 613 jucundiffimae
1433 559 1535 603 sunt,
1567 568 1695 597 tamen
1712 560 1786 610 ju·-

612 632 779 670 cundius
800 630 892 674 fuit,
914 627 1021 680 quod
1039 628 1082 664 in
1103 623 1530 676 summa'occupatione
1551 633 1614 662 tua
1637 625 1782 662 Planco

406 699 567 750 collegae
587 697 788 740 mandasti,
820 704 864 731 ut
895 702 932 730 te
962 691 1063 729 mihi
1084 704 1150 743 per
1171 690 1299 727 literas
1320 689 1530 734 excusaret,
1563 689 1668 741 quod
1688 689 1784 726 fecit

406 765 473 802 ille
494 764 715 814 diligenter.
763 759 871 797 Mihi
892 766 1025 795 autem
1044 755 1146 794 nihil
1166 754 1372 792 amabilius
1393 754 1524 791 officio
1545 764 1613 791 tuo
1633 763 1670 792 et
1691 754 1784 791 dili-

407 829 552 881 gentia.
590 825 830 878 Conjunctio
850 833 916 861 tua
935 835 1026 860 cum
1049 820 1213 872 collega,
1239 819 1525 871 concordiaque
1544 819 1676 863 vestra,
1699 832 1785 870 quae

406 894 530 931 literis
551 891 831 930 communibus
861 888 1050 926 declarata
1075 886 1142 930 est,
1173 885 1319 923 senatui
1348 885 1574 937 populoque
1604 884 1786 921 Romano

406 958 615 1011 gratissima
634 956 790 994 accidit.
821 953 941 1005 Qod
962 951 1141 1004 superest,
1164 964 1294 1002 perge,
1317 950 1372 988 mi
1394 951 1526 993 Brute,
1548 958 1586 986 et
1601 950 1684 1000 jam
1707 962 1785 985 non

407 1037 500 1061 curn
516 1023 616 1067 aliis,
635 1021 697 1059 sed
719 1030 849 1058 tecum
871 1019 949 1070 ipse
965 1026 1081 1055 certa.
1114 1016 1231 1053 Plura
1250 1016 1414 1053 scribere
1431 1028 1508 1051 non
1531 1013 1666 1058 debeo,
1684 1028 1784 1066 prae-

408 1089 539 1126 sertim
561 1087 608 1124 ad
629 1096 694 1130 te3
727 1098 805 1137 quo
826 1082 1007 1135 magistro
1028 1081 1228 1119 brevitatis
1251 1081 1308 1118 uti
1329 1081 1476 1132 cogitO.
1522 1079 1672 1117 Literas
1701 1088 1786 1116 tuas

407 1153 657 1192 vehementer
675 1152 851 1203 expecto,
881 1158 919 1187 et
939 1147 1099 1201 quidem
1121 1146 1230 1192 tales,
1263 1146 1394 1198 quales
1417 1145 1586 1183 maxime
1607 1153 1716 1197 opto-

500 1352 564 1390 M.
596 1352 650 1389 T.
683 1351 732 1388 C.
765 1349 819 1387 D.
853 1348 1013 1385 BRUTO
1054 1347 1157 1384 ΙΜΡ.
1200 1346 1302 1384 Cos.
1348 1358 1443 1384 DES.
1486 1345 1524 1383 S.
1557 1345 1601 1382 Ρ.
1635 1344 1690 1382 D.

408 1481 522 1519 XVI.
547 1475 896 1551 PERMAGN
910 1475 929 1513 I
949 1473 1118 1519 interest,
1141 1487 1220 1526 quo
1240 1473 1315 1510 tibi
1335 1471 1418 1511 haec
1438 1482 1614 1525 tempore
1628 1471 1789 1523 epistola

628 1542 778 1580 reddita
797 1541 869 1585 fit;
901 1549 1051 1584 utrum,
1082 1552 1175 1576 cum
1195 1537 1473 1576 sollicitudinis
1494 1536 1644 1589 aliquid
1664 1536 1786 1574 habe-

408 1625 486 1656 res;
509 1624 572 1655 an,
595 1622 686 1647 cum
707 1608 754 1645 ab
775 1606 885 1644 omni
905 1605 1080 1643 molestia
1094 1618 1237 1642 vacuus
1258 1604 1364 1642 effes.
1398 1605 1534 1656 Itaque
1549 1603 1584 1640 ei
1606 1602 1786 1654 praecepi,

407 1690 527 1730 quem
548 1675 593 1713 ad
614 1684 652 1711 te
673 1672 772 1717 mifi,
806 1680 850 1709 ut
870 1680 1025 1723 tempus
1047 1669 1262 1707 observaret
1283 1669 1451 1721 epistolae
1473 1670 1546 1706 tibi
1569 1667 1784 1705 reddendae.

408 1743 516 1781 Nam
537 1738 870 1793 quemadmodum
891 1750 1036 1781 coram,
1068 1735 1137 1787 qui
1166 1735 1212 1772 ad
1239 1748 1308 1772 nos
1331 1734 1600 1787 intempestive
1628 1732 1785 1777 adeunt,

407 1806 560 1846 molesti
581 1805 675 1856 saepe
696 1803 808 1846 sunt;
842 1803 892 1839 fic
912 1801 1081 1853 epistolae
1101 1799 1307 1837 offendunt
1329 1813 1407 1837 non
1430 1802 1517 1837 loco
1539 1798 1709 1835 redditae.
1749 1797 1793 1834 Si.

406 1882 552 1916 autem,
576 1879 618 1908 ut
638 1869 760 1921 spem,
784 1867 885 1905 nihil
907 1877 943 1904 te
965 1866 1179 1918 perturbat,
1203 1864 1303 1902 nihil
1326 1866 1519 1917 impedit3
1552 1873 1590 1901 et
1610 1863 1691 1907 ille,
1724 1862 1794 1900 cuir

408 1936 602 1979 mandavi,
635 1935 721 1972 satis
743 1933 835 1970 scite
855 1942 893 1970 et
922 1931 1129 1969 commode
1159 1940 1314 1982 tempus
1336 1930 1381 1967 ad
1410 1940 1445 1967 te
1467 1931 1571 1981 cepit
1591 1928 1786 1973 adeundi3

409 2002 565 2041 confido
585 2014 662 2044 me,
693 1999 798 2050 quod
819 1998 954 2043 velim,
986 1997 1100 2035 facile
1120 2010 1141 2033 a
1162 2005 1198 2034 te
1219 1997 1536 2048 impetraturum.
1579 1995 1628 2031 L.
1653 1994 1790 2031 Lamia

410 2078 613 2120 praeturam
637 2066 756 2117 petit:
780 2064 856 2101 hoc
872 2077 944 2115 ego
965 2072 1053 2100 utor
1074 2076 1152 2099 uno
1173 2063 1353 2099 omnium
1374 2061 1608 2113 plurimum.
1641 2060 1791 2111 Magna

409 2132 588 2176 vetustaS,
625 2143 766 2180 magna
799 2128 1053 2172 consuetudo,
1090 2127 1313 2171 intercedit,
1351 2126 1535 2178 quodque
1570 2125 1790 2177 plurimum

409 2199 524 2243 valet,
556 2196 657 2234 nihil
680 2194 780 2232 mihi
800 2196 881 2247 ejus
902 2194 955 2231 est
975 2193 1237 2231 familiaritate
1253 2193 1484 2244 jucundiuS.
1517 2193 1668 2242 Magno
1688 2204 1790 2243 prae-

410 2273 512 2301 terea
547 2261 736 2299 beneficio
770 2261 852 2312 ejus
887 2272 1108 2311 magnoque
1143 2258 1284 2296 merito
1318 2257 1402 2295 sum
1436 2257 1632 2309 obligatus
1652 2270 1661 2293 z
1699 2269 1789 2293 nam

410 2327 612 2366 Clodianis
649 2325 905 2376 temporibus,
942 2338 1034 2362 cum
1068 2322 1252 2375 equestris
1286 2322 1434 2359 ordinis
1468 2323 1649 2374 princeps
1684 2319 1787 2363 esset,

410 2406 558 2446 proque
590 2405 675 2429 mea
701 2390 820 2428 salute
850 2390 1035 2427 acerrime
1066 2398 1344 2442 propugnaret,
1374 2401 1395 2425 a
1425 2387 1599 2425 Gabinio
1631 2384 1788 2422 consule

408 2459 599 2510 relegatus
633 2455 713 2500 est3
759 2455 865 2507 quod
899 2463 987 2493 ante
1025 2454 1066 2493 id
1101 2463 1257 2506 tempus
1292 2453 1370 2492 civi
1403 2453 1585 2492 Romano
1620 2449 1789 2501 contigit
