2351 2997
583 261 655 300 M{⁴3
926 260 1610 300 EPISTOLARUM

580 292 626 315 Q)

579 376 642 400 me
662 360 856 406 habuerit,
889 361 929 398 id
949 375 1012 399 me
1033 360 1174 399 habere
1193 360 1260 398 abs
1282 370 1334 399 te.
1379 361 1470 397 Hoc
1500 368 1538 398 te
1565 358 1814 398 vehementer
1840 360 1963 398 etiam

578 435 694 479 atque
712 427 830 464 etiam
850 439 960 476 rogo.
994 426 1103 463 Vale.

597 625 662 663 M.
686 626 738 662 T.
764 625 813 662 C.
838 625 1147 676 QVALERm,
1180 625 1304 676 QF
1330 625 1491 668 ORCAE,
1524 624 1713 662 Paocos.
1752 625 1789 663 S.
1814 625 1858 663 P.
1883 626 1937 663 D.

579 753 652 790 VI.
679 752 725 823 S
740 755 757 790 Ι
779 753 894 796 vales,
920 752 1015 790 bene
1036 752 1109 789 est:
1133 766 1206 803 ego
1227 752 1387 804 quidem
1408 752 1530 789 valeo.
1564 751 1692 789 Credo
1714 761 1750 789 te
1771 752 1960 790 memoria

757 827 900 861 tenere,
932 831 995 855 me
1022 826 1059 855 et
1090 830 1220 854 coram
1252 817 1295 855 P.
1322 816 1468 869 Cuspio
1500 825 1631 854 tecum
1660 817 1841 854 locutum
1870 817 1957 862 effe,

579 898 672 921 cum
694 894 730 921 te
752 883 999 935 prosequerer
1020 882 1276 935 paludatum5
1308 891 1345 919 et
1367 883 1461 920 item
1483 882 1610 934 postea
1629 883 1810 934 pluribus
1831 884 1957 921 verbis

578 958 709 986 tecum
731 948 858 999 egssse,
891 957 949 992 ut,
981 948 1235 999 quoscunque
1256 947 1330 984 tibi
1350 948 1432 998 ejus
1454 947 1676 984 necefi‘arios
1704 948 1958 986 commenda-

578 1028 676 1058 rem,
694 1013 852 1051 haberes
874 1027 937 1051 eos
959 1014 998 1050 in
1021 1026 1185 1050 numero
1206 1026 1384 1050 meorum
1406 1012 1715 1050 necessariorum.
1746 1013 1791 1050 Id
1813 1022 1870 1057 tu,
1887 1028 1960 1065 pro

577 1088 645 1117 tua
665 1080 815 1117 summa
834 1092 924 1131 erga
937 1092 1000 1116 me
1018 1079 1289 1116 benevolentia
1307 1087 1570 1130 perpetuaque
1585 1078 1839 1123 observantia,
1857 1078 1961 1116 mihi

578 1144 839 1182 liberaliffime
870 1153 986 1196 atque
1013 1143 1286 1181 humaniffime
1317 1143 1506 1196 recepisti.
1553 1143 1741 1195 Cuspius,
1768 1142 1889 1181 homo
1918 1145 1960 1181 in

577 1223 712 1248 omnes
734 1210 820 1248 suos
847 1209 1160 1254 officiofiffimus,
1190 1209 1357 1247 mirifice
1387 1208 1573 1261 quosdam
1603 1207 1784 1247 homines
1815 1223 1862 1247 ex
1893 1209 1962 1247 ista

578 1276 778 1328 provincia
799 1284 931 1313 tuetur
950 1284 989 1312 et
1010 1274 1157 1326 diligit,
1187 1284 1391 1327 propterea
1421 1274 1527 1327 quod
1552 1273 1630 1311 fuit
1656 1274 1697 1311 in
1726 1273 1862 1313 Africa
1882 1275 1957 1320 bis,

577 1355 671 1379 cum
691 1341 874 1379 maximis
895 1339 1088 1378 societatis
1109 1340 1276 1391 negotiis
1298 1339 1480 1392 praeeffet.
1511 1340 1648 1391 ltaque
1668 1338 1744 1377 hoc
1765 1340 1847 1391 ejus
1868 1341 1958 1378 offi-

575 1408 700 1452 cium,
732 1406 837 1458 quod
857 1405 1018 1444 adhibet
1036 1419 1126 1456 erga
1144 1405 1250 1450 illos,
1282 1419 1354 1456 ego
1381 1418 1465 1442 mea
1490 1404 1676 1442 facultate
1696 1414 1734 1442 et
1753 1406 1876 1457 gratia
1896 1406 1957 1443 so-

575 1473 653 1517 leo,
684 1481 878 1524 quantum
899 1471 1066 1523 poffum,
1088 1470 1280 1522 adjuvare.
1314 1471 1444 1521 Qare
1466 1469 1754 1521 Cuspianorum
1775 1471 1958 1508 omnium

576 1536 930 1575 commendationis
951 1534 1103 1572 causam
1123 1533 1196 1572 hac
1217 1534 1292 1572 tibi
1312 1533 1472 1586 epistola
1497 1534 1767 1586 exponendam
1794 1537 1927 1586 putavi
1945 1551 1957 1574 t.

576 1602 737 1654 reliquis
759 1601 946 1654 epistolis,
963 1609 1118 1638 tanturn
1138 1599 1296 1644 faciam,
1317 1609 1362 1637 ut
1382 1609 1517 1637 notam
1537 1613 1731 1651 apponam
1751 1613 1850 1645 eam,
1873 1615 1960 1652 quae

576 1667 677 1705 mihi
699 1677 831 1705 tecum
847 1666 1046 1710 convenit,
1064 1674 1102 1703 et
1121 1665 1236 1702 fimul
1256 1665 1473 1716 fignificem
1490 1664 1536 1702 de
1553 1678 1716 1702 numero
1732 1665 1803 1702 effe
1821 1666 1963 1718 Cuspii

575 1732 808 1770 amicorum.
847 1731 920 1768 Sed
940 1730 1041 1768 hanc
1062 1729 1462 1774 commendationem,
1494 1743 1611 1781 quam
1633 1729 1694 1768 his
1716 1730 1838 1768 literis
1860 1744 1958 1768 con-

576 1799 721 1850 signare
741 1798 864 1841 volui,
882 1797 978 1834 scito
998 1795 1069 1834 effe
1090 1796 1271 1834 omnium
1291 1795 1566 1847 graviffimam.
1599 1796 1705 1834 Nam
1727 1797 1771 1834 P.
1790 1796 1958 1848 Cuspius

577 1863 759 1914 singulari
792 1861 918 1898 studio
950 1860 1154 1899 contendit
1183 1874 1204 1898 a
1229 1874 1306 1904 me,
1338 1869 1383 1898 ut
1414 1860 1489 1898 tibi
1521 1873 1639 1912 quam
1667 1860 1959 1911 diligentiflime

578 1929 626 1965 L.
643 1927 798 1977 Julium
819 1926 1151 1964 commendarem.
1184 1926 1281 1976 Ejus
1303 1938 1374 1976 ego
1394 1924 1520 1962 studio
1540 1926 1605 1962 vix
1626 1925 1759 1962 videor
1779 1925 1879 1962 mihi
1900 1926 1957 1962 sa-

578 1991 756 2030 tisfacere
781 1991 898 2043 posse,
930 1991 956 2028 fi
989 1999 1073 2028 utar
1102 1990 1228 2027 verbis
1261 1990 1324 2034 iis,
1356 1990 1515 2042 quibus,
1548 2003 1639 2027 cum
1667 1990 1959 2041 diligentissime

577 2057 673 2108 quid
694 2056 860 2107 agi1nu5‚
879 2055 938 2093 uti
959 2055 1140 2093 solemus.
1174 2055 1289 2092 Nova
1308 2055 1485 2107 quaedam
1507 2054 1687 2106 postulat,
1711 2064 1747 2091 et
1768 2064 1879 2106 putat
1896 2069 1959 2092 me

577 2124 659 2173 ejus
681 2121 830 2173 generis
852 2120 1062 2158 artificium
1080 2119 1277 2172 quoddam
1298 2130 1440 2157 tenere.
1474 2120 1524 2157 Ei
1544 2133 1616 2171 ego
1632 2120 1835 2171 pollicitus
1857 2120 1956 2164 sum,

576 2201 640 2225 me
659 2200 706 2224 ex
727 2187 868 2224 intima
884 2185 1008 2222 nostra
1028 2195 1105 2222 arte
1127 2185 1455 2237 deprompturum
1470 2185 1685 2222 mirificum
1706 2198 1827 2236 genus
1845 2199 1957 2222 com-

576 2252 853 2290 mendationis.
900 2251 944 2288 Id
965 2251 1120 2303 quando
1140 2251 1282 2302 assequi
1304 2265 1381 2288 non
1403 2251 1570 2303 pofi‘um,
1603 2261 1644 2287 tu
1672 2264 1710 2287 re
1730 2251 1849 2288 velim
1871 2252 1959 2288 cffi-

577 2319 670 2362 cias,
689 2326 732 2354 ut
753 2317 819 2353 ille
839 2330 978 2367 genere
998 2329 1173 2353 mearum
1195 2316 1393 2353 literarum
1416 2315 1637 2353 incredibili
1661 2315 1844 2367 quiddam
1869 2329 1956 2367 per-

578 2383 725 2420 fectum
746 2373 967 2419 arbitretur.
1005 2381 1050 2419 Id
1071 2381 1201 2425 facies,
1234 2382 1260 2419 fi
1281 2395 1397 2418 omne
1418 2395 1539 2432 genus
1562 2381 1819 2425 liberalitatis,
1852 2381 1957 2432 quod

576 2460 614 2486 et
636 2450 682 2486 ab
703 2448 946 2485 humanitate
965 2457 1002 2484 et
1024 2447 1207 2498 potestate
1229 2434 1294 2484 tu⁴a
1321 2447 1513 2499 proficisci
1543 2447 1700 2498 poterit,
1734 2460 1811 2483 non
1840 2447 1957 2483 modo

577 2529 630 2559 re,
678 2514 740 2552 sed
783 2515 899 2551 etiam
945 2513 1086 2557 verbis,
1134 2513 1246 2550 vultu
1286 2513 1469 2565 denique,
1505 2512 1787 2564 exprompseris
1812 2527 1819 2549 ε
1871 2525 1960 2563 qute-
