2351 2997
529 332 611 369 414
877 313 1558 356 EP‘ISTOLARU‘M

524 433 615 472 vquae
632 417 733 456 mihi
748 416 981 469 optatiffima
1001 415 1103 458 sunt,
1122 413 1410 465 praedicabunt3
1435 421 1520 450 tum
1537 411 1620 450 dua:
1638 411 1817 450 maximae
1833 411 1908 450 cli-

517 485 667 522 >entelae
684 492 772 526 tuae,
792 483 945 532 Cyprus
967 479 1091 516 insula
1106 487 1144 514 et
1161 477 1417 528 Cappadociae
1438 491 1617 528 regnum,
1637 486 1767 515 tecum
1784 477 1830 514 de
1846 490 1909 514 me

530 551 761 602 loquentur:
785 555 882 598 puto
898 546 1015 582 etiam
1033 556 1163 594 regem
1181 543 1429 593 Dejotarum,
1448 543 1517 594 qui
1534 542 1602 579 uni
1624 543 1697 579 tibi
1713 543 1765 579 est
1781 542 1908 580 maxi-

529 629 593 653 me
610 613 850 651 neceffarius.
876 612 973 662 Qae
991 609 1016 647 fi
1033 609 1147 646 etiam
1167 609 1312 659 majora
1328 608 1436 651 sunt3
1459 616 1497 644 et
1514 608 1554 644 in
1571 607 1755 644 omnibus
1772 607 1910 644 seculis

529 679 730 733 pauciores
752 677 824 715 viri
846 675 987 728 reperti
1009 675 1111 718 sunt,
1130 673 1198 725 qui
1221 673 1302 710 suas
1324 672 1572 724 cupiditates,
1591 686 1709 724 quam
1730 673 1799 724 qui
1819 671 1910 709 hos-

529 745 634 782 tium
655 743 800 794 copiam,
824 742 1048 783 vincerent;
1072 738 1124 775 est
1147 736 1320 790 profecto
1341 747 1470 782 tuum,
1493 751 1585 774 cum
1606 737 1651 774 ad
1673 750 1729 774 res
1752 736 1911 774 bellicas

529 810 629 854 haec,
648 823 733 861 quae
754 807 895 845 rariora
914 816 952 843 et
973 805 1193 842 difficiliora
1214 803 1316 848 sunt,
1339 816 1478 854 genera
1496 803 1653 841 virtutis
1673 802 1910 854 adjunxeris,

520 876 628 928 »ipsas
649 876 767 912 etiam
787 873 871 910 illas
893 885 950 909 res
972 870 1091 922 gestas
1107 869 1287 920 justiores
1308 869 1380 906 effe
1400 878 1438 906 et
1460 870 1621 920 majores
1643 878 1791 920 putare.
1825 869 1910 905 Ex*

523 949 702 978 tremum
723 937 822 975 illud
843 936 909 980 est,
942 945 999 979 ut,
1032 934 1135 986 quasi
1168 933 1347 970 diffidens
1375 933 1568 984 rogationi
1595 946 1704 977 meoe,
1735 931 1912 984 philoso-

521 1004 667 1058 ,phiam
687 1003 733 1040 ad
755 1012 791 1040 te
811 1002 975 1053 allegem
994 1019 1005 1044 3
1038 1013 1114 1051 qua
1136 1013 1206 1036 nec
1227 998 1328 1036 mihi
1349 998 1473 1036 carior
1493 998 1574 1035 ulla
1598 1011 1771 1049 unquam
1792 1011 1850 1034 res
1871 997 1913 1034 in

530 1073 610 1109 vita
630 1069 721 1114 fuit,
754 1082 824 1106 nec
857 1067 1066 1105 hominum
1099 1066 1231 1117 generi
1259 1066 1383 1115 majus
1411 1078 1432 1101 a
1451 1064 1524 1101 diis
1547 1077 1690 1101 munus
1713 1063 1841 1100 ullum
1861 1062 1915 1099 est

531 1136 682 1173 datum.
729 1135 826 1171 Haec
849 1131 994 1184 igitur,
1026 1144 1111 1183 quae
1135 1130 1234 1168 mihi
1256 1140 1389 1168 tecum
1411 1130 1635 1167 communis
1655 1128 1722 1173 est,
1755 1128 1913 1166 societas

522 1201 749 1239 *studiorum
769 1209 885 1251 atque
906 1199 1049 1235 artium
1070 1196 1300 1241 nostrarum,
1332 1196 1477 1248 quibus
1498 1209 1518 1232 a
1537 1195 1704 1247 pueritia
1723 1193 1846 1232 dediti
1871 1206 1914 1230 ac

530 1267 716 1311 devinCti,
750 1266 821 1303 soli
847 1263 1135 1318 propemodum
1168 1276 1237 1300 nos
1266 1261 1558 1314 philosophiam
1586 1261 1695 1298 illam
1721 1273 1850 1299 veram
1877 1268 1917 1297 et

532 1333 751 1384 antiquam,
783 1345 869 1384 quae
889 1329 1122 1383 quibusdam
1144 1329 1215 1366 otii
1236 1328 1307 1366 esse
1334 1342 1376 1365 ac
1405 1327 1554 1366 defidiae
1580 1326 1749 1371 videtur,
1780 1327 1822 1363 in
1851 1324 1915 1363 fo·-

533 1413 637 1444 rum,
668 1408 783 1451 atque
811 1398 851 1435 in
884 1395 1185 1448 rempublicam,
1216 1403 1332 1446 atque
1354 1395 1394 1431 in
1414 1393 1536 1445 ipsam
1557 1380 1681 1430 aciem
1702 1405 1814 1443 pene,
1846 1391 1915 1428 de-

532 1465 735 1508 duximus,
767 1473 900 1501 tecum
926 1462 1007 1513 agit
1034 1461 1080 1497 de
1111 1473 1197 1497 mea
1224 1459 1364 1504 laude5
1396 1459 1461 1495 cui
1489 1457 1620 1509 negari
1647 1471 1668 1494 a
1689 1458 1839 1494 Catone
1858 1455 1915 1494 fas

524 1529 606 1568 effe
626 1542 705 1566 non
726 1537 837 1580 putO.
885 1525 1156 1578 Qamobrem
1177 1524 1252 1562 tibi
1272 1524 1322 1561 fic
1342 1523 1566 1576 persuadeas
1588 1522 1705 1560 velim
1726 1537 1734 1559 :
1767 1521 1794 1558 s1
1815 1519 1917 1558 mihi

533 1603 601 1632 tua
621 1593 809 1630 sententia
829 1592 1000 1628 tributus
1021 1588 1147 1627 honos
1169 1602 1215 1626 ex
1238 1588 1334 1625 meis
1356 1587 1481 1625 literis
1502 1585 1637 1630 fuerit,
1651 1598 1722 1624 nie
1743 1585 1793 1622 sic
1814 1584 1916 1622 exis-

533 1660 782 1702 timaturum,
814 1671 906 1694 curn
933 1655 1160 1693 aucloritate
1187 1662 1267 1698 tua,
1299 1662 1385 1691 tum
1418 1650 1689 1690 benevolentia
1719 1663 1810 1702 erga
1838 1663 1917 1694 me,

532 1723 650 1769 mihi,
681 1723 789 1776 quod
809 1722 978 1760 maxime
999 1720 1207 1772 cupierim,
1237 1717 1458 1770 contigiffe.
1490 1717 1601 1755 Vale.

754 1925 818 1962 M.
851 1924 1019 1960 CATO
1061 1922 1124 1959 M.
1158 1922 1210 1958 T.
1245 1920 1294 1958 C.
1327 1920 1459 1957 ΙΜΡ.
1500 1917 1538 1955 S.
1573 1917 1617 1954 P.
1650 1917 1705 1954 D.

536 2052 589 2091 V.
625 2052 661 2100 6
693 2051 823 2090 UOD
843 2058 878 2087 et
898 2048 1092 2101 respublica
1106 2061 1171 2092 me,
1191 2056 1226 2086 et
1241 2046 1357 2097 nostra
1373 2044 1546 2088 amicitia,
1565 2044 1750 2087 hortatur,
1768 2041 1921 2080 libenter

726 2116 844 2168 facio,
867 2123 907 2152 ut
928 2123 1027 2152 tuam
1046 2113 1237 2156 virtutem,
1269 2111 1516 2153 innocentiam,
1544 2109 1775 2160 diligentiam,
1797 2107 1918 2160 cogni-

530 2193 613 2223 ’tam
632 2183 669 2222 in
691 2181 850 2222 maximis
869 2179 985 2224 rebus,
1007 2179 1099 2217 domi
1115 2178 1245 2230 togati,
1267 2177 1405 2215 armati
1444 2176 1527 2220 oris,
1555 2174 1645 2227 pari
1662 2173 1833 2226 indistria
1853 2172 1919 2211 ad-

535 2248 736 2300 minstrare
761 2245 949 2298 gaudeam.
999 2246 1142 2296 Itaque,
1175 2242 1267 2296 quod
1276 2252 1347 2294 pro
1367 2255 1437 2280 meo
1444 2240 1580 2292 judicio
1585 2240 1719 2291 facere
1732 2239 1849 2291 potui,
1866 2242 1921 2276 ‘ut

535 2313 736 2353 innocentia
751 2311 949 2363 coifilioque
968 2319 1028 2348 tuo
1044 2310 1216 2362 defivgfizm
1226 2307 1465 2360 provinciam,
1470 2307 1667 2358 servatum
1682 2303 1919 2343 Ariobarza-

538 2380 592 2418 nis
613 2393 689 2418 cztm
709 2378 776 2431 ipso
804 2391 886 2429 rege
911 2390 1074 2427 regnum,
1095 2374 1271 2427 sociorum
1302 2381 1507 2411 revocatam
1537 2370 1588 2409 ad
1599 2369 1759 2422 studium
1786 2367 1926 2422 imperii

539 2445 652 2496 nostri
665 2444 899 2486 voluntatem,
903 2440 1180 2493 fintentia-mea
1199 2449 1233 2478 et
1248 2439 1384 2477 decreto
1404 2437 1598 2481 laudarem,
1605 2435 1701 2486 βτί.
1733 2434 1922 2486 Supplica-

539 2511 666 2550 tionem
685 2507 922 2558 decretam,st
935 2515 990 2551 tu,
1012 2520 1081 2559 qna
1101 2506 1136 2544 in
1156 2519 1196 2543 re
1215 2504 1307 2542 nihil
1308 2504 1486 2555 fortuito,
1493 2501 1564 2553 sed
1566 2502 1710 2552 stimma
1723 2508 1790 2537 tua
1804 2499 1920 2536 ratio-

539 2591 582 2616 ne
601 2585 636 2616 et
655 2573 885 2620 continentia,
904 2572 1105 2626 reipitblicae
1112 2572 1297 2626 provg'sigm
1312 2570 1369 2622 est,
1387 2569 1458 2608 diist
1466 2566 1723 2606 inmortalibus
1731 2563 1924 2617 gratulari
