2351 2997
635 305 727 343 AD
786 303 1251 344 FAMILIARES
1311 306 1441 345 LIB.
1489 307 1604 346 VIII.
1738 323 1810 363 195

435 400 638 446 hominibus,
668 410 710 439 ut
738 400 882 446 diceret,
899 403 944 453 se
973 412 1057 441 ante
1085 403 1157 441 kal.
1187 405 1314 442 Mart.
1339 418 1406 442 non
1424 404 1602 457 poffl’stne
1618 403 1751 455 injuria
1770 406 1810 444 de

429 466 627 517 provinciis
658 466 810 519 Caestzris
827 466 1017 518 statuere;
1046 468 1122 520 poll
1154 469 1225 506 kal.
1248 471 1374 508 Mart.
1384 471 1430 522 se
1459 484 1526 508 non
1545 470 1808 509 dubitaturum.

437 532 526 568 Cum
545 531 847 584 interrogaretur,
851 533 895 583 si
909 534 973 585 qui
988 542 1063 571 tum
1083 534 1340 573 intercederent
1351 553 1362 578 3
1387 535 1491 580 dixit,
1509 537 1571 574 hoc
1588 536 1683 574 nihil
1691 536 1809 574 inter-

434 593 506 646 effi,
533 605 655 635 utrum
676 599 720 635 C.
744 599 1024 650 Ccesarst’natui
1038 598 1128 636 elicto
1147 599 1290 638 audiens
1293 600 1456 651 futurus
1474 615 1540 639 non
1559 600 1651 653 effit,
1672 616 1719 639 an
1734 609 1808 653 pa-

433 669 536 698 raret
556 662 619 714 qui
621 663 791 712 stnatum
810 662 993 701 decernere
1011 678 1078 701 non
1091 673 1299 716 pateretur.
1331 665 1431 716 Qid
1430 667 1482 716 st,
1504 667 1620 718 inquit
1640 666 1743 711 alius,
1773 673 1810 704 et

433 726 551 776 cosfitl
565 726 638 778 effe,
669 736 704 764 et
728 727 919 765 exercitum
945 727 1088 772 habere,
1117 728 1210 766 volet
1229 728 1248 766 ,Ρ
1277 731 1336 767 At
1367 730 1435 774 ille,
1466 744 1571 782 quam
1595 731 1780 769 clementer
1794 745 1809 767 .-

433 790 534 841 Qud
543 791 586 841 st
598 790 703 842 filius
733 805 825 828 meus
836 791 971 842 fistem
996 792 1086 830 mihi
1111 792 1302 844 impingere
1330 794 1423 832 volet
1441 794 1460 831 ,ἕ
1490 794 1563 832 His
1583 795 1738 840 vocibus,
1768 804 1811 834 ut

433 855 669 906 exssimarent
702 855 851 893 homines
883 856 1046 908 Pompeio
1081 871 1157 895 cum
1193 859 1334 912 Caesare
1365 858 1425 910 eſje
1454 860 1644 911 negotium,
1679 860 1807 912 effecit.

433 922 561 973 Itaque
567 921 664 970 jam,
696 930 736 959 ut
757 920 869 965 video,
899 922 1175 961 alteramutram
1195 923 1246 961 ad
1267 924 1493 963 conditionem
1511 925 1708 975 descendere
1727 925 1811 964 vult

435 988 570 1040 Caesar,
601 996 641 1024 ut
669 996 734 1025 aut
766 996 919 1031 maneat,
951 1002 1058 1040 neque
1076 989 1139 1027 hoc
1168 1004 1260 1027 anno
1274 991 1342 1043 fici
1368 991 1463 1029 ratio
1493 991 1671 1029 habeatur
1685 1010 1697 1036 3
1728 999 1809 1035 aut,

418 1052 460 1101 fi
477 1051 653 1104 designari
662 1052 812 1104 poterit,
836 1052 990 1090 decedat.
1024 1053 1133 1091 Curio
1139 1055 1183 1104 se
1203 1063 1329 1093 contra
1347 1069 1423 1093 eum
1440 1064 1553 1094 totum
1561 1066 1693 1108 parat.
1715 1056 1817 1109 Qid

432 1116 563 1169 essequi
585 1117 700 1168 posp‘t‚
731 1117 849 1170 nestio.
896 1117 995 1156 Illud
1020 1118 1133 1162 video,
1164 1119 1247 1157 bene
1251 1121 1480 1171 sentientem,
1511 1122 1575 1171 etsi
1606 1122 1699 1160 nibil
1725 1122 1812 1174 effe-

431 1182 535 1226 cerit‚
566 1181 689 1219 cadere
718 1196 784 1219 non
809 1181 912 1234 pff·
957 1184 1025 1221 Me
1055 1185 1197 1221 trabtat
1225 1184 1421 1223 liberaliter
1442 1186 1565 1230 Curio,
1597 1195 1632 1224 et
1651 1186 1812 1238 mihistto

432 1260 574 1284 munere
592 1246 767 1298 negotium
786 1247 958 1299 imposuit.
1003 1249 1103 1286 Nam
1118 1249 1162 1299 st
1187 1249 1277 1288 mihi
1302 1265 1369 1288 non
1397 1250 1534 1302 dedgſjet
1562 1266 1632 1296 eas,
1663 1265 1742 1303 quae
1765 1251 1817 1290 ad

433 1310 528 1349 ludos
548 1311 581 1349 ei
597 1311 757 1350 advectae
775 1321 881 1350 erant
905 1312 1107 1364 Africanae,
1132 1315 1254 1365 potuit
1260 1315 1496 1367 supeiss’deri.
1527 1318 1652 1360 Nunc,
1674 1317 1811 1369 quando

433 1376 520 1414 dare
538 1375 659 1428 neceffi’
689 1376 747 1428 est,
778 1377 882 1415 velim
902 1378 972 1415 tibi
988 1379 1160 1429 curaestt,
1192 1379 1284 1431 quod
1298 1395 1321 1418 a
1340 1390 1375 1418 te
1378 1382 1522 1433 stmper
1534 1382 1640 1434 petii,
1671 1391 1714 1421 ut
1739 1383 1811 1421 ali-

434 1441 521 1495 quid
533 1441 631 1493 ssinc
650 1441 834 1493 bestiarum
853 1442 1066 1488 babeamus3
1099 1444 1361 1498 Sittianamque
1364 1447 1615 1499 syngrapham
1633 1448 1704 1486 tibi
1717 1462 1811 1487 com-

433 1506 564 1547 mendo.
609 1505 801 1546 Libertum
821 1508 1004 1547 Philonem
1020 1508 1106 1559 ssuc
1125 1509 1210 1560 mist,
1242 1519 1279 1548 et
1297 1511 1494 1564 Diogenem
1516 1513 1697 1558 Graecum,
1728 1514 1811 1567 qui-

433 1571 496 1609 bus
515 1571 684 1610 mandata
705 1581 739 1610 et
757 1572 883 1611 literas
901 1573 952 1611 ad
967 1581 1002 1612 te
1020 1573 1108 1612 dedi.
1156 1577 1228 1613 Eos
1259 1575 1338 1620 tibi,
1369 1585 1405 1614 et
1435 1590 1521 1622 rem,
1552 1577 1592 1615 de
1622 1591 1693 1630 qua
1722 1578 1808 1629 mffl,

434 1635 538 1674 velim
569 1650 666 1675 curce
696 1636 837 1675 habeas.
882 1639 995 1681 Nam,
1026 1652 1130 1690 quam
1161 1640 1385 1679 vehementer
1415 1642 1466 1680 ad
1479 1656 1532 1680 me
1543 1643 1743 1695 pertineat,
1773 1644 1811 1682 in

431 1701 488 1746 iit,
519 1715 606 1754 quas
625 1701 693 1740 tibi
709 1702 763 1740 illi
779 1702 938 1748 reddent,
969 1703 1083 1741 literis
1102 1703 1272 1757 descripsi.

775 1907 1025 1945 CAEL1us
1069 1907 1389 1946 CICERONI
1433 1909 1469 1948 S.

436 2032 508 2070 1X.
527 2033 627 2104 SI
635 2033 667 2070 C
695 2042 749 2076 tu,
770 2032 898 2086 inquis,
921 2034 1080 2072 Hirrum
1096 2036 1264 2088 tranasti
1276 2035 1296 2074 ?
1316 2037 1439 2081 Immo,
1445 2037 1491 2087 st
1494 2037 1603 2086 scias,
1625 2051 1729 2091 quam
1733 2039 1810 2091 ᾖτε

604 2097 679 2141 cile,
711 2111 816 2149 quam
841 2113 884 2137 ne
913 2099 1142 2138 contentionis
1168 2100 1304 2153 quidem
1323 2101 1502 2141 minimum
1506 2103 1648 2153 ficerit‚
1673 2104 1811 2156 pudeat

433 2170 480 2205 te,
512 2163 633 2215 ausum
662 2162 758 2200 illum
788 2177 941 2215 unquam
966 2164 1026 2216 effe
1051 2165 1207 2204 incedere
1225 2175 1398 2219 tanquam
1417 2177 1518 2206 tuum
1536 2169 1808 2221 competitorem.

433 2228 516 2278 Post
531 2228 703 2280 repuffizm
717 2242 802 2266 vero
821 2229 1035 2280 rfficssacit,
1053 2230 1164 2269 civem
1180 2231 1303 2270 bonum
1318 2233 1422 2278 ludit,
1441 2243 1474 2272 et
1491 2243 1617 2273 contra
1634 2235 1810 2288 Ccefilrem

418 2292 621 2341 sententias
640 2293 726 2331 dicit
743 2309 756 2330 .·
778 2295 1049 2346 expediationem
1069 2296 1219 2348 corripit
1234 2312 1247 2334 .·
1262 2338 1266 2343 ,
1280 2299 1467 2337 Curionem
1481 2301 1628 2352 prorsus
1648 2315 1715 2339 non
1734 2315 1808 2339 me-

434 2357 602 2395 diocriter
621 2358 829 2410 objurgatus
844 2374 856 2396 .·
888 2359 957 2399 hac
976 2360 1165 2413 repulsase
1183 2363 1356 2401 mutavit.
1402 2365 1594 2404 Praeterea
1625 2366 1688 2418 qui
1713 2381 1808 2405 nun-

435 2435 538 2473 quam
568 2422 604 2459 in
618 2423 709 2473 foro
738 2424 964 2475 apparuerit,
995 2439 1062 2463 non
1081 2427 1230 2464 multum
1250 2426 1286 2465 in
1293 2427 1441 2478 judiciis
1461 2430 1700 2481 verstztussit,
1730 2431 1810 2482 agit

432 2487 555 2538 cazfizs
573 2486 731 2526 liberales
748 2503 761 2525 .·
777 2488 849 2541 sed
863 2503 949 2528 raro
972 2490 1049 2542 post
1074 2491 1262 2530 meridiem.
1308 2494 1372 2531 De
1394 2493 1594 2546 provinciis
1622 2495 1715 2547 quod
1742 2495 1813 2533 tibi

416 2552 636 2606 stripstratn
668 2553 725 2592 Id.
763 2555 889 2594 Sextil.
924 2557 1042 2595 uotum
1079 2556 1141 2601 iri,
1184 2557 1390 2610 interpellat
1411 2559 1587 2610 judicium
1620 2560 1805 2606 Marcelli,

1370 2625 1399 2662 B
1431 2623 1454 2662 b
1486 2638 1507 2664 2
