2351 2997
588 298 681 337 AD
741 294 1209 334 FAMILIARES
1269 295 1401 334 LIB.
1454 295 1529 334 III.
1704 299 1757 350 69

373 400 630 445 sermonibus,
663 399 849 438 crederet.
897 399 1030 451 Hujus
1062 399 1185 451 igitur
1205 398 1309 437 filius
1331 413 1425 438 cum
1446 400 1492 438 fit
1511 413 1630 452 gener
1650 410 1757 448 tuus,

369 481 559 520 cumque,
590 476 728 519 praeter
748 465 848 504 hanc
868 466 1191 517 conjundfionem
1212 465 1427 511 affinitatis,
1460 480 1578 519 quam
1605 467 1650 505 fis
1680 468 1757 507 Cn.

371 534 564 586 Pompeio
595 546 720 577 carus,
750 545 950 585 quamque
976 532 1194 584 jucundus,
1226 532 1462 585 intelligam,
1495 547 1574 586 quo
1603 534 1761 572 tandem

369 601 505 640 animo
526 601 565 637 in
588 608 625 637 te
645 598 718 636 effe
744 599 866 636 debeo
886 600 898 635 ?
931 611 1024 635 cum
1055 598 1266 650 praesertim
1298 612 1359 636 eas
1391 599 1438 636 ad
1470 613 1533 637 me
1565 600 1596 638 is
1629 600 1759 639 literas

371 666 536 711 miserit,
555 665 715 718 quibus,
733 664 880 702 etiarnsi
903 664 991 709 tibi,
1010 664 1075 701 cui
1096 663 1180 701 sum
1201 664 1469 709 amicissimus,
1487 663 1607 703 hostis
1628 666 1758 713 effem,

371 732 543 784 placarer
559 739 709 774 tamem
734 738 942 781 totumque
958 742 1021 766 me
1037 728 1084 765 ad
1101 729 1183 781 ejus
1201 729 1289 773 viri,
1308 729 1360 766 ita
1377 729 1422 766 de
1439 743 1502 767 me
1522 731 1669 776 meriti,
1688 745 1760 769 vo·

372 797 567 835 luntatem
588 804 811 846 nutumque
831 803 1113 832 converterem.
1147 793 1219 831 Sed
1240 792 1323 832 haec
1344 793 1556 833 haetenus:
1579 795 1762 847 pluribus

370 863 478 901 enim
493 861 612 899 etiam
625 859 778 899 fortaffe
794 860 937 905 verbis,
953 873 1072 912 quam
1087 859 1232 897 neceffe
1248 858 1341 904 fuit,
1358 859 1500 912 scripta
1513 860 1616 899 sunt.
1636 861 1760 902 Nunc

371 941 428 974 ea,
461 940 547 980 quae
567 940 588 964 a
607 940 671 964 me
690 925 876 978 profecita,
902 940 1068 979 quaeque
1089 925 1266 963 instituta
1286 925 1390 971 sunt,
1421 926 1627 978 cognosce.
1652 929 1675 953 ἕ
1694 931 1718 953 ³¹⁶
1736 930 1762 955 ’ἔ

373 995 508 1046 Atque
527 991 610 1030 haec
631 992 784 1044 agimus
805 1000 844 1030 et
863 1005 1023 1044 agemus
1054 991 1179 1044 magis
1209 1004 1280 1044 pro
1308 991 1516 1043 dignitate,
1548 1005 1667 1045 quam
1691 1007 1763 1047 pro

372 1058 551 1113 periculo
571 1066 656 1096 tu0.
702 1059 765 1096 Te
793 1057 899 1095 enirn
924 1059 987 1110 (ut
1007 1057 1134 1110 spero)
1157 1057 1385 1109 propediem
1407 1057 1606 1096 censorem
1626 1059 1761 1097 audie-

373 1138 463 1164 mus
483 1140 492 1162 :
525 1124 638 1176 cujus
665 1122 910 1175 magistratus
931 1123 1074 1168 officia,
1106 1136 1192 1175 quae
1213 1123 1302 1161 sunt
1323 1123 1489 1161 maximi
1509 1124 1631 1162 animi
1652 1124 1761 1163 sum-

373 1190 511 1242 mique
531 1188 698 1234 confilii,
730 1189 805 1227 tibi
832 1188 1061 1241 diligentius
1082 1197 1122 1227 et
1141 1189 1374 1233 accuratius,
1406 1202 1525 1241 quam
1546 1188 1644 1236 haec,
1675 1204 1762 1244 quae

370 1269 444 1295 nos
466 1255 513 1294 de
534 1263 571 1293 te
591 1255 759 1308 agimus,
789 1254 996 1308 cogitanda
1015 1254 1087 1293 effe
1108 1254 1258 1294 censeo.
1290 1254 1402 1293 Vale.

392 1458 458 1499 M.
487 1459 542 1497 T.
574 1459 623 1498 C.
656 1459 798 1497 APPIO
831 1459 1066 1505 Puteum,
1101 1459 1164 1512 (ut
1194 1457 1320 1511 spero)
1355 1458 1576 1504 CENSORI,
1619 1459 1655 1498 S.
1690 1460 1744 1499 D.

372 1588 447 1627 XI.
461 1587 528 1661 C
540 1587 636 1627 UM
657 1586 772 1626 effem
788 1587 829 1625 in
845 1586 974 1625 castris
991 1587 1037 1625 ad
1054 1586 1220 1626 fluvium
1238 1587 1465 1639 Pyramum,
1484 1587 1642 1627 redditae
1659 1588 1762 1627 mihi

562 1653 650 1691 sunt
679 1666 759 1690 uno
790 1662 966 1705 tempore
997 1666 1018 1690 a
1045 1662 1082 1690 te
1106 1653 1276 1705 epistolae
1305 1653 1403 1698 duae,
1436 1667 1531 1706 quas
1553 1654 1599 1692 ad
1620 1668 1683 1692 me
1705 1655 1773 1707 Q

375 1719 560 1758 Servilius
590 1718 713 1757 Tar-so
745 1719 913 1756 miserat.
957 1720 1105 1756 Earum
1134 1719 1175 1756 in
1206 1720 1324 1756 altera
1352 1719 1434 1757 dies
1462 1729 1542 1758 erat
1573 1720 1765 1772 adscripta

372 1798 566 1823 nonarum
593 1784 826 1836 Aprilium3
860 1785 1062 1829 inaltera,
1095 1798 1180 1836 quae
1205 1784 1306 1822 mihi
1327 1786 1521 1823 recentior
1541 1785 1761 1832 videbatur,

375 1848 456 1887 dies
479 1863 557 1887 non
579 1858 673 1887 erat.
698 1849 959 1901 Respondebo
980 1850 1102 1901 igitur
1122 1849 1309 1902 superiori
1330 1851 1454 1902 prius,
1473 1850 1513 1887 in
1534 1864 1611 1902 qua
1627 1851 1763 1890 scribis

374 1914 422 1952 ad
442 1929 505 1955 me
525 1915 572 1952 de
592 1914 836 1953 absolutione
857 1915 1078 1967 majestatis.
1118 1916 1180 1954 De
1201 1929 1290 1967 qua,
1322 1916 1389 1953 ets1
1410 1916 1655 1968 permultum
1675 1926 1766 1955 ante

373 1981 518 2018 certior
546 1980 669 2019 faustus
699 1994 803 2018 eram
833 1980 971 2025 literis,
1004 1981 1169 2025 nuntiis,
1200 1980 1305 2019 sama
1324 1981 1494 2033 denique
1514 1981 1608 2033 ipsa,
1643 1982 1765 2034 (nihil

376 2047 482 2085 enim
503 2046 581 2084 fuit
602 2046 765 2092 clarius,
800 2060 877 2084 non
899 2060 978 2099 quo
998 2047 1205 2099 quisquam
1227 2047 1339 2085 aliter
1359 2047 1545 2099 putasset;
1578 2039 1641 2085 sed
1662 2047 1765 2087 nihil

377 2111 425 2149 de
455 2111 672 2164 insignibus
699 2111 746 2149 ad
777 2111 934 2149 laudem
965 2112 1057 2150 viris
1089 2112 1251 2150 obscure
1283 2113 1457 2151 nuntiari
1489 2112 1602 2163 solet)
1633 2122 1766 2152 tamen

376 2176 511 2215 eadem
532 2177 600 2215 illa
619 2178 766 2215 laetiora
785 2177 964 2216 fecerunt
988 2177 1090 2216 mihi
1118 2188 1193 2216 tuae
1219 2178 1368 2217 literae:
1402 2192 1481 2217 non
1514 2178 1642 2217 solum
1673 2180 1766 2235 quia

377 2242 531 2295 planius
552 2244 817 2296 loquebantur
836 2253 875 2281 et
896 2244 1069 2290 uberius,
1099 2258 1221 2297 quam
1241 2245 1352 2297 vulgi
1377 2244 1529 2290 serm0;
1561 2245 1625 2283 sed
1645 2246 1765 2284 etiam

378 2308 471 2361 quia
490 2310 613 2361 magis
639 2309 796 2347 videbar
826 2310 900 2347 tibi
929 2310 1128 2362 gratulari,
1161 2324 1253 2349 cum
1274 2310 1321 2349 de
1342 2319 1379 2348 te
1399 2325 1447 2349 ex
1468 2320 1506 2348 te
1526 2311 1609 2363 ipso
1629 2312 1764 2349 audie-

379 2375 484 2412 bam.
510 2375 752 2426 Complexus
769 2375 892 2427 igitur
908 2375 993 2414 sum
1010 2376 1249 2428 cogitatione
1266 2386 1303 2415 te
1319 2376 1537 2417 absentem:
1561 2377 1764 2429 epistolam

377 2454 468 2478 vero
488 2439 698 2485 osculatus,
730 2441 847 2478 etiam
868 2441 948 2493 ipse
978 2441 1080 2480 mihi
1109 2442 1326 2494 gratulatus
1348 2442 1447 2482 sum.
1492 2443 1591 2494 Qae
1618 2443 1724 2481 enim
1745 2456 1766 2480 a

377 2508 521 2544 cuneto
540 2506 704 2559 populQ
735 2520 756 2545 a
775 2506 921 2552 senatu,
954 2508 1208 2560 ajudicibus,
1239 2509 1414 2561 ingenio,
1446 2508 1656 2554 industriae,
1682 2510 1763 2546 vir-

376 2571 468 2618 tuti,
493 2572 748 2619 tribuuntur;
772 2573 864 2625 quia
879 2571 980 2612 mihi
1000 2573 1080 2628 ipse
1095 2573 1260 2613 affentor
1274 2573 1442 2622 fortafi‘e,
1459 2587 1553 2614 cum
1568 2587 1611 2613 ea
1629 2572 1701 2612 effe
1720 2573 1763 2613 in
