<?xml version="1.0" encoding="UTF-8"?>
<!DOCTYPE html PUBLIC "-//W3C//DTD XHTML 1.0 Transitional//EN"
    "http://www.w3.org/TR/xhtml1/DTD/xhtml1-transitional.dtd">
<html xmlns="http://www.w3.org/1999/xhtml" xml:lang="en" lang="en">
 <head>
  <title>
</title>
<meta http-equiv="Content-Type" content="text/html;charset=utf-8" />
  <meta name='ocr-system' content='tesseract 3.04.00' />
  <meta name='ocr-capabilities' content='ocr_page ocr_carea ocr_par ocr_line ocrx_word'/>
</head>
<body>
  <div class='ocr_page' id='page_1' title='image "./operacumindicibu07ciceuoft_0183.png"; bbox 0 0 2351 2997; ppageno 0'>
   <div class='ocr_carea' id='block_1_1' title="bbox 618 269 1790 329">
    <p class='ocr_par' dir='ltr' id='par_1_1' title="bbox 618 269 1790 329">
     <span class='ocr_line' id='line_1_1' title="bbox 618 269 1790 329; baseline 0.007 -22"><span class='ocrx_word' id='word_1_1' title='bbox 618 270 710 308; x_wconf 89' lang='lat' dir='ltr'>AD</span> <span class='ocrx_word' id='word_1_2' title='bbox 768 269 1234 308; x_wconf 87' lang='lat' dir='ltr'><strong>FAMILIARES</strong></span> <span class='ocrx_word' id='word_1_3' title='bbox 1294 273 1426 311; x_wconf 92' lang='lat' dir='ltr'><strong>LIB.</strong></span> <span class='ocrx_word' id='word_1_4' title='bbox 1478 274 1572 312; x_wconf 91' lang='lat' dir='ltr'>VII.</span> <span class='ocrx_word' id='word_1_5' title='bbox 1717 276 1790 329; x_wconf 81' lang='lat'>163</span> 
     </span>
    </p>
   </div>
   <div class='ocr_carea' id='block_1_2' title="bbox 403 367 1789 945">
    <p class='ocr_par' dir='ltr' id='par_1_2' title="bbox 403 367 1789 945">
     <span class='ocr_line' id='line_1_2' title="bbox 408 367 1787 424; baseline 0.004 -19"><span class='ocrx_word' id='word_1_6' title='bbox 408 367 509 406; x_wconf 88' lang='lat' dir='ltr'>mihi</span> <span class='ocrx_word' id='word_1_7' title='bbox 525 367 642 406; x_wconf 87' lang='lat' dir='ltr'>fratre</span> <span class='ocrx_word' id='word_1_8' title='bbox 657 367 886 406; x_wconf 83' lang='lat' dir='ltr'>afferuntur.</span> <span class='ocrx_word' id='word_1_9' title='bbox 917 369 962 406; x_wconf 91' lang='lat' dir='ltr'>In</span> <span class='ocrx_word' id='word_1_10' title='bbox 980 369 1180 407; x_wconf 79' lang='lat' dir='ltr'>Britannia</span> <span class='ocrx_word' id='word_1_11' title='bbox 1196 369 1297 408; x_wconf 87' lang='lat' dir='ltr'>nihil</span> <span class='ocrx_word' id='word_1_12' title='bbox 1314 370 1386 408; x_wconf 82' lang='lat' dir='ltr'>effe</span> <span class='ocrx_word' id='word_1_13' title='bbox 1400 372 1530 416; x_wconf 87' lang='lat' dir='ltr'>audio,</span> <span class='ocrx_word' id='word_1_14' title='bbox 1549 386 1674 424; x_wconf 88' lang='lat' dir='ltr'>neque</span> <span class='ocrx_word' id='word_1_15' title='bbox 1689 374 1787 419; x_wconf 87' lang='lat' dir='ltr'>auri,</span> 
     </span>
     <span class='ocr_line' id='line_1_3' title="bbox 408 434 1788 491; baseline 0.004 -20"><span class='ocrx_word' id='word_1_16' title='bbox 408 447 534 485; x_wconf 89' lang='lat' dir='ltr'>neque</span> <span class='ocrx_word' id='word_1_17' title='bbox 553 435 716 485; x_wconf 80' lang='lat' dir='ltr'><strong>argenti.</strong></span> <span class='ocrx_word' id='word_1_18' title='bbox 764 434 809 472; x_wconf 94' lang='lat' dir='ltr'>Id</span> <span class='ocrx_word' id='word_1_19' title='bbox 829 435 855 472; x_wconf 88' lang='lat' dir='ltr'><strong>fi</strong></span> <span class='ocrx_word' id='word_1_20' title='bbox 876 436 929 472; x_wconf 92' lang='lat' dir='ltr'>ita</span> <span class='ocrx_word' id='word_1_21' title='bbox 950 435 1016 480; x_wconf 88' lang='lat' dir='ltr'>est,</span> <span class='ocrx_word' id='word_1_22' title='bbox 1048 435 1218 474; x_wconf 77' lang='lat' dir='ltr'>essedum</span> <span class='ocrx_word' id='word_1_23' title='bbox 1238 436 1397 488; x_wconf 83' lang='lat' dir='ltr'>aliquod</span> <span class='ocrx_word' id='word_1_24' title='bbox 1418 438 1556 476; x_wconf 84' lang='lat' dir='ltr'>suadeo</span> <span class='ocrx_word' id='word_1_25' title='bbox 1577 440 1718 491; x_wconf 84' lang='lat' dir='ltr'>capias,</span> <span class='ocrx_word' id='word_1_26' title='bbox 1749 449 1788 476; x_wconf 89' lang='lat' dir='ltr'>et</span> 
     </span>
     <span class='ocr_line' id='line_1_4' title="bbox 405 498 1789 552; baseline 0.004 -16"><span class='ocrx_word' id='word_1_27' title='bbox 405 498 452 535; x_wconf 87' lang='lat' dir='ltr'>ad</span> <span class='ocrx_word' id='word_1_28' title='bbox 473 512 542 537; x_wconf 90' lang='lat' dir='ltr'>nos</span> <span class='ocrx_word' id='word_1_29' title='bbox 563 513 680 551; x_wconf 86' lang='lat' dir='ltr'>quam</span> <span class='ocrx_word' id='word_1_30' title='bbox 696 500 871 552; x_wconf 87' lang='lat' dir='ltr'>primum</span> <span class='ocrx_word' id='word_1_31' title='bbox 893 514 1077 539; x_wconf 80' lang='lat' dir='ltr'>recurras.</span> <span class='ocrx_word' id='word_1_32' title='bbox 1111 502 1177 539; x_wconf 83' lang='lat' dir='ltr'>Sin</span> <span class='ocrx_word' id='word_1_33' title='bbox 1193 512 1323 540; x_wconf 83' lang='lat' dir='ltr'>autem</span> <span class='ocrx_word' id='word_1_34' title='bbox 1345 503 1421 540; x_wconf 77' lang='lat' dir='ltr'>sine</span> <span class='ocrx_word' id='word_1_35' title='bbox 1439 504 1639 542; x_wconf 73' lang='lat' dir='ltr'>Britannia</span> <span class='ocrx_word' id='word_1_36' title='bbox 1660 513 1789 542; x_wconf 81' lang='lat' dir='ltr'>tamen</span> 
     </span>
     <span class='ocr_line' id='line_1_5' title="bbox 405 563 1786 619; baseline 0.005 -19"><span class='ocrx_word' id='word_1_37' title='bbox 405 563 563 615; x_wconf 78' lang='lat' dir='ltr'>assequi,</span> <span class='ocrx_word' id='word_1_38' title='bbox 594 565 699 616; x_wconf 91' lang='lat' dir='ltr'>quod</span> <span class='ocrx_word' id='word_1_39' title='bbox 721 565 917 610; x_wconf 86' lang='lat' dir='ltr'>volumus,</span> <span class='ocrx_word' id='word_1_40' title='bbox 948 567 1177 618; x_wconf 81' lang='lat' dir='ltr'>poffumus;</span> <span class='ocrx_word' id='word_1_41' title='bbox 1210 567 1352 619; x_wconf 88' lang='lat' dir='ltr'>perfice</span> <span class='ocrx_word' id='word_1_42' title='bbox 1380 577 1423 606; x_wconf 89' lang='lat' dir='ltr'>ut</span> <span class='ocrx_word' id='word_1_43' title='bbox 1451 569 1495 606; x_wconf 80' lang='lat' dir='ltr'>sis</span> <span class='ocrx_word' id='word_1_44' title='bbox 1518 570 1558 606; x_wconf 89' lang='lat' dir='ltr'>in</span> <span class='ocrx_word' id='word_1_45' title='bbox 1580 569 1786 607; x_wconf 73' lang='lat' dir='ltr'>familiari-</span> 
     </span>
     <span class='ocr_line' id='line_1_6' title="bbox 407 627 1789 684; baseline 0.006 -19"><span class='ocrx_word' id='word_1_46' title='bbox 407 627 478 666; x_wconf 88' lang='lat' dir='ltr'>bus</span> <span class='ocrx_word' id='word_1_47' title='bbox 500 629 674 668; x_wconf 81' lang='lat' dir='ltr'>Caesaris.</span> <span class='ocrx_word' id='word_1_48' title='bbox 712 631 894 668; x_wconf 85' lang='lat' dir='ltr'>Multum</span> <span class='ocrx_word' id='word_1_49' title='bbox 917 640 953 668; x_wconf 89' lang='lat' dir='ltr'>te</span> <span class='ocrx_word' id='word_1_50' title='bbox 974 632 1013 669; x_wconf 92' lang='lat' dir='ltr'>in</span> <span class='ocrx_word' id='word_1_51' title='bbox 1034 645 1079 669; x_wconf 90' lang='lat' dir='ltr'>eo</span> <span class='ocrx_word' id='word_1_52' title='bbox 1100 630 1217 669; x_wconf 88' lang='lat' dir='ltr'>frater</span> <span class='ocrx_word' id='word_1_53' title='bbox 1237 632 1435 684; x_wconf 85' lang='lat' dir='ltr'>adjuvabit</span> <span class='ocrx_word' id='word_1_54' title='bbox 1456 648 1581 679; x_wconf 78' lang='lat' dir='ltr'>meus,</span> <span class='ocrx_word' id='word_1_55' title='bbox 1614 635 1789 672; x_wconf 88' lang='lat' dir='ltr'>multum</span> 
     </span>
     <span class='ocr_line' id='line_1_7' title="bbox 406 694 1786 750; baseline 0.005 -19"><span class='ocrx_word' id='word_1_56' title='bbox 406 694 550 731; x_wconf 81' lang='lat' dir='ltr'>Balbus</span> <span class='ocrx_word' id='word_1_57' title='bbox 570 710 578 733; x_wconf 91' lang='lat'>:</span> <span class='ocrx_word' id='word_1_58' title='bbox 612 694 689 740; x_wconf 87' lang='lat' dir='ltr'>sed,</span> <span class='ocrx_word' id='word_1_59' title='bbox 711 695 813 732; x_wconf 87' lang='lat' dir='ltr'>mihi</span> <span class='ocrx_word' id='word_1_60' title='bbox 834 695 960 740; x_wconf 87' lang='lat' dir='ltr'>crede,</span> <span class='ocrx_word' id='word_1_61' title='bbox 984 705 1073 733; x_wconf 87' lang='lat' dir='ltr'>tuus</span> <span class='ocrx_word' id='word_1_62' title='bbox 1095 696 1222 747; x_wconf 87' lang='lat' dir='ltr'>pudor</span> <span class='ocrx_word' id='word_1_63' title='bbox 1242 706 1280 734; x_wconf 90' lang='lat' dir='ltr'>et</span> <span class='ocrx_word' id='word_1_64' title='bbox 1301 697 1410 735; x_wconf 86' lang='lat' dir='ltr'>labor</span> <span class='ocrx_word' id='word_1_65' title='bbox 1430 699 1663 750; x_wconf 80' lang='lat' dir='ltr'>plurimum.</span> <span class='ocrx_word' id='word_1_66' title='bbox 1702 701 1786 738; x_wconf 88' lang='lat' dir='ltr'>Im-</span> 
     </span>
     <span class='ocr_line' id='line_1_8' title="bbox 404 761 1786 815; baseline 0.005 -18"><span class='ocrx_word' id='word_1_67' title='bbox 404 769 620 811; x_wconf 84' lang='lat' dir='ltr'>peratorem</span> <span class='ocrx_word' id='word_1_68' title='bbox 642 761 967 806; x_wconf 79' lang='lat' dir='ltr'>liberalissimum,</span> <span class='ocrx_word' id='word_1_69' title='bbox 1000 770 1152 800; x_wconf 84' lang='lat' dir='ltr'>aetatem</span> <span class='ocrx_word' id='word_1_70' title='bbox 1173 764 1553 815; x_wconf 69' lang='lat' dir='ltr'>opportunissimam,</span> <span class='ocrx_word' id='word_1_71' title='bbox 1580 779 1786 804; x_wconf 86' lang='lat' dir='ltr'>commen-</span> 
     </span>
     <span class='ocr_line' id='line_1_9' title="bbox 403 824 1786 879; baseline 0.006 -17"><span class='ocrx_word' id='word_1_72' title='bbox 403 824 601 863; x_wconf 85' lang='lat' dir='ltr'>dationem</span> <span class='ocrx_word' id='word_1_73' title='bbox 633 836 735 864; x_wconf 88' lang='lat' dir='ltr'>certe</span> <span class='ocrx_word' id='word_1_74' title='bbox 768 826 1015 879; x_wconf 85' lang='lat' dir='ltr'>singularem,</span> <span class='ocrx_word' id='word_1_75' title='bbox 1046 826 1193 866; x_wconf 71' lang='lat' dir='ltr'>habes:</span> <span class='ocrx_word' id='word_1_76' title='bbox 1228 838 1271 866; x_wconf 85' lang='lat' dir='ltr'>ut</span> <span class='ocrx_word' id='word_1_77' title='bbox 1305 829 1378 866; x_wconf 88' lang='lat' dir='ltr'>tibi</span> <span class='ocrx_word' id='word_1_78' title='bbox 1409 844 1533 868; x_wconf 86' lang='lat' dir='ltr'>unum</span> <span class='ocrx_word' id='word_1_79' title='bbox 1565 831 1786 869; x_wconf 86' lang='lat' dir='ltr'>timendum</span> 
     </span>
     <span class='ocr_line' id='line_1_10' title="bbox 403 890 1249 945; baseline 0.005 -17"><span class='ocrx_word' id='word_1_80' title='bbox 403 890 462 936; x_wconf 86' lang='lat' dir='ltr'>sit,</span> <span class='ocrx_word' id='word_1_81' title='bbox 495 905 542 929; x_wconf 89' lang='lat' dir='ltr'>ne</span> <span class='ocrx_word' id='word_1_82' title='bbox 564 892 641 945; x_wconf 69' lang='lat' dir='ltr'>ipse</span> <span class='ocrx_word' id='word_1_83' title='bbox 663 892 737 930; x_wconf 88' lang='lat' dir='ltr'>tibi</span> <span class='ocrx_word' id='word_1_84' title='bbox 758 892 918 932; x_wconf 77' lang='lat' dir='ltr'>defuisse</span> <span class='ocrx_word' id='word_1_85' title='bbox 939 894 1102 932; x_wconf 79' lang='lat' dir='ltr'>videare.</span> <span class='ocrx_word' id='word_1_86' title='bbox 1139 894 1249 932; x_wconf 85' lang='lat' dir='ltr'>Vale.</span> 
     </span>
    </p>
   </div>
   <div class='ocr_carea' id='block_1_3' title="bbox 739 1095 1444 1177">
    <p class='ocr_par' dir='ltr' id='par_1_3' title="bbox 739 1095 1444 1177">
     <span class='ocr_line' id='line_1_11' title="bbox 739 1095 1444 1135; baseline 0.006 -4"><span class='ocrx_word' id='word_1_87' title='bbox 739 1095 1003 1132; x_wconf 72' lang='lat' dir='ltr'>CICERO</span> <span class='ocrx_word' id='word_1_88' title='bbox 1054 1096 1444 1135; x_wconf 80' lang='lat' dir='ltr'>TREBATIO.</span> 
     </span>
     <span class='ocr_line' id='line_1_12' title="bbox 1219 1159 1231 1177; baseline 0 0"><span class='ocrx_word' id='word_1_89' title='bbox 1219 1159 1231 1177; x_wconf 61' lang='grc' dir='ltr'><em>ὀ</em></span> 
     </span>
    </p>
   </div>
   <div class='ocr_carea' id='block_1_4' title="bbox 392 1220 1787 2130">
    <p class='ocr_par' dir='ltr' id='par_1_4' title="bbox 406 1220 1787 1289">
     <span class='ocr_line' id='line_1_13' title="bbox 406 1220 1787 1289; baseline 0.006 -31"><span class='ocrx_word' id='word_1_90' title='bbox 406 1220 520 1259; x_wconf 90' lang='lat' dir='ltr'><strong>VIII.</strong></span> <span class='ocrx_word' id='word_1_91' title='bbox 546 1220 592 1289; x_wconf 74' lang='lat' dir='ltr'>S</span> <span class='ocrx_word' id='word_1_92' title='bbox 610 1221 643 1258; x_wconf 90' lang='lat' dir='ltr'>C</span> <span class='ocrx_word' id='word_1_93' title='bbox 659 1222 696 1259; x_wconf 86' lang='lat' dir='ltr'>R</span> <span class='ocrx_word' id='word_1_94' title='bbox 712 1222 728 1259; x_wconf 97' lang='lat' dir='ltr'><strong>I</strong></span> <span class='ocrx_word' id='word_1_95' title='bbox 748 1222 776 1258; x_wconf 88' lang='lat' dir='ltr'>P</span> <span class='ocrx_word' id='word_1_96' title='bbox 792 1222 813 1258; x_wconf 90' lang='lat' dir='ltr'>S</span> <span class='ocrx_word' id='word_1_97' title='bbox 831 1223 847 1259; x_wconf 92' lang='lat' dir='ltr'><strong>I</strong></span> <span class='ocrx_word' id='word_1_98' title='bbox 863 1223 900 1260; x_wconf 95' lang='lat' dir='ltr'>T</span> <span class='ocrx_word' id='word_1_99' title='bbox 932 1222 977 1259; x_wconf 87' lang='lat' dir='ltr'>ad</span> <span class='ocrx_word' id='word_1_100' title='bbox 995 1237 1057 1260; x_wconf 89' lang='lat' dir='ltr'>me</span> <span class='ocrx_word' id='word_1_101' title='bbox 1080 1223 1204 1261; x_wconf 85' lang='lat' dir='ltr'>Caesar</span> <span class='ocrx_word' id='word_1_102' title='bbox 1223 1223 1532 1275; x_wconf 79' lang='lat' dir='ltr'>perhumaniter,</span> <span class='ocrx_word' id='word_1_103' title='bbox 1552 1227 1728 1266; x_wconf 85' lang='lat' dir='ltr'>nondum</span> <span class='ocrx_word' id='word_1_104' title='bbox 1750 1237 1787 1266; x_wconf 86' lang='lat' dir='ltr'>te</span> 
     </span>
    </p>

    <p class='ocr_par' dir='ltr' id='par_1_5' title="bbox 392 1286 1787 2130">
     <span class='ocr_line' id='line_1_14' title="bbox 612 1286 1787 1342; baseline 0.008 -19"><span class='ocrx_word' id='word_1_105' title='bbox 612 1286 682 1323; x_wconf 83' lang='lat' dir='ltr'>fibi</span> <span class='ocrx_word' id='word_1_106' title='bbox 699 1286 786 1324; x_wconf 82' lang='lat' dir='ltr'>satis</span> <span class='ocrx_word' id='word_1_107' title='bbox 803 1287 874 1324; x_wconf 85' lang='lat' dir='ltr'>effe</span> <span class='ocrx_word' id='word_1_108' title='bbox 890 1286 1125 1326; x_wconf 70' lang='lat' dir='ltr'>familiarem</span> <span class='ocrx_word' id='word_1_109' title='bbox 1142 1299 1301 1341; x_wconf 85' lang='lat' dir='ltr'>propter</span> <span class='ocrx_word' id='word_1_110' title='bbox 1316 1292 1592 1342; x_wconf 85' lang='lat' dir='ltr'>occupationes</span> <span class='ocrx_word' id='word_1_111' title='bbox 1610 1293 1708 1338; x_wconf 84' lang='lat' dir='ltr'>suas,</span> <span class='ocrx_word' id='word_1_112' title='bbox 1724 1294 1787 1332; x_wconf 87' lang='lat' dir='ltr'>sed</span> 
     </span>
     <span class='ocr_line' id='line_1_15' title="bbox 401 1349 1787 1409; baseline 0.008 -22"><span class='ocrx_word' id='word_1_113' title='bbox 401 1359 505 1387; x_wconf 85' lang='lat' dir='ltr'>certe</span> <span class='ocrx_word' id='word_1_114' title='bbox 525 1349 608 1388; x_wconf 91' lang='lat' dir='ltr'>fore</span> <span class='ocrx_word' id='word_1_115' title='bbox 627 1366 635 1389; x_wconf 76' lang='grc' dir='ltr'>ε</span> <span class='ocrx_word' id='word_1_116' title='bbox 668 1352 733 1388; x_wconf 88' lang='lat' dir='ltr'>cui</span> <span class='ocrx_word' id='word_1_117' title='bbox 754 1352 915 1403; x_wconf 90' lang='lat' dir='ltr'>quidem</span> <span class='ocrx_word' id='word_1_118' title='bbox 935 1367 1007 1404; x_wconf 81' lang='lat' dir='ltr'>ego</span> <span class='ocrx_word' id='word_1_119' title='bbox 1029 1354 1214 1406; x_wconf 69' lang='lat' dir='ltr'>rescripsi,</span> <span class='ocrx_word' id='word_1_120' title='bbox 1246 1368 1365 1406; x_wconf 82' lang='lat' dir='ltr'>quam</span> <span class='ocrx_word' id='word_1_121' title='bbox 1394 1355 1493 1394; x_wconf 84' lang='lat' dir='ltr'>mihi</span> <span class='ocrx_word' id='word_1_122' title='bbox 1521 1367 1676 1409; x_wconf 82' lang='lat' dir='ltr'>gratum</span> <span class='ocrx_word' id='word_1_123' title='bbox 1697 1360 1787 1398; x_wconf 73' lang='lat' dir='ltr'>esset</span> 
     </span>
     <span class='ocr_line' id='line_1_16' title="bbox 402 1414 1785 1469; baseline 0.009 -17"><span class='ocrx_word' id='word_1_124' title='bbox 402 1414 597 1461; x_wconf 80' lang='lat' dir='ltr'>futurum,</span> <span class='ocrx_word' id='word_1_125' title='bbox 630 1417 656 1454; x_wconf 92' lang='lat' dir='ltr'>fi</span> <span class='ocrx_word' id='word_1_126' title='bbox 687 1431 806 1469; x_wconf 86' lang='lat' dir='ltr'>quam</span> <span class='ocrx_word' id='word_1_127' title='bbox 836 1418 1055 1469; x_wconf 87' lang='lat' dir='ltr'>plurimum</span> <span class='ocrx_word' id='word_1_128' title='bbox 1085 1419 1125 1456; x_wconf 92' lang='lat' dir='ltr'>in</span> <span class='ocrx_word' id='word_1_129' title='bbox 1153 1429 1190 1457; x_wconf 90' lang='lat' dir='ltr'>te</span> <span class='ocrx_word' id='word_1_130' title='bbox 1210 1419 1341 1465; x_wconf 78' lang='lat' dir='ltr'>studii,</span> <span class='ocrx_word' id='word_1_131' title='bbox 1372 1422 1509 1467; x_wconf 88' lang='lat' dir='ltr'>officii,</span> <span class='ocrx_word' id='word_1_132' title='bbox 1540 1423 1785 1464; x_wconf 84' lang='lat' dir='ltr'>liberalitatis</span> 
     </span>
     <span class='ocr_line' id='line_1_17' title="bbox 399 1481 1785 1544; baseline 0.009 -26"><span class='ocrx_word' id='word_1_133' title='bbox 399 1481 489 1526; x_wconf 86' lang='lat' dir='ltr'>suae,</span> <span class='ocrx_word' id='word_1_134' title='bbox 507 1482 744 1520; x_wconf 73' lang='lat' dir='ltr'>contulisset.</span> <span class='ocrx_word' id='word_1_135' title='bbox 778 1483 849 1520; x_wconf 89' lang='lat' dir='ltr'>Sed</span> <span class='ocrx_word' id='word_1_136' title='bbox 866 1497 913 1521; x_wconf 77' lang='lat' dir='ltr'>ex</span> <span class='ocrx_word' id='word_1_137' title='bbox 931 1485 1007 1522; x_wconf 88' lang='lat' dir='ltr'>tuis</span> <span class='ocrx_word' id='word_1_138' title='bbox 1025 1485 1147 1522; x_wconf 79' lang='lat' dir='ltr'>literis</span> <span class='ocrx_word' id='word_1_139' title='bbox 1165 1487 1332 1537; x_wconf 82' lang='lat' dir='ltr'>cognovi</span> <span class='ocrx_word' id='word_1_140' title='bbox 1354 1500 1638 1541; x_wconf 81' lang='lat' dir='ltr'>praeproperam</span> <span class='ocrx_word' id='word_1_141' title='bbox 1658 1506 1785 1544; x_wconf 90' lang='lat' dir='ltr'>quan-</span> 
     </span>
     <span class='ocr_line' id='line_1_18' title="bbox 399 1546 1785 1599; baseline 0.009 -16"><span class='ocrx_word' id='word_1_142' title='bbox 399 1546 489 1585; x_wconf 84' lang='lat' dir='ltr'>dam</span> <span class='ocrx_word' id='word_1_143' title='bbox 509 1546 797 1586; x_wconf 85' lang='lat' dir='ltr'>festinationem</span> <span class='ocrx_word' id='word_1_144' title='bbox 820 1558 950 1594; x_wconf 82' lang='lat' dir='ltr'>tuam;</span> <span class='ocrx_word' id='word_1_145' title='bbox 975 1559 1012 1588; x_wconf 83' lang='lat' dir='ltr'>et</span> <span class='ocrx_word' id='word_1_146' title='bbox 1033 1551 1147 1588; x_wconf 76' lang='lat' dir='ltr'>simul</span> <span class='ocrx_word' id='word_1_147' title='bbox 1169 1551 1254 1588; x_wconf 88' lang='lat' dir='ltr'>sum</span> <span class='ocrx_word' id='word_1_148' title='bbox 1274 1551 1501 1599; x_wconf 80' lang='lat' dir='ltr'>admiratus,</span> <span class='ocrx_word' id='word_1_149' title='bbox 1519 1568 1589 1592; x_wconf 88' lang='lat' dir='ltr'>cur</span> <span class='ocrx_word' id='word_1_150' title='bbox 1605 1557 1785 1595; x_wconf 90' lang='lat' dir='ltr'>tribuna-</span> 
     </span>
     <span class='ocr_line' id='line_1_19' title="bbox 399 1605 1783 1675; baseline 0.009 -25"><span class='ocrx_word' id='word_1_151' title='bbox 399 1621 461 1651; x_wconf 88' lang='lat' dir='ltr'>tus</span> <span class='ocrx_word' id='word_1_152' title='bbox 482 1605 704 1659; x_wconf 84' lang='lat' dir='ltr'>commoda‚</span> <span class='ocrx_word' id='word_1_153' title='bbox 731 1615 892 1668; x_wconf 83' lang='lat' dir='ltr'>dempto</span> <span class='ocrx_word' id='word_1_154' title='bbox 913 1617 1124 1668; x_wconf 84' lang='lat' dir='ltr'>praesertim</span> <span class='ocrx_word' id='word_1_155' title='bbox 1144 1617 1276 1656; x_wconf 78' lang='lat' dir='ltr'>labore</span> <span class='ocrx_word' id='word_1_156' title='bbox 1297 1619 1464 1665; x_wconf 85' lang='lat' dir='ltr'>militiae‚</span> <span class='ocrx_word' id='word_1_157' title='bbox 1488 1623 1783 1675; x_wconf 87' lang='lat' dir='ltr'>contempseris.</span> 
     </span>
     <span class='ocr_line' id='line_1_20' title="bbox 400 1679 1785 1730; baseline 0.01 -16"><span class='ocrx_word' id='word_1_158' title='bbox 400 1679 552 1730; x_wconf 83' lang='lat' dir='ltr'>Qerar</span> <span class='ocrx_word' id='word_1_159' title='bbox 580 1693 673 1716; x_wconf 87' lang='lat' dir='ltr'>cum</span> <span class='ocrx_word' id='word_1_160' title='bbox 695 1680 860 1717; x_wconf 85' lang='lat' dir='ltr'>Vacerra</span> <span class='ocrx_word' id='word_1_161' title='bbox 888 1691 926 1718; x_wconf 92' lang='lat' dir='ltr'>et</span> <span class='ocrx_word' id='word_1_162' title='bbox 956 1682 1170 1721; x_wconf 85' lang='lat' dir='ltr'>Mamilio:</span> <span class='ocrx_word' id='word_1_163' title='bbox 1203 1697 1294 1722; x_wconf 87' lang='lat' dir='ltr'>nam</span> <span class='ocrx_word' id='word_1_164' title='bbox 1326 1686 1513 1723; x_wconf 81' lang='lat' dir='ltr'>Cornelio</span> <span class='ocrx_word' id='word_1_165' title='bbox 1533 1686 1635 1726; x_wconf 84' lang='lat' dir='ltr'>nihil</span> <span class='ocrx_word' id='word_1_166' title='bbox 1663 1690 1785 1728; x_wconf 89' lang='lat' dir='ltr'>audeo</span> 
     </span>
     <span class='ocr_line' id='line_1_21' title="bbox 399 1743 1782 1804; baseline 0.009 -24"><span class='ocrx_word' id='word_1_167' title='bbox 399 1743 542 1788; x_wconf 84' lang='lat' dir='ltr'>dicere,</span> <span class='ocrx_word' id='word_1_168' title='bbox 574 1745 686 1796; x_wconf 83' lang='lat' dir='ltr'>cujus</span> <span class='ocrx_word' id='word_1_169' title='bbox 718 1754 760 1782; x_wconf 91' lang='lat' dir='ltr'>tu</span> <span class='ocrx_word' id='word_1_170' title='bbox 780 1746 957 1797; x_wconf 89' lang='lat' dir='ltr'>periculo</span> <span class='ocrx_word' id='word_1_171' title='bbox 977 1747 1117 1785; x_wconf 82' lang='lat' dir='ltr'>stultus</span> <span class='ocrx_word' id='word_1_172' title='bbox 1138 1761 1192 1793; x_wconf 86' lang='lat' dir='ltr'>es,</span> <span class='ocrx_word' id='word_1_173' title='bbox 1224 1762 1316 1786; x_wconf 90' lang='lat' dir='ltr'>cum</span> <span class='ocrx_word' id='word_1_174' title='bbox 1338 1758 1374 1787; x_wconf 89' lang='lat' dir='ltr'>te</span> <span class='ocrx_word' id='word_1_175' title='bbox 1395 1751 1442 1787; x_wconf 86' lang='lat' dir='ltr'>ab</span> <span class='ocrx_word' id='word_1_176' title='bbox 1463 1765 1508 1788; x_wconf 90' lang='lat' dir='ltr'>eo</span> <span class='ocrx_word' id='word_1_177' title='bbox 1529 1752 1657 1804; x_wconf 84' lang='lat' dir='ltr'>sapere</span> <span class='ocrx_word' id='word_1_178' title='bbox 1677 1754 1782 1792; x_wconf 85' lang='lat' dir='ltr'>didi-</span> 
     </span>
     <span class='ocr_line' id='line_1_22' title="bbox 399 1809 1782 1866; baseline 0.009 -20"><span class='ocrx_word' id='word_1_179' title='bbox 399 1809 488 1847; x_wconf 79' lang='lat' dir='ltr'>cisse</span> <span class='ocrx_word' id='word_1_180' title='bbox 507 1809 717 1861; x_wconf 87' lang='lat' dir='ltr'>profiteris.</span> <span class='ocrx_word' id='word_1_181' title='bbox 757 1811 866 1862; x_wconf 85' lang='lat' dir='ltr'>Qin</span> <span class='ocrx_word' id='word_1_182' title='bbox 890 1820 932 1849; x_wconf 89' lang='lat' dir='ltr'>tu</span> <span class='ocrx_word' id='word_1_183' title='bbox 954 1826 1065 1864; x_wconf 80' lang='lat' dir='ltr'>urges</span> <span class='ocrx_word' id='word_1_184' title='bbox 1087 1813 1198 1851; x_wconf 88' lang='lat' dir='ltr'>istam</span> <span class='ocrx_word' id='word_1_185' title='bbox 1218 1815 1460 1854; x_wconf 83' lang='lat' dir='ltr'>occasionem</span> <span class='ocrx_word' id='word_1_186' title='bbox 1480 1825 1518 1855; x_wconf 92' lang='lat' dir='ltr'>et</span> <span class='ocrx_word' id='word_1_187' title='bbox 1537 1817 1782 1866; x_wconf 89' lang='lat' dir='ltr'>facultatem,</span> 
     </span>
     <span class='ocr_line' id='line_1_23' title="bbox 397 1875 1784 1931; baseline 0.009 -19"><span class='ocrx_word' id='word_1_188' title='bbox 397 1888 475 1926; x_wconf 89' lang='lat' dir='ltr'>qua</span> <span class='ocrx_word' id='word_1_189' title='bbox 494 1875 635 1913; x_wconf 89' lang='lat' dir='ltr'>melior</span> <span class='ocrx_word' id='word_1_190' title='bbox 654 1889 859 1929; x_wconf 89' lang='lat' dir='ltr'>nunquam</span> <span class='ocrx_word' id='word_1_191' title='bbox 880 1879 1116 1930; x_wconf 88' lang='lat' dir='ltr'>reperietur?</span> <span class='ocrx_word' id='word_1_192' title='bbox 1139 1879 1260 1931; x_wconf 86' lang='lat' dir='ltr'>Qod</span> <span class='ocrx_word' id='word_1_193' title='bbox 1281 1880 1415 1919; x_wconf 90' lang='lat' dir='ltr'>scribis</span> <span class='ocrx_word' id='word_1_194' title='bbox 1438 1882 1484 1920; x_wconf 91' lang='lat' dir='ltr'>de</span> <span class='ocrx_word' id='word_1_195' title='bbox 1503 1883 1574 1921; x_wconf 92' lang='lat' dir='ltr'>illo</span> <span class='ocrx_word' id='word_1_196' title='bbox 1597 1885 1784 1925; x_wconf 89' lang='lat' dir='ltr'>Preciano</span> 
     </span>
     <span class='ocr_line' id='line_1_24' title="bbox 392 1940 1783 1995; baseline 0.009 -18"><span class='ocrx_word' id='word_1_197' title='bbox 392 1940 678 1992; x_wconf 88' lang='lat' dir='ltr'>jureconsulto,</span> <span class='ocrx_word' id='word_1_198' title='bbox 709 1956 782 1995; x_wconf 88' lang='lat' dir='ltr'>ego</span> <span class='ocrx_word' id='word_1_199' title='bbox 803 1952 840 1980; x_wconf 89' lang='lat' dir='ltr'>te</span> <span class='ocrx_word' id='word_1_200' title='bbox 860 1943 895 1981; x_wconf 89' lang='lat' dir='ltr'>ei</span> <span class='ocrx_word' id='word_1_201' title='bbox 926 1957 1003 1982; x_wconf 89' lang='lat' dir='ltr'>non</span> <span class='ocrx_word' id='word_1_202' title='bbox 1026 1945 1155 1983; x_wconf 89' lang='lat' dir='ltr'>defino</span> <span class='ocrx_word' id='word_1_203' title='bbox 1177 1947 1452 1985; x_wconf 87' lang='lat' dir='ltr'>commendare</span> <span class='ocrx_word' id='word_1_204' title='bbox 1471 1963 1479 1986; x_wconf 76' lang='grc' dir='ltr'>ε</span> <span class='ocrx_word' id='word_1_205' title='bbox 1512 1949 1647 1988; x_wconf 87' lang='lat' dir='ltr'>scribit</span> <span class='ocrx_word' id='word_1_206' title='bbox 1676 1953 1783 1991; x_wconf 90' lang='lat' dir='ltr'>enim</span> 
     </span>
     <span class='ocr_line' id='line_1_25' title="bbox 397 2005 1783 2065; baseline 0.009 -22"><span class='ocrx_word' id='word_1_207' title='bbox 397 2005 477 2058; x_wconf 83' lang='lat' dir='ltr'>ipse</span> <span class='ocrx_word' id='word_1_208' title='bbox 497 2005 614 2052; x_wconf 90' lang='lat' dir='ltr'>mihi,</span> <span class='ocrx_word' id='word_1_209' title='bbox 643 2016 681 2045; x_wconf 89' lang='lat' dir='ltr'>te</span> <span class='ocrx_word' id='word_1_210' title='bbox 702 2008 772 2046; x_wconf 87' lang='lat' dir='ltr'>fibi</span> <span class='ocrx_word' id='word_1_211' title='bbox 792 2010 932 2061; x_wconf 85' lang='lat' dir='ltr'>gratias</span> <span class='ocrx_word' id='word_1_212' title='bbox 953 2023 1063 2062; x_wconf 86' lang='lat' dir='ltr'>agere</span> <span class='ocrx_word' id='word_1_213' title='bbox 1084 2011 1236 2049; x_wconf 91' lang='lat' dir='ltr'>debere.</span> <span class='ocrx_word' id='word_1_214' title='bbox 1272 2012 1334 2049; x_wconf 92' lang='lat' dir='ltr'>De</span> <span class='ocrx_word' id='word_1_215' title='bbox 1354 2026 1399 2050; x_wconf 94' lang='lat' dir='ltr'>eo</span> <span class='ocrx_word' id='word_1_216' title='bbox 1419 2013 1515 2065; x_wconf 90' lang='lat' dir='ltr'>quid</span> <span class='ocrx_word' id='word_1_217' title='bbox 1536 2015 1595 2061; x_wconf 89' lang='lat' dir='ltr'>fit,</span> <span class='ocrx_word' id='word_1_218' title='bbox 1627 2030 1719 2055; x_wconf 88' lang='lat' dir='ltr'>cura</span> <span class='ocrx_word' id='word_1_219' title='bbox 1740 2027 1783 2056; x_wconf 89' lang='lat' dir='ltr'>ut</span> 
     </span>
     <span class='ocr_line' id='line_1_26' title="bbox 399 2070 1564 2130; baseline 0.009 -22"><span class='ocrx_word' id='word_1_220' title='bbox 399 2070 530 2110; x_wconf 84' lang='lat' dir='ltr'>sciam.</span> <span class='ocrx_word' id='word_1_221' title='bbox 563 2073 651 2125; x_wconf 88' lang='lat' dir='ltr'>Ego</span> <span class='ocrx_word' id='word_1_222' title='bbox 671 2073 807 2112; x_wconf 86' lang='lat' dir='ltr'>vestras</span> <span class='ocrx_word' id='word_1_223' title='bbox 829 2074 958 2113; x_wconf 85' lang='lat' dir='ltr'>literas</span> <span class='ocrx_word' id='word_1_224' title='bbox 981 2076 1223 2115; x_wconf 86' lang='lat' dir='ltr'>Britannicas</span> <span class='ocrx_word' id='word_1_225' title='bbox 1244 2080 1420 2130; x_wconf 66' lang='lat' dir='ltr'>expecto.</span> <span class='ocrx_word' id='word_1_226' title='bbox 1454 2080 1564 2119; x_wconf 90' lang='lat' dir='ltr'>Vale.</span> 
     </span>
    </p>
   </div>
   <div class='ocr_carea' id='block_1_5' title="bbox 712 2275 1465 2320">
    <p class='ocr_par' dir='ltr' id='par_1_6' title="bbox 712 2275 1465 2320">
     <span class='ocr_line' id='line_1_27' title="bbox 712 2275 1465 2320; baseline 0.009 -8"><span class='ocrx_word' id='word_1_227' title='bbox 712 2275 776 2314; x_wconf 89' lang='lat' dir='ltr'>M.</span> <span class='ocrx_word' id='word_1_228' title='bbox 815 2276 1058 2314; x_wconf 77' lang='lat' dir='ltr'>CICERO</span> <span class='ocrx_word' id='word_1_229' title='bbox 1104 2278 1465 2320; x_wconf 81' lang='lat' dir='ltr'><strong>TREBATIO.</strong></span> 
     </span>
    </p>
   </div>
   <div class='ocr_carea' id='block_1_6' title="bbox 400 2401 1780 2530">
    <p class='ocr_par' dir='ltr' id='par_1_7' title="bbox 400 2401 1780 2530">
     <span class='ocr_line' id='line_1_28' title="bbox 400 2401 1780 2474; baseline 0.01 -36"><span class='ocrx_word' id='word_1_230' title='bbox 400 2401 472 2439; x_wconf 90' lang='lat' dir='ltr'>IX.</span> <span class='ocrx_word' id='word_1_231' title='bbox 490 2401 528 2474; x_wconf 82' lang='lat' dir='ltr'>J</span> <span class='ocrx_word' id='word_1_232' title='bbox 542 2401 639 2439; x_wconf 92' lang='lat' dir='ltr'>AM</span> <span class='ocrx_word' id='word_1_233' title='bbox 653 2403 691 2441; x_wconf 94' lang='lat' dir='ltr'>D</span> <span class='ocrx_word' id='word_1_234' title='bbox 705 2404 722 2441; x_wconf 95' lang='lat' dir='ltr'><strong>I</strong></span> <span class='ocrx_word' id='word_1_235' title='bbox 735 2403 773 2440; x_wconf 94' lang='lat' dir='ltr'><strong>U</strong></span> <span class='ocrx_word' id='word_1_236' title='bbox 801 2404 955 2456; x_wconf 91' lang='lat' dir='ltr'>ignoro,</span> <span class='ocrx_word' id='word_1_237' title='bbox 972 2406 1068 2458; x_wconf 90' lang='lat' dir='ltr'>quid</span> <span class='ocrx_word' id='word_1_238' title='bbox 1089 2421 1200 2460; x_wconf 84' lang='lat' dir='ltr'>agas;</span> <span class='ocrx_word' id='word_1_239' title='bbox 1225 2408 1326 2448; x_wconf 87' lang='lat' dir='ltr'>nihil</span> <span class='ocrx_word' id='word_1_240' title='bbox 1347 2410 1455 2449; x_wconf 90' lang='lat' dir='ltr'>enim</span> <span class='ocrx_word' id='word_1_241' title='bbox 1473 2411 1630 2450; x_wconf 74' lang='lat' dir='ltr'>scribiS:</span> <span class='ocrx_word' id='word_1_242' title='bbox 1654 2426 1780 2466; x_wconf 85' lang='lat' dir='ltr'>neque</span> 
     </span>
     <span class='ocr_line' id='line_1_29' title="bbox 567 2468 1779 2530; baseline 0.01 -25"><span class='ocrx_word' id='word_1_243' title='bbox 567 2480 640 2520; x_wconf 86' lang='lat' dir='ltr'>ego</span> <span class='ocrx_word' id='word_1_244' title='bbox 669 2468 715 2506; x_wconf 89' lang='lat' dir='ltr'>ad</span> <span class='ocrx_word' id='word_1_245' title='bbox 746 2477 783 2506; x_wconf 91' lang='lat' dir='ltr'>te</span> <span class='ocrx_word' id='word_1_246' title='bbox 812 2469 874 2510; x_wconf 87' lang='lat' dir='ltr'>his</span> <span class='ocrx_word' id='word_1_247' title='bbox 899 2472 1052 2510; x_wconf 88' lang='lat' dir='ltr'>duobus</span> <span class='ocrx_word' id='word_1_248' title='bbox 1074 2475 1270 2513; x_wconf 80' lang='lat' dir='ltr'>mensibus</span> <span class='ocrx_word' id='word_1_249' title='bbox 1292 2476 1542 2529; x_wconf 81' lang='lat' dir='ltr'>scripseram3</span> <span class='ocrx_word' id='word_1_250' title='bbox 1575 2479 1667 2530; x_wconf 86' lang='lat' dir='ltr'>quia</span> <span class='ocrx_word' id='word_1_251' title='bbox 1686 2493 1779 2518; x_wconf 87' lang='lat' dir='ltr'>cum</span> 
     </span>
    </p>
   </div>
   <div class='ocr_carea' id='block_1_7' title="bbox 397 2533 1776 2647">
    <p class='ocr_par' dir='ltr' id='par_1_8' title="bbox 397 2533 1776 2647">
     <span class='ocr_line' id='line_1_30' title="bbox 397 2533 1776 2592; baseline 0.009 -21"><span class='ocrx_word' id='word_1_252' title='bbox 397 2533 553 2585; x_wconf 83' lang='lat' dir='ltr'>Qinto</span> <span class='ocrx_word' id='word_1_253' title='bbox 581 2533 699 2574; x_wconf 80' lang='lat' dir='ltr'>fratre</span> <span class='ocrx_word' id='word_1_254' title='bbox 727 2549 818 2575; x_wconf 90' lang='lat' dir='ltr'>meo</span> <span class='ocrx_word' id='word_1_255' title='bbox 846 2551 926 2576; x_wconf 91' lang='lat' dir='ltr'>non</span> <span class='ocrx_word' id='word_1_256' title='bbox 955 2552 1063 2579; x_wconf 87' lang='lat' dir='ltr'>eras:</span> <span class='ocrx_word' id='word_1_257' title='bbox 1096 2553 1176 2592; x_wconf 86' lang='lat' dir='ltr'>quo</span> <span class='ocrx_word' id='word_1_258' title='bbox 1205 2543 1420 2587; x_wconf 89' lang='lat' dir='ltr'>mitterem,</span> <span class='ocrx_word' id='word_1_259' title='bbox 1452 2553 1518 2582; x_wconf 83' lang='lat' dir='ltr'>aut</span> <span class='ocrx_word' id='word_1_260' title='bbox 1546 2545 1611 2582; x_wconf 88' lang='lat' dir='ltr'>cui</span> <span class='ocrx_word' id='word_1_261' title='bbox 1631 2544 1776 2591; x_wconf 87' lang='lat' dir='ltr'>darem,</span> 
     </span>
     <span class='ocr_line' id='line_1_31' title="bbox 1387 2609 1477 2647; baseline 0.011 -1"><span class='ocrx_word' id='word_1_262' title='bbox 1387 2609 1425 2646; x_wconf 90' lang='lat' dir='ltr'>X</span> <span class='ocrx_word' id='word_1_263' title='bbox 1457 2621 1477 2647; x_wconf 86' lang='lat'><strong>2</strong></span> 
     </span>
    </p>
   </div>
  </div>
 </body>
</html>
