2351 2997
582 279 658 334 378
926 269 1609 315 EPISTOLARUM

578 376 829 415 adolescentis
865 374 1026 419 nobilis,
1062 371 1265 425 ingeniofi,
1302 370 1544 415 abstinentis,
1575 365 1962 407 commendationem¹

580 453 695 495 atque
716 442 895 494 gloriam.
940 441 1070 490 Qare
1090 439 1116 475 fi
1137 447 1175 475 te
1195 436 1346 474 fautore
1366 435 1455 474 usus
1475 435 1566 480 erit,
1594 435 1707 474 ficuti
1726 432 1900 487 profeffi‘m
1919 440 1960 470 et

581 518 713 546 utetur
733 516 771 544 et
792 506 879 544 usus
901 505 967 549 est,
998 502 1249 555 ampliffimas
1271 501 1470 539 clientelas
1490 510 1666 552 acceptas
1695 513 1716 537 a
1743 498 1958 552 majoribus

581 573 811 610 confirmare
832 570 990 623 poterit,
1021 578 1059 607 et
1081 567 1280 607 beneficiis
1303 567 1378 604 suis
1399 566 1585 618 obligare.
1633 566 1724 603 Hoc
1753 566 1794 602 in
1820 577 1961 617 genere

581 640 607 675 fi
628 652 717 675 eum
738 636 928 689 adjuveris
950 649 995 673 eo
1016 634 1156 679 studio,
1185 646 1265 686 quo
1284 632 1496 676 ostendisti,
1527 631 1629 685 apud
1649 630 1778 683 i-psum
1798 629 1961 682 praecla-

583 703 723 742 rissime
743 703 913 755 posueris
930 720 943 747 ς
977 700 1040 738 sed
1059 699 1161 739 mihi
1180 699 1298 738 etiam
1317 698 1575 751 gratissimum
1596 696 1749 736 feceris.
1780 695 1897 734 Vale.

787 905 851 943 M.
883 905 937 942 T.
970 905 1020 941 C.
1053 903 1098 941 P.
1132 903 1327 947 SILIO,
1368 901 1591 939 PROPR.
1630 900 1669 938 S.
1700 900 1757 939 D.

586 1034 714 1071 LXV.
740 1031 806 1105 C
823 1034 859 1070 U
876 1032 924 1069 M
955 1030 1000 1069 P.
1024 1029 1213 1069 Terentio
1241 1028 1437 1081 Hispone,
1466 1027 1535 1079 qui
1559 1040 1691 1080 operas
1712 1027 1752 1064 in
1774 1026 1964 1078 scriptura

839 1111 909 1149 pro
930 1096 1111 1147 magistro
1133 1094 1211 1139 dat,
1243 1093 1345 1132 mihi
1365 1094 1515 1131 summa
1535 1091 1776 1130 familiaritas
1797 1091 1962 1129 consue—

584 1166 757 1217 tudoque
778 1165 844 1209 est,
864 1163 1066 1214 multaque
1087 1171 1125 1199 et
1141 1173 1280 1211 magna
1300 1160 1400 1198 inter
1416 1172 1486 1197 nos
1507 1159 1635 1196 officia
1650 1159 1754 1211 paria
1773 1167 1811 1196 et
1827 1167 1964 1196 mutua

584 1231 845 1268 intercedunt.
880 1229 976 1280 Ejus
998 1228 1148 1265 summa
1167 1225 1400 1263 existimatio
1416 1225 1544 1277 agitur
1564 1225 1604 1262 in
1625 1237 1685 1269 eo,
1704 1232 1747 1262 ut
1767 1223 1962 1276 pastiones

584 1310 676 1335 cum
697 1296 922 1334 civitatibus
944 1294 1104 1346 reliquis
1126 1292 1322 1331 conficiat.
1372 1292 1468 1330 Non
1488 1305 1552 1329 me
1572 1290 1756 1344 praeterit,
1788 1303 1857 1328 nos
1878 1303 1964 1327 eam

586 1376 667 1400 rem
689 1360 831 1414 Ephesi
852 1368 1031 1411 expertos
1052 1358 1138 1403 effe,
1170 1371 1296 1410 neque
1325 1357 1372 1394 ab
1393 1355 1570 1408 Ephesiis
1592 1356 1676 1393 ullo
1696 1354 1814 1393 modo
1834 1355 1964 1406 impe-

585 1435 682 1465 trare
703 1426 880 1479 potuisse.
919 1425 991 1462 Sed
1011 1438 1118 1468 cum,
1150 1422 1483 1476 quemadmodum
1503 1434 1638 1458 omnes
1659 1420 1895 1464 existimant,
1925 1428 1965 1457 et

584 1506 655 1544 ego
677 1492 872 1543 intellige,
891 1500 955 1528 tua
975 1503 1067 1528 cum
1086 1489 1235 1526 summa
1256 1487 1492 1539 integritate,
1510 1495 1596 1524 tum
1617 1486 1797 1537 fingulari
1818 1484 1962 1522 huma-

584 1559 705 1596 nitate
725 1566 764 1594 et
784 1555 1094 1598 mansuetudine,
1119 1552 1350 1591 consecutus
1371 1565 1425 1596 es,
1449 1560 1492 1588 ut
1512 1550 1774 1588 libentiffimis
1797 1551 1961 1594 Graecis,

585 1631 699 1667 nutu,
731 1621 837 1673 quod
868 1620 979 1664 velis,
1010 1618 1271 1670 consequare3
1304 1626 1394 1669 peto
1414 1629 1435 1653 a
1454 1625 1492 1653 te
1513 1616 1700 1667 majorem
1721 1615 1761 1651 in
1782 1615 1960 1659 modum,

585 1696 628 1725 ut
648 1687 807 1725 honoris
830 1687 907 1723 mei
931 1685 1054 1729 causa,
1085 1684 1157 1722 hac
1186 1682 1299 1720 laude
1330 1681 1551 1734 Hisponem
1580 1681 1682 1718 affici
1701 1680 1812 1718 velis.
1857 1680 1962 1717 Prae-

590 1763 686 1790 terea
706 1766 797 1789 cum
819 1751 930 1788 sociis
952 1750 1147 1802 scripturae
1168 1747 1268 1786 mihi
1291 1748 1440 1785 summa
1460 1745 1696 1784 neceffitudo
1716 1745 1782 1790 est,
1802 1758 1878 1782 non
1901 1745 1963 1782 so-

588 1819 671 1855 lum
692 1819 742 1855 ob
765 1831 848 1854 eam
869 1816 1035 1860 causam,
1067 1815 1175 1867 quod
1192 1828 1235 1852 ea
1256 1814 1412 1852 societas
1435 1813 1608 1851 universa
1634 1813 1673 1849 in
1695 1825 1780 1850 mea
1800 1811 1874 1849 fide
1895 1811 1962 1855 est,

588 1883 649 1920 sed
669 1883 787 1919 etiam
809 1880 914 1932 quod
934 1880 1127 1932 plerisque
1148 1879 1258 1916 sociis
1281 1888 1369 1915 utor
1389 1877 1695 1915 familiariffime.
1729 1877 1789 1913 Ita
1807 1884 1845 1912 et
1866 1875 1964 1912 His-

587 1960 731 1998 ponem
752 1959 886 1982 meum
907 1958 973 1996 per
994 1958 1055 1982 me
1076 1944 1237 1987 ornaris,
1269 1952 1306 1980 et
1336 1943 1556 1980 societatem
1586 1940 1688 1979 mihi
1714 1940 1962 1991 conjunCtio-

589 2025 670 2048 rem
692 2010 827 2047 feceris
845 2028 854 2053 ;
887 2018 1007 2060 tuque
1028 2009 1106 2060 ipse
1127 2019 1165 2045 et
1185 2022 1231 2046 ex
1253 2007 1370 2059 hujus
1392 2007 1645 2050 observantia,
1667 2005 1866 2057 gratiffimi
1887 2004 1963 2043 ho-

588 2077 722 2120 minis,
745 2085 781 2112 et
802 2088 849 2112 ex
870 2074 1062 2111 sociorum
1083 2074 1217 2125 gratia,
1240 2072 1449 2110 hominum
1470 2072 1809 2124 ampliffimorum,
1835 2070 1963 2107 maxi—

589 2155 700 2180 mum
726 2141 897 2178 fruffitum
924 2141 1067 2192 capies,
1098 2150 1135 2176 et
1167 2153 1229 2176 me
1262 2139 1414 2177 summo
1446 2138 1636 2176 beneficio
1667 2136 1854 2174 affeceris.
1901 2136 1963 2173 Sic

590 2208 695 2244 enim
715 2207 832 2244 velim
854 2206 1062 2250 existimes,
1093 2219 1140 2243 ex
1162 2214 1241 2243 tota
1262 2215 1327 2243 tua
1348 2206 1560 2257 provincia,
1587 2203 1773 2254 omnique
1794 2202 1864 2240 isto
1884 2203 1967 2240 im-²

592 2274 710 2326 petie,
743 2272 844 2311 nihil
865 2272 949 2318 effe,
981 2272 1089 2326 quod
1107 2272 1207 2310 mihi
1229 2272 1374 2324 gratius
1397 2271 1519 2310 facere
1541 2270 1668 2324 pofiis.
1701 2268 1812 2307 Vale,
