2351 2997
611 300 703 343 AD
763 300 1233 340 FAMILIARES
1294 298 1426 336 LIB.
1478 298 1528 336 V.
1705 311 1778 350 107

391 406 486 444 illinc
505 403 615 455 ejecit,
647 403 753 441 etiam
773 402 831 440 hic
859 400 1114 453 refrigeravit.
1162 398 1233 437 Sed
1258 407 1375 437 tamen
1404 410 1472 435 non
1500 396 1662 449 desistam,
1694 398 1778 449 quin

390 472 486 509 illum
514 468 701 522 aliquando
730 482 865 506 eruam.
915 466 986 504 Sed
1010 475 1127 504 tamen
1157 465 1272 502 omnia
1290 463 1380 502 mihi
1395 462 1488 501 dura
1506 463 1672 515 imperas.
1716 463 1779 501 De

391 536 522 574 Catilio
542 536 648 589 naescio
668 535 755 588 quid
769 534 820 573 ad
833 548 885 572 me
892 532 1066 585 scrzpsssi
1081 531 1333 584 deprecationis
1352 529 1626 582 diligentifflmae.
1648 530 1780 581 Apage

390 612 426 641 te
445 616 522 640 cum
542 601 653 654 nostro
674 602 779 639 Sexto
800 599 950 638 Servilio
966 614 979 636 :
1010 612 1092 636 nam
1121 597 1313 635 mehercule
1340 611 1399 648 ego
1418 596 1515 634 illum
1535 609 1667 648 quoque
1685 609 1774 633 amo.

394 667 466 706 Sed
495 667 689 720 hzgjzffmodi
721 681 784 705 vos
817 665 971 707 clientes,
1002 662 1196 715 hujusmodi
1224 662 1360 715 catillis,
1391 661 1548 713 recipitis
1562 660 1582 698 ἒ
1611 661 1779 699 hominem

390 748 497 772 unum
535 733 685 771 omnium
723 731 999 782 crudeliffi'mum,
1039 729 1103 781 qui
1136 737 1191 766 tot
1227 728 1406 779 ingenuos,
1453 726 1778 778 matres-familias,

390 800 485 838 cives
519 800 707 842 Romanos,
746 797 884 841 occidit,
924 795 1099 847 arripuit,
1138 793 1355 847 disperdidit,
1395 793 1551 845 regiones
1583 792 1744 845 vastavit
1761 791 1780 828 ἓ

391 865 534 908 Simius,
565 878 632 902 non
637 863 783 916 semfflis
802 863 911 906 homo,
942 870 1069 899 contra
1088 874 1140 897 me
1158 873 1263 897 arma
1284 858 1384 903 tulit,
1416 867 1450 896 et
1480 871 1556 895 eum
1582 857 1665 895 bello
1692 857 1778 908 cepi.

392 930 465 969 Sed
481 940 611 974 tamen,
642 931 693 968 mi
717 930 853 972 Cicero,
886 927 973 981 quid
984 927 1116 979 jacere
1134 925 1266 978 pofficrn
1282 925 1301 962 ,ἕ
1333 924 1465 963 Omnia
1493 924 1686 962 mehercule
1715 937 1779 962 cu-

385 997 459 1048 pio,
492 1010 570 1050 quae
600 1005 642 1034 tu
672 995 761 1033 mihi
779 995 943 1047 imperas.
987 993 1111 1031 Meam
1130 991 1477 1042 animadverstonem,
1508 989 1780 1042 etsapplicimn,

393 1077 459 1114 quo
491 1062 617 1111 usurus
650 1075 747 1099 eram
773 1061 809 1098 in
843 1074 919 1098 eum
950 1073 1049 1112 quem
1082 1058 1246 1111 cepssem,
1277 1057 1421 1095 remitto
1455 1056 1525 1094 tibi
1551 1065 1587 1093 et
1617 1054 1778 1094 condono.

394 1128 493 1179 Qid
508 1128 576 1166 illis
605 1125 806 1179 respondere
830 1125 974 1178 poffian,
1006 1124 1145 1177 quisita
1164 1123 1253 1162 bona
1271 1123 1426 1175 direpta,
1458 1136 1568 1160 naves
1597 1130 1782 1174 expugna-

393 1203 465 1237 tas,
481 1194 648 1245 fratres,
679 1192 816 1234 liberos,
841 1200 1012 1243 parentes
1032 1189 1105 1228 occi
1117 1205 1164 1232 os,
1194 1189 1347 1227 affiiones
1367 1187 1583 1240 expcstulant
1601 1187 1620 1225 ,ἲ
1652 1187 1694 1224 Si
1710 1200 1783 1224 me-

392 1258 549 1296 hercules
578 1256 697 1308 Appii
727 1270 762 1294 os
794 1255 971 1298 haberem,
1009 1255 1045 1292 in
1077 1255 1176 1305 cujus
1207 1254 1317 1292 locum
1334 1253 1510 1306 sifidius
1528 1253 1627 1304 sum,
1666 1262 1785 1289 tamen

392 1324 456 1362 hoc
460 1323 637 1377 sustinere
656 1337 723 1360 non
738 1321 876 1373 poffi‘m.
922 1320 1021 1372 Qid
1034 1335 1116 1372 ergo
1136 1320 1181 1372 est
1198 1320 1218 1358 ?
1248 1319 1399 1358 Faciam
1418 1319 1532 1357 omnia
1536 1317 1674 1371 sedulo,
1704 1332 1786 1370 quae

393 1398 429 1428 te
443 1391 562 1443 fitam
591 1389 691 1428 velle.
739 1386 966 1439 Dcy‘enditur
987 1401 1010 1424 a
1036 1387 1086 1438 Q
1111 1386 1197 1424 Vola
1211 1400 1254 1428 lo,
1286 1393 1347 1423 tuo
1377 1384 1551 1438 discipulo,
1569 1384 1727 1437 staefhrte
1745 1397 1786 1421 ea

392 1470 449 1495 res
461 1455 600 1509 poterit
619 1453 844 1507 adversarios
846 1453 992 1505 fugare
1007 1470 1018 1497 3
1051 1452 1087 1490 in
1108 1465 1142 1489 eo
1163 1450 1317 1488 maxima
1321 1451 1406 1503 spes
1425 1450 1483 1501 est.
1527 1450 1617 1494 Nos,
1633 1450 1676 1500 st
1703 1448 1791 1501 quid

392 1523 464 1561 erit
482 1522 555 1575 istic
574 1530 671 1574 opus,
702 1518 872 1573 defendes.
917 1518 1043 1572 Caesar
1061 1517 1177 1556 adhuc
1195 1517 1285 1555 mihi
1300 1516 1470 1568 injuriam
1475 1515 1579 1569 facit
1594 1531 1607 1554 .·
1638 1514 1678 1553 de
1704 1515 1787 1552 meis

378 1587 703 1642 stipplicationibus
725 1595 759 1624 et
780 1585 884 1624 rebus
899 1584 1001 1638 gestis
1021 1583 1244 1623 Dalmaticis
1272 1582 1389 1620 adhuc
1418 1597 1485 1620 non
1516 1582 1632 1634 refert
1647 1597 1660 1619 .·
1692 1581 1791 1633 quali

395 1669 480 1692 vero
499 1667 566 1691 non
575 1651 752 1705 justgffimi
768 1650 946 1702 triumphi
961 1650 997 1687 in
1020 1649 1216 1688 Dalmatia
1245 1662 1302 1686 res
1325 1647 1497 1700 gefferim.
1543 1648 1643 1685 Nam
1657 1647 1700 1696 st
1726 1645 1789 1683 hoc

395 1718 646 1773 expectandum
665 1718 722 1771 est,
753 1716 835 1755 dum
857 1725 970 1754 totum
999 1715 1122 1753 bellam
1153 1714 1358 1766 conficiam3
1390 1713 1529 1765 viginti
1553 1711 1679 1765 oppida
1692 1713 1789 1764 ficnt

395 1785 599 1824 Dalmatiae
616 1784 769 1836 antiqua
786 1800 797 1826 ς
829 1796 908 1835 qicae
928 1781 1072 1833 ipststbi
1087 1781 1294 1833 cyeiverunt
1312 1779 1463 1831 amplius
1468 1778 1690 1831 sexaginta:
1712 1777 1789 1815 haec

395 1853 457 1890 niz
491 1851 605 1890 omnia
635 1860 806 1902 expugno,
826 1849 866 1897 st
891 1848 981 1886 mihi
990 1847 1272 1900 stipplicationes
1305 1860 1372 1884 non
1405 1844 1660 1890 decernuntur,
1690 1845 1789 1896 longe

393 1919 467 1957 alia
486 1917 678 1958 conditione
696 1931 755 1969 ego
760 1917 860 1969 stim,
891 1930 934 1954 ac
953 1915 1080 1953 caeteri
1094 1914 1337 1966 imperatores.

450 1987 530 2037 Ego
558 1983 633 2036 pest
653 1982 930 2036 supplicationes
962 1981 1052 2019 mihi
1082 1980 1241 2018 decretas
1276 1980 1313 2018 in
1348 1978 1578 2018 Dalmatiam
1605 1977 1790 2030 profeb‘t'us

383 2052 467 2106 sum
481 2066 493 2088 .·
503 2051 574 2099 sex
589 2048 715 2101 oppida
732 2049 776 2086 vi
792 2045 1022 2100 oppugnando
1038 2047 1136 2098 cepi:
1157 2060 1266 2084 unum
1285 2046 1361 2090 hoc,
1380 2044 1472 2098 quod
1487 2053 1567 2082 erat
1583 2044 1787 2087 maximum,

395 2126 525 2169 qnater
553 2130 576 2152 a
607 2114 747 2166 mejam
767 2122 910 2166 captum
928 2129 941 2151 .·
973 2123 1128 2165 quatuor
1147 2112 1236 2149 enim
1258 2122 1394 2155 turres,
1426 2120 1460 2148 et
1481 2119 1636 2163 quatuor
1655 2123 1787 2153 muros,

396 2181 482 2233 cepi,
513 2188 548 2218 et
578 2194 695 2218 arcem
729 2193 847 2217 eorum
877 2188 1018 2216 totam:
1050 2193 1092 2216 ex
1126 2192 1197 2230 qua
1229 2192 1281 2215 me
1316 2177 1429 2219 nives,
1447 2176 1615 2228 frigora,
1648 2174 1788 2217 imbres,

397 2247 502 2285 detra
518 2255 624 2284 erunt
641 2262 654 2283 .·
685 2245 918 2297 indigneque‚‘
936 2245 987 2282 mi
1005 2244 1141 2288 Cicero,
1173 2242 1334 2295 oppidum
1357 2251 1502 2294 captum
1524 2250 1557 2278 et
1578 2241 1701 2279 hellam
1709 2240 1790 2292 jam

397 2313 590 2365 confeo‘lum
610 2312 808 2364 relinquere
812 2315 898 2363 sum
918 2312 1071 2348 coaetus.
1115 2311 1238 2360 Qcare
1269 2319 1304 2346 te
1331 2323 1428 2360 rogo,
1446 2309 1489 2359 Ji
1516 2317 1600 2360 opas
1629 2307 1714 2350 erit,
1745 2305 1795 2342 ad

400 2381 576 2432 Caesarem
595 2392 705 2415 meam
726 2377 865 2430 causam
887 2391 989 2429 agas,
1020 2390 1138 2428 meque
1157 2375 1228 2413 tibi
1253 2375 1290 2413 in
1310 2389 1422 2412 omnes
1444 2383 1574 2426 partes
1603 2371 1790 2424 defl’nden-

400 2446 494 2494 dimi
506 2453 637 2496 putem
674 2443 737 2481 hoc
771 2443 980 2495 existimans,
1020 2443 1187 2480 neminem
1223 2451 1258 2479 te
1290 2441 1350 2480 tui
1377 2440 1608 2478 amantiorem
1647 2437 1786 2476 habere.

402 2511 501 2549 Vale.
532 2509 649 2548 Nonis
668 2508 837 2548 Decemb.
860 2510 1029 2547 Narona.

1397 2572 1433 2608 O
1467 2583 1487 2608 2
