2351 2997
578 286 655 323 400
949 271 1630 310 EPISTOLARUM

578 373 751 417 affectus,
783 385 829 409 ex
857 371 980 422 Lepta
999 379 1037 407 et
1058 371 1246 408 Trebatio
1266 371 1410 422 poteris
1431 371 1675 422 cognoscere.
1722 372 1788 410 Tu
1818 371 1878 410 fac
1908 382 1952 413 ut

580 447 686 476 tuam
707 447 745 474 et
765 435 911 473 Tulliae
932 434 1194 471 valetudinem
1215 448 1338 472 cures.
1372 435 1481 472 Vale.

578 640 783 677 TULLius
816 635 1080 672 TERENTIAE
1116 646 1226 678 SUAE,
1270 647 1327 672 ET
1364 647 1517 672 PATER
1554 648 1754 675 SUAVISS.
1806 649 1946 677 F1L1AE

629 705 903 745 TULLIOLAE‚
944 701 1118 737 CicERo
1152 712 1331 744 MATRr,
1375 714 1432 738 ET
1469 713 1646 745 SORORI,
1689 702 1725 740 S.
1759 702 1803 740 P.
1837 703 1891 740 D.

577 831 734 871 XVIII.
760 828 1381 902 CONSIDERANDUM
1411 828 1521 865 vobis
1541 828 1658 866 etiam
1679 837 1795 880 atque
1815 829 1947 873 etiam,

858 893 995 930 animae
1022 905 1131 937 meae,
1162 891 1371 942 diligenter
1394 901 1505 944 put0,
1536 893 1633 945 quid
1652 892 1830 938 faciatis;
1864 894 1948 930 Ro-

575 974 697 999 maene
732 960 825 1003 fitis,
861 971 908 994 an
943 969 1099 994 mecum
1131 956 1170 993 in
1203 955 1336 1007 aliquo
1366 964 1454 993 tuto
1485 956 1588 994 loco.
1635 957 1679 994 Id
1712 971 1790 994 non
1822 957 1949 994 solum

575 1039 710 1064 meum
743 1023 949 1062 confilium
983 1021 1051 1065 est,
1086 1020 1149 1058 sed
1182 1021 1300 1058 etiam
1334 1021 1516 1058 vestrum.
1569 1021 1678 1058 Mihi
1711 1023 1874 1059 veniunt
1908 1023 1949 1059 in

574 1100 748 1129 mentem
769 1089 851 1127 haec
869 1104 877 1125 ε
902 1089 1039 1124 Romae
1059 1099 1126 1124 vos
1147 1085 1219 1122 effe
1240 1095 1326 1123 tuto
1347 1086 1448 1138 poffe
1470 1100 1535 1138 per
1556 1086 1819 1130 Dolabellam,
1842 1100 1949 1124 eam-

574 1171 650 1209 que
678 1169 759 1193 rem
789 1153 891 1206 posse
918 1152 1031 1189 nobis
1063 1151 1290 1202 adjumento
1320 1151 1407 1195 effe,
1439 1151 1465 1188 fi
1497 1165 1582 1203 quae
1612 1151 1684 1196 vis,
1715 1161 1780 1189 aut
1810 1152 1835 1189 fi
1864 1165 1950 1204 quae

574 1222 716 1273 rapinae
737 1220 819 1257 fieri
840 1218 1044 1270 coeperint.
1091 1216 1163 1254 Sed
1184 1217 1311 1254 rursus
1333 1217 1433 1254 illud
1454 1231 1515 1254 me
1537 1227 1681 1262 movet,
1712 1216 1817 1268 quod
1838 1217 1951 1254 video

573 1300 709 1324 omnes
731 1286 853 1322 bonos
875 1282 995 1320 abeffe
1016 1283 1157 1326 Roma,
1188 1291 1226 1319 et
1247 1295 1310 1319 eos
1332 1282 1512 1319 mulieres
1536 1283 1615 1320 suas
1638 1282 1767 1320 secum
1791 1281 1946 1320 habere.

573 1352 671 1389 Haec
692 1359 822 1388 autem
842 1348 963 1400 regio,
986 1348 1026 1384 in
1047 1360 1123 1399 qua
1142 1359 1214 1397 ego
1234 1346 1334 1391 sum,
1357 1346 1575 1385 nostrorum
1595 1347 1647 1384 est
1668 1360 1760 1384 cum
1779 1347 1948 1398 oppido-

574 1431 676 1461 rum,
708 1426 793 1454 tum
814 1415 931 1452 etiam
952 1412 1214 1465 praediorum;
1247 1421 1290 1449 ut
1322 1421 1360 1449 et
1390 1413 1566 1449 multum
1592 1412 1663 1449 effe
1690 1425 1862 1456 mecum,
1893 1420 1946 1456 et,

572 1495 666 1519 cum
686 1480 872 1523 abieritis,
904 1476 1111 1515 commode
1131 1485 1169 1513 et
1189 1476 1231 1513 in
1252 1475 1388 1513 nostris
1409 1476 1480 1514 effe
1500 1475 1661 1528 poffitis.
1706 1475 1815 1513 Mihi
1833 1475 1949 1528 plane

573 1560 653 1584 non
686 1545 772 1583 satis
803 1544 950 1582 constat
979 1541 1121 1585 adhuc,
1152 1549 1286 1578 utrum
1313 1541 1360 1579 fit
1389 1541 1559 1579 melius:
1591 1554 1658 1579 vos
1679 1541 1821 1585 videte,
1852 1541 1949 1593 quid

572 1613 654 1650 aliae
685 1611 830 1649 faciant
862 1609 931 1647 isto
960 1609 1048 1646 loco
1078 1606 1266 1651 foeminae,
1298 1616 1336 1644 et
1363 1621 1425 1651 ne,
1456 1620 1549 1645 cum
1569 1606 1713 1651 velitis,
1744 1606 1848 1644 exire
1868 1620 1948 1644 non

571 1678 700 1715 liceat.
734 1676 779 1714 Id
800 1676 917 1713 velim
939 1673 1146 1725 diligenter
1166 1672 1282 1709 etiam
1303 1682 1418 1724 atque
1438 1672 1556 1710 etiam
1576 1671 1778 1710 vobiscum
1799 1680 1837 1709 et
1856 1685 1949 1710 cum

571 1743 708 1781 amicis
729 1740 990 1779 consideretis.
1025 1740 1180 1777 Domus
1203 1747 1246 1775 ut
1266 1738 1559 1791 propugnacula
1577 1747 1617 1776 et
1636 1737 1856 1790 praefidium
1875 1737 1947 1776 ha-

572 1809 673 1853 beat,
697 1807 914 1845 Philotimo
935 1805 1087 1843 dicetis.
1121 1806 1174 1842 Et
1194 1804 1313 1841 velim
1335 1804 1553 1842 tabellarios
1574 1803 1783 1843 instituatis
1804 1812 1945 1848 certos,

572 1883 616 1911 ut
636 1872 814 1925 quotidie
833 1872 979 1922 aliquas
1010 1884 1030 1907 a
1058 1869 1168 1908 vobis
1198 1869 1327 1907 literas
1355 1869 1560 1920 accipiam.
1609 1869 1787 1907 Maxime
1816 1877 1947 1906 autem

572 1939 658 1976 date
678 1951 835 1990 operam
856 1946 900 1974 ut
919 1936 1090 1979 valeatis,
1122 1935 1148 1972 fi
1169 1947 1238 1972 nos
1259 1935 1379 1972 vultis
1399 1934 1536 1972 valere.
1576 1947 1622 1972 lx
1647 1934 1734 1972 Kal.
1758 1934 1944 1972 Formiis.

870 2134 934 2172 M.
967 2136 1020 2172 T.
1053 2129 1101 2171 C.
1134 2135 1476 2171 TERENTIAE
1519 2133 1557 2171 S.
1590 2132 1645 2170 D.

571 2264 686 2304 XIX.
712 2263 805 2335 IN
845 2261 1026 2300 maximis
1061 2262 1157 2298 meis
1193 2261 1393 2298 doloribus
1429 2260 1625 2300 excruciat
1664 2272 1727 2296 me
1765 2259 1945 2296 valetudo

783 2328 928 2366 Tulliae
949 2326 1110 2371 nostrae;
1143 2325 1189 2363 de
1221 2338 1297 2378 qua
1328 2324 1429 2364 nihil
1461 2326 1527 2370 est,
1559 2324 1665 2377 quod
1694 2324 1740 2361 ad
1767 2333 1807 2361 te
1834 2325 1946 2376 plura

572 2396 737 2434 scribam
755 2409 764 2433 t
797 2394 871 2432 tibi
891 2393 996 2430 enim
1018 2405 1125 2444 aeque
1145 2405 1294 2443 magnae
1314 2405 1414 2429 curae
1435 2392 1520 2437 effe,
1551 2399 1656 2428 certo
1686 2389 1778 2428 scio.
1825 2389 1945 2440 Qod

571 2475 635 2500 me
655 2461 814 2514 propius
841 2459 961 2498 vultis
991 2458 1185 2502 accedere,
1217 2457 1328 2495 video
1359 2457 1414 2495 ita
1442 2458 1512 2496 effe
1543 2455 1794 2495 faciendum:
1825 2455 1944 2492 etiam

570 2536 660 2567 ante
697 2526 896 2572 feciffem5.
942 2524 1004 2563 sed
1041 2537 1105 2563 me
1143 2523 1270 2561 multa
1306 2524 1585 2576 impedierunt,
1630 2534 1715 2574 quae
1753 2533 1801 2558 ne
1838 2531 1943 2557 nunc
