2351 2997
552 303 631 340 420
926 298 1607 341 EPISTOLARUM

678 528 741 565 M.
776 530 827 566 T.
862 529 909 567 C.
944 530 1067 567 ΙΜΡ.
1111 531 1160 569 L.
1194 531 1388 569 PAULO
1432 534 1555 573 Cos.
1600 536 1636 573 S.
1670 536 1715 574 P.
1749 537 1801 574 D.

556 655 671 693 XIII.
697 655 1034 726 MAXIME
1067 657 1165 696 mihi
1196 658 1274 698 fuit
1303 670 1482 712 optatum
1512 663 1650 701 Romae
1679 663 1750 702 effe
1781 672 1934 708 tecum,v

815 723 957 759 multas
979 723 1030 759 ob
1051 723 1194 768 causaS,
1212 725 1273 762 sed
1294 727 1502 778 praecipue,
1521 737 1562 764 ut
1584 738 1622 765 et
1642 729 1681 765 in
1703 728 1870 780 petendo
1890 737 1931 765 etv

554 784 594 821 in
615 787 783 837 gerendo
814 788 1016 826 consulatu
1048 802 1181 826 meum
1214 791 1287 828 tibi
1314 791 1492 830 debitum
1521 793 1691 831 studium
1716 793 1932 845 perspicere

553 851 690 902 posses.
723 855 783 890 Ac
803 854 1004 904 petitionis
1021 854 1182 905 quidem
1199 864 1273 893 tuae
1290 858 1386 894 ratio
1402 857 1502 894 mihi
1524 858 1671 911 semper
1691 858 1768 896 fuit
1788 859 1926 910 explo-

554 926 660 961 rata;
692 917 756 954 sed
787 928 916 955 tamen
947 931 1080 956 navare
1107 933 1264 970 operam
1295 921 1488 959 volebam.
1534 924 1581 960 In
1611 924 1811 960 consulatu
1840 936 1929 960 vero

553 982 671 1032 cupio
691 983 872 1034 equidem
895 992 931 1020 te
952 984 1081 1021 minus
1103 983 1243 1022 habere
1264 986 1440 1036 negotii;
1473 986 1535 1023 sed
1559 987 1718 1024 moleste
1738 987 1834 1031 fero,
1866 999 1929 1025 me

553 1046 751 1084 consulem
788 1047 957 1086 studium
994 1056 1108 1085 tuum
1142 1049 1395 1087 adolescentis
1429 1051 1669 1103 perspexiffe,
1708 1061 1745 1089 te
1779 1065 1930 1097 meum,

553 1125 644 1148 cum
666 1112 705 1149 id
726 1113 845 1150 aetatis
874 1113 958 1158 sim,
989 1114 1202 1165 perspicere
1236 1129 1312 1152 non
1341 1115 1457 1167 posse.
1505 1117 1577 1154 Sed
1606 1118 1659 1154 ita
1690 1116 1770 1154 fato
1802 1117 1930 1154 nescio

553 1191 633 1228 quo
652 1178 852 1229 contigifl‘e
873 1179 1051 1223 arbitror,
1084 1189 1127 1216 ut
1155 1180 1228 1217 tibi
1256 1180 1302 1218 ad
1328 1195 1391 1218 me
1411 1182 1629 1219 ornandum
1651 1182 1798 1234 semper
1818 1182 1931 1219 detur

552 1241 730 1288 facultas,
763 1242 862 1280 mihi
884 1243 929 1281 ad
952 1245 1278 1283 remunerandum
1298 1245 1399 1284 nihil
1428 1246 1604 1300 suppetat
1632 1257 1767 1300 praeter
1787 1247 1929 1286 volun-

553 1317 686 1347 tatem.
740 1309 894 1346 Ornasti
926 1310 1186 1355 consulatum,
1217 1311 1357 1349 ornasti
1392 1312 1562 1350 reditum
1596 1327 1756 1351 meum:
1789 1313 1930 1351 incidit

554 1386 687 1411 meum
709 1383 862 1426 tempus
886 1388 1014 1412 rerum
1035 1376 1289 1426 gerendarum
1311 1377 1352 1414 in
1373 1377 1501 1429 ipsum
1531 1378 1776 1416 consulatum
1798 1387 1926 1416 tuum.

556 1440 690 1490 Itaque
722 1453 813 1476 cum
845 1450 881 1477 et
916 1450 980 1477 tua
1014 1441 1165 1478 summa
1197 1441 1417 1493 amplitudo
1451 1451 1489 1480 et
1523 1443 1706 1494 dignitas,
1746 1452 1784 1480 et
1818 1457 1933 1481 meus=

552 1518 717 1557 magnus
743 1505 866 1542 honos
895 1519 1111 1557 magnaque
1137 1506 1386 1552 existimatio,
1419 1508 1607 1559 postulare
1627 1509 1814 1553 videatur,
1847 1518 1889 1546 ut
1910 1522 1930 1546 a

552 1579 591 1607 te
612 1570 792 1621 plurimis
813 1571 938 1608 verbis
961 1571 1194 1609 contendam
1214 1585 1255 1609 ac
1277 1581 1421 1623 petam,
1454 1582 1497 1610 ut
1524 1587 1641 1624 quam
1662 1572 1928 1611 honorificen-

552 1635 743 1675 tiffimum
774 1635 1175 1674 senatus-consultum
1206 1636 1251 1674 de
1283 1638 1380 1675 meis
1413 1638 1526 1675 rebus
1559 1638 1671 1689 gestis
1703 1638 1930 1678 faciendum

554 1714 678 1746 cures,
710 1715 787 1739 non
808 1701 928 1739 audeo
949 1701 1197 1740 vehementer
1217 1716 1237 1740 a
1258 1712 1294 1740 te
1315 1703 1562 1748 contendere,
1594 1718 1641 1742 ne
1662 1714 1726 1742 aut
1753 1705 1832 1757 ipse
1854 1715 1928 1744 tuae

553 1775 747 1818 perpetuae
767 1766 1058 1804 consuetudinis
1079 1781 1167 1819 erga
1186 1782 1249 1806 me
1269 1769 1416 1806 oblitus
1438 1769 1509 1806 esse
1530 1769 1671 1814 videar,
1703 1779 1767 1807 aut
1797 1780 1832 1807 te
1853 1772 1926 1808 ob-

554 1832 671 1868 litum
692 1840 840 1882 putem.
874 1833 1018 1883 Qme,
1041 1842 1083 1870 ut
1106 1843 1141 1870 te
1161 1833 1260 1870 velle
1281 1834 1458 1877 arbitror,
1482 1834 1534 1870 ita
1554 1833 1721 1878 faciam3
1745 1843 1860 1886 atque
1881 1836 1927 1872 ab

554 1910 612 1940 eo,
645 1910 764 1948 quem
784 1911 918 1934 omnes
940 1907 1072 1948 gentes
1096 1897 1222 1935 sciunt
1243 1898 1288 1936 de
1310 1913 1371 1936 me
1392 1899 1541 1949 optime
1565 1900 1765 1943 meritum,
1799 1901 1928 1942 brevi-

554 1971 612 1998 ter
639 1972 782 2012 petam.
831 1963 868 1999 Si
900 1962 964 1999 alii
997 1963 1172 1999 consules
1203 1963 1333 2007 ess‘ent,
1366 1964 1411 2000 ad
1445 1974 1480 2000 te
1507 1964 1763 2015 potiffimum,
1795 1965 1926 2010 Paule,

555 2029 769 2071 mitterem,
800 2036 843 2063 ut
863 2040 925 2064 eos
948 2026 1047 2064 mihi
1069 2041 1186 2079 quam
1207 2029 1454 2066 amiciffimos
1476 2029 1649 2068 redderes
1669 2046 1677 2068 :
1710 2044 1815 2068 nunc
1835 2045 1928 2070 cum

556 2103 622 2130 tua
646 2092 796 2129 summa
828 2092 1003 2143 potestaS,
1035 2092 1263 2145 summaque
1292 2095 1512 2139 auetoritas,
1545 2105 1711 2149 notaque
1743 2096 1927 2134 omnibus

556 2158 679 2196 nostra
700 2158 933 2198 necestitudo
954 2159 1012 2202 fit,
1044 2158 1292 2197 vehementer
1313 2170 1350 2198 te
1375 2174 1483 2212 rogo,
1516 2170 1559 2198 ut
1587 2171 1625 2198 et
1654 2175 1770 2212 quam
1799 2161 1928 2199 hono-

557 2223 831 2261 rificentifi‘une
852 2237 962 2260 cures
983 2224 1268 2262 decernendum
1291 2226 1337 2263 de
1359 2227 1454 2263 meis
1476 2226 1588 2264 rebus
1610 2227 1738 2278 gestis,
1756 2236 1793 2264 et
1810 2241 1928 2278 quam

556 2289 771 2326 celerrime.
818 2289 965 2340 Dignus
1000 2303 1055 2326 res
1083 2289 1154 2327 effe
1181 2289 1327 2328 honore
1356 2301 1392 2328 et
1417 2292 1688 2342 gratulatione,
1721 2292 1928 2343 cognosces

556 2369 602 2392 ex
636 2355 681 2391 iis
714 2354 850 2397 literis,
883 2368 975 2404 quas
1007 2355 1054 2391 ad
1089 2364 1138 2400 te,
1171 2365 1208 2393 et
1240 2356 1447 2407 collegam,
1479 2367 1515 2394 et
1551 2357 1738 2401 senatum,
1770 2358 1927 2409 publice

555 2421 667 2458 misi:
714 2420 970 2470 omniumque
1008 2435 1181 2458 mearum
1221 2422 1458 2473 reliquarum
1495 2436 1637 2467 rerum,
1683 2424 1928 2474 maximeque

557 2485 851 2523 existimationis
884 2498 991 2529 mese,
1024 2487 1335 2536 procurationem
1372 2487 1584 2538 susceptam
1619 2488 1735 2525 velim
1771 2487 1923 2525 habeas.

558 2552 603 2589 In
626 2549 836 2601 primisque
858 2550 930 2586 tibi
960 2564 1059 2589 curae
1089 2551 1145 2596 slt,
1178 2551 1283 2604 quod
1313 2552 1378 2588 abs
1413 2562 1448 2589 te
1480 2553 1738 2604 superioribus
1772 2565 1926 2604 quoque
