2351 2997
655 253 747 290 AD
808 246 1274 288 FAMILIARES
1334 246 1466 284 LIB.
1513 247 1545 283 Ι.
1749 259 1792 296 17

410 355 450 393 in
470 367 532 392 me
552 352 642 391 effet
663 350 858 389 incensus.
905 350 1001 387 Sane
1021 346 1182 386 moleste
1203 347 1441 398 Pompeium
1462 344 1502 382 id
1523 343 1622 382 ferre
1643 343 1795 381 consta-

410 421 501 458 bat:
534 418 642 472 quod
670 431 743 470 ego
773 430 866 454 cum
895 414 1080 453 audissem
1107 427 1155 452 ex
1175 413 1276 458 aliis,
1308 412 1480 450 maxime
1500 424 1547 448 ex
1570 423 1658 447 meo
1678 408 1796 446 fratre

407 485 591 536 cognovi,
623 497 742 536 quem
764 496 856 520 curn
878 482 918 519 in
941 480 1115 518 Sardinia
1145 479 1358 531 Pompeius
1380 477 1513 530 paucis
1535 476 1620 528 post
1641 474 1796 518 diebus,

407 563 526 602 quam
562 551 672 588 Luca
706 547 934 591 discesserat,
965 545 1230 584 conveniffet:
1272 545 1348 587 Te,
1381 542 1527 595 inquit,
1560 540 1689 593 ipsum
1725 553 1795 577 cu-

409 616 475 667 pio
494 630 502 653 :
536 614 638 652 nihil
659 613 893 666 oportunius
914 611 1046 664 potuit
1066 609 1240 647 accidere
1259 624 1267 646 :
1302 608 1371 646 nifi
1398 621 1491 645 cum
1520 607 1659 644 Marco
1681 604 1798 643 fratre

408 681 618 733 diligenter
642 679 781 731 egeris,
813 676 1115 729 dependendum
1146 674 1222 712 tibi
1254 673 1321 718 est,
1353 673 1460 725 quod
1491 671 1593 710 mihi
1625 684 1695 723 pro
1728 670 1799 707 illo

408 744 679 798 spospondisti.
699 743 809 795 Qid
826 742 974 780 multa?
998 741 1154 794 questus
1171 740 1223 778 est
1239 740 1426 792 graviter:
1452 738 1515 776 sua
1531 738 1670 775 merita
1685 750 1797 774 com-

408 811 667 849 memoravit:
701 809 799 862 quid
828 808 961 860 egisset
992 807 1190 860 saepiffime
1220 806 1267 843 de
1297 805 1389 843 actis
1422 803 1580 842 Caesaris
1602 816 1695 841 cum
1715 801 1799 854 ipso

410 891 498 915 meo
530 876 662 921 fratre,
694 875 869 928 quidque
901 873 972 911 fibi
1005 874 1035 910 is
1069 873 1115 910 de
1147 886 1210 910 me
1246 870 1458 924 recepisset,
1491 870 1531 907 in
1567 869 1801 907 memoriam

411 943 587 995 redegit:
622 942 749 993 seque,
782 955 867 994 quae
898 940 944 977 de
974 953 1060 977 mea
1089 939 1209 976 salute
1239 938 1385 989 egisset,
1418 936 1620 974 voluntate
1642 934 1800 973 Caesaris

409 1009 538 1061 egiffe,
570 1008 699 1060 ipsum
720 1021 855 1045 meum
875 1005 1036 1043 fratrem
1059 1004 1215 1042 testatus
1236 1003 1314 1041 est:
1347 1003 1460 1055 cujus
1481 1001 1636 1040 causam
1667 1000 1800 1052 digni-

412 1084 610 1127 tatemque
631 1073 733 1111 mihi
754 1082 797 1110 ut
818 1070 1126 1115 commendaret,
1160 1071 1324 1122 rogavit,
1354 1078 1398 1107 ut
1418 1082 1503 1106 eam
1525 1081 1572 1106 ne
1593 1080 1801 1119 oppugna-

411 1154 508 1185 rem,
541 1141 566 1177 fi
589 1140 752 1183 nollem,
779 1148 845 1176 aut
866 1151 943 1175 non
967 1136 1126 1189 possem,
1151 1136 1266 1174 tueri.
1300 1136 1399 1173 Haec
1420 1148 1513 1173 curn
1533 1133 1581 1171 ad
1601 1147 1665 1171 me
1685 1132 1804 1170 frater

410 1205 640 1259 pertulisset,
672 1214 710 1242 et
741 1219 834 1242 cum
866 1213 953 1241 ante
987 1212 1116 1240 tamen
1150 1202 1362 1254 Pompeius
1395 1201 1442 1238 ad
1473 1215 1537 1238 me
1564 1214 1657 1238 cum
1688 1212 1804 1237 man-

410 1272 509 1310 datis
532 1270 761 1308 Vibullium
783 1269 953 1313 mififfet,
987 1277 1030 1305 ut
1060 1269 1260 1320 integrum
1281 1266 1383 1305 mihi
1405 1266 1451 1304 de
1472 1266 1583 1304 causa
1604 1266 1806 1317 Campana

411 1337 459 1376 ad
480 1337 594 1375 suurn
614 1336 785 1374 reditum
808 1335 1052 1378 reservarem,
1075 1334 1220 1385 collegi
1240 1333 1320 1385 ipse
1337 1346 1414 1377 me,
1433 1342 1470 1370 et
1491 1346 1584 1370 cum
1605 1331 1685 1384 ipsa
1700 1331 1806 1383 quasi

413 1402 615 1456 republica
636 1402 858 1440 collocutus
881 1400 965 1438 sum
984 1418 994 1444 5
1030 1408 1072 1437 ut
1100 1398 1201 1437 mihi
1230 1407 1309 1436 tam
1338 1399 1466 1436 multa
1484 1412 1556 1450 pro
1576 1397 1612 1434 se
1632 1395 1807 1450 perpeffo

411 1479 528 1523 atque
562 1468 770 1523 perfuncto
805 1467 1050 1511 concederet,
1088 1475 1131 1504 ut
1165 1465 1345 1504 officium
1380 1478 1530 1509 meum,
1562 1475 1805 1501 memorem-

412 1537 546 1590 quein
568 1536 666 1574 bene
683 1536 843 1573 meritos
865 1534 1058 1578 animum,
1078 1532 1276 1585 fidemque
1296 1530 1427 1569 fratris
1449 1531 1542 1575 mei,
1563 1529 1804 1582 praestarem;

412 1615 598 1655 eumque,
630 1616 750 1655 quem
772 1602 924 1639 bonum
944 1600 1072 1638 civem
1093 1598 1243 1651 semper
1264 1596 1470 1642 habuisset,
1503 1597 1655 1634 bonum
1676 1596 1808 1633 virum

413 1668 486 1707 effe
520 1677 729 1721 pateretur.
782 1667 828 1704 In
863 1666 943 1703 illis
978 1674 1109 1703 autem
1144 1664 1241 1702 meis
1272 1663 1492 1702 actionibus
1528 1661 1808 1713 sententiisque

413 1734 616 1779 omnibus,
648 1747 734 1784 quae
755 1732 992 1784 Pompeium
1011 1730 1247 1769 videbantur
1267 1729 1479 1774 offendere,
1511 1738 1710 1766 certorum
1730 1727 1807 1765 ho-

415 1801 587 1845 minum,
620 1812 718 1852 quos
745 1799 830 1851 jam
863 1797 979 1835 debes
1013 1796 1211 1848 suspicari,
1244 1796 1438 1833 sermones
1467 1793 1735 1832 referebantur
1761 1793 1808 1831 ad

415 1881 506 1906 me:
540 1866 625 1920 qui,
657 1879 751 1904 cum
782 1865 851 1902 illa
881 1863 1068 1902 sentirent
1100 1863 1141 1900 in
1174 1862 1389 1915 republica,
1422 1875 1507 1912 quae
1535 1873 1608 1912 ego
1628 1860 1807 1912 agebam,

416 1933 645 1985 semperque
666 1929 874 1974 senfiffent,
906 1942 970 1966 me
991 1938 1121 1966 tamen
1144 1941 1222 1965 non
1244 1925 1461 1965 satisfacere
1484 1925 1690 1978 Pompeio,
1718 1925 1808 1963 Cae-

416 1998 616 2050 saremque
650 1995 966 2034 inimiciffimum
1001 1993 1103 2032 mihi
1138 1993 1336 2038 futurum,
1370 1990 1537 2044 gaudere
1567 1990 1603 2028 se
1637 1990 1806 2028 aiebant.

417 2065 512 2103 Erat
532 2063 609 2102 hoc
630 2061 732 2101 mihi
753 2061 968 2100 dolendum
988 2076 996 2099 ε
1021 2060 1083 2099 sed
1105 2060 1235 2098 multo
1255 2059 1357 2097 illud
1378 2058 1518 2110 magis,
1542 2056 1648 2110 quod
1670 2056 1810 2094 inimi-

416 2144 510 2169 cum
531 2143 680 2174 meum,
715 2130 868 2181 (meum
898 2127 1061 2166 autem?
1093 2126 1220 2165 immo
1249 2139 1339 2163 vero
1369 2125 1519 2177 legum,
1545 2122 1809 2175 judiciorum,

416 2196 504 2242 otii,
523 2196 669 2249 patriae,
688 2195 885 2233 bonorum
901 2192 1101 2242 omnium)
1122 2193 1172 2230 fic
1188 2191 1527 2245 amplexabantur,
1546 2190 1597 2227 fic
1616 2189 1659 2226 in
1679 2189 1810 2227 mani-

419 2263 491 2301 bus
512 2261 724 2307 habebant,
748 2261 797 2299 fic
819 2260 1020 2306 fovebant,
1043 2260 1093 2298 fic
1115 2273 1178 2297 me
1200 2258 1384 2311 praesente
1403 2256 1702 2301 osculabantur,
1730 2267 1812 2293 non

420 2328 481 2367 illi
502 2328 678 2380 quidem,
711 2337 754 2367 ut
775 2327 877 2366 mihi
897 2326 1145 2365 stomachum
1174 2325 1362 2370 facerent,
1395 2337 1514 2377 quem
1535 2336 1608 2375 ego
1628 2321 1811 2360 funditus

421 2393 589 2447 perdidi,
612 2393 675 2431 sed
695 2402 799 2432 certe
820 2404 863 2433 ut
884 2392 1010 2432 facere
1031 2393 1067 2430 se
1083 2392 1377 2430 arbitrarentur.
1412 2390 1493 2427 Hic
1510 2402 1597 2441 ego,
1616 2396 1811 2440 quantum

419 2460 596 2499 humano
617 2459 778 2497 confilio
798 2461 950 2499 efficere
972 2460 1098 2512 potui,
1131 2456 1424 2509 circumspectis
1456 2455 1570 2492 rebus
1602 2454 1698 2491 meis
1720 2465 1810 2490 om·-

422 2527 554 2570 nibus,
591 2525 885 2577 rationibusque
924 2525 1140 2569 subductis,
1177 2523 1370 2562 summam
1406 2520 1483 2559 feci
1523 2518 1812 2572 cogitationum

506 2594 648 2631 ΤοΜ.
681 2591 776 2630 VII.
1478 2588 1510 2622 C
