2351 2997
631 244 722 282 AD
781 232 1246 278 FAMILIARES
1306 230 1566 269 LIB.X1.
1714 241 1790 281 293

550 478 605 516 D.
638 476 877 514 BRUTUS
920 469 983 507 M.
1016 469 1070 508 T.
1104 468 1406 506 CrcERON1
1450 463 1487 501 S.
1521 463 1566 502 P.
1600 464 1654 501 D.

416 607 574 648 XXIII.
697 602 772 640 OS
800 601 856 639 hic
877 600 1035 638 valemus
1056 599 1175 639 νεὲῗες
1200 602 1246 639 et,
1269 606 1333 645 quo
1356 592 1477 630 melius
1498 591 1693 635 valeatmls,
1716 597 1791 642 ope·

708 680 787 704 ram
808 665 976 703 dabimus.
1009 659 1166 714 Lepidus
1187 656 1357 695 commode
1378 656 1418 694 de
1439 654 1673 708 nobissenta‘re
1694 653 1792 692 vide-

418 748 490 778 tur.
524 737 633 775 Omni
650 734 772 772 timore
792 730 945 783 depffim,
965 726 1122 764 debemus
1143 723 1248 760 libere
1269 721 1469 774 reipzcblicae
1486 720 1670 772 confidere.
1692 718 1799 769 Qcod

405 804 445 857 fl
461 802 576 840 omnia
597 800 693 850 effent
716 796 845 841 aliena,
869 803 984 831 tamen
1006 790 1116 828 tribus
1137 787 1244 826 tantis
1263 785 1466 824 exercitibus
1480 783 1637 838 propriis
1656 783 1793 836 reipab-

419 869 499 907 licae
518 865 729 909 valentibus,
763 873 930 911 magnum
964 856 1118 894 animum
1151 852 1276 890 habere
1302 849 1457 897 debebas,
1491 863 1590 902 quem
1617 847 1797 900 etsemper

422 931 585 983 habug'sti,
616 939 648 967 et
669 940 771 973 nunc,
792 923 947 978 fortuna
969 920 1177 973 adjuvante,
1209 930 1338 968 augere
1351 924 1462 968 potes.
1502 915 1596 964 Qtae
1617 911 1796 964 tibistcpe-

422 997 573 1036 rioribus
592 993 704 1033 literis
724 1004 801 1029 mea
822 1002 927 1027 manu
935 985 1074 1040 sempsi,
1107 981 1264 1021 terrendi
1286 980 1340 1018 tui
1358 994 1423 1018 cau
1440 994 1462 1017 cz
1483 978 1634 1016 homines
1652 977 1796 1030 loquun-

424 1072 496 1101 tur.
533 1059 729 1114 Sisrenum
751 1052 988 1098 momorderis,
1013 1059 1171 1104 peream,
1187 1047 1227 1100 st
1243 1056 1276 1085 te
1296 1059 1420 1090 omnes,
1444 1052 1524 1098 quot
1534 1043 1637 1096 sunt,
1668 1055 1797 1079 comm-

425 1138 492 1167 tem
512 1125 717 1179 loquiserre
731 1119 899 1176 poterint.
947 1119 1046 1169 Ego,
1080 1113 1145 1152 tibi
1164 1121 1204 1150 ut
1229 1110 1477 1164 antea-scripfi,
1510 1107 1591 1145 dum
1619 1106 1707 1145 mihi
1725 1121 1748 1145 a
1768 1114 1800 1144 te

426 1192 540 1231 liserae
562 1189 720 1236 veniant,
753 1186 789 1225 in
809 1183 920 1223 Italia
942 1180 1116 1220 morabor.
1149 1193 1217 1217 Vm.
1241 1176 1328 1214 Kal.
1352 1177 1449 1229 Jun.
1474 1171 1672 1226 Eporedia.

700 1390 940 1428 CICERO
982 1383 1283 1422 D.BRUT0
1326 1380 1363 1417 S.
1397 1378 1441 1416 P.
1476 1377 1530 1415 D.

427 1520 581 1560 XXIV.
606 1517 731 1589 NA
747 1517 784 1554 R
798 1515 834 1552 R
850 1515 885 1552 O
918 1513 1009 1557 tibi,
1039 1518 1150 1549 antea
1170 1506 1430 1546 subirascebar
1451 1501 1631 1541 brevitati
1652 1510 1809 1539 tuarum

714 1582 935 1619 literarum:
960 1589 1064 1614 nunc
1086 1573 1187 1612 mihi
1209 1573 1353 1624 loquax
1374 1570 1445 1608 effe
1467 1568 1611 1607 videor.
1648 1568 1709 1604 Te
1730 1566 1808 1617 igi-

429 1661 493 1690 tur
525 1648 723 1688 imitabor.
771 1647 903 1696 Qarn
934 1641 1060 1680 multa
1093 1652 1212 1691 quam
1243 1637 1409 1690 paucis?
1442 1636 1504 1673 Te
1537 1634 1638 1671 reite
1670 1631 1811 1674 valere,

429 1727 665 1770 operamque
687 1712 788 1756 dare,
811 1719 855 1747 ut
877 1707 1053 1761 quotidie
1073 1705 1215 1743 melius
1234 1718 1243 1741 ε
1277 1701 1476 1753 Lepidum
1496 1696 1703 1736 commode
1725 1695 1811 1732 sen-

434 1783 534 1820 tire:
574 1780 699 1818 tribus
734 1774 970 1815 exercitibus
1004 1769 1159 1825 quidvis
1195 1781 1265 1806 nos
1300 1774 1478 1819 oportere
1511 1761 1720 1801 confidere.
1774 1760 1814 1797 Si

432 1846 596 1885 timidus
617 1844 746 1888 effem,
778 1850 907 1879 tamen
930 1838 998 1875 ista
1016 1835 1177 1888 epistola
1195 1831 1297 1870 mihi
1317 1844 1478 1869 omnem
1498 1837 1650 1866 metum
1670 1824 1814 1863 abster-

432 1912 544 1951 siffes.
592 1910 678 1954 Sed,
710 1916 754 1946 ut
781 1918 931 1949 mones,
962 1903 1120 1941 frenum
1140 1897 1351 1938 momordi.
1397 1894 1560 1933 Etenim
1581 1893 1664 1945 qui,
1696 1900 1734 1929 te
1754 1891 1814 1927 in-

435 1978 557 2021 cluso,
589 1988 748 2013 omnem
769 1972 876 2024 spem
897 1968 1102 2008 habuerim
1123 1967 1164 2003 in
1186 1974 1238 2010 te,
1265 1961 1360 2016 quid
1382 1974 1487 1999 nunc
1508 1967 1621 2012 putas
1641 1959 1653 1995 ?
1686 1956 1818 2009 Cupio

429 2045 513 2096 jam
534 2041 712 2093 vigiliam
732 2051 875 2081 meam,
908 2037 1040 2078 Brute,
1073 2032 1148 2070 tibi
1180 2029 1354 2073 tradere;
1388 2026 1451 2064 sed
1481 2026 1534 2062 ita
1564 2033 1608 2061 ut
1633 2036 1679 2060 ne
1700 2021 1820 2059 defim

436 2107 659 2147 constantiae
680 2117 789 2142 meae.
836 2100 956 2151 Qod
984 2097 1134 2142 scribis,
1166 2097 1206 2133 in
1235 2095 1347 2134 Italia
1376 2102 1413 2130 te
1434 2099 1692 2133 moraturum,
1724 2088 1820 2125 dum

437 2174 513 2212 tibi
547 2173 667 2210 literae
703 2183 796 2207 meae
831 2167 1015 2209 veniant-3
1057 2163 1083 2201 fi
1119 2175 1186 2214 per
1219 2160 1370 2198 hostem
1404 2158 1512 2202 licet,
1544 2169 1623 2194 non
1656 2155 1818 2192 erraris:

438 2239 565 2278 multa
593 2237 700 2275 enim
732 2235 884 2271 Romae.
932 2231 997 2267 Sin
1028 2228 1197 2267 adventu
1230 2235 1298 2263 tuo
1325 2223 1476 2262 bellum
1507 2221 1650 2259 confici
1682 2218 1819 2272 potest,

440 2303 542 2343 nihil
571 2303 615 2341 fit
644 2300 857 2352 antiquius.
906 2295 1090 2340 Pecunia,
1121 2290 1404 2346 expeditiflima
1424 2303 1509 2342 quae
1532 2296 1626 2332 erat,
1658 2286 1732 2323 tibi
1753 2284 1822 2321 de-

440 2378 544 2408 creta
570 2367 636 2406 est.
684 2366 817 2404 Habes
845 2361 1151 2401 amantiffimum
1179 2358 1369 2398 Servium.
1417 2355 1503 2395 Nos
1525 2367 1604 2392 non
1625 2351 1825 2390 desumus,

441 2434 553 2473 Vale.
587 2445 691 2472 vm.
722 2429 813 2470 Idus
835 2429 985 2481 JuniaS.
