2351 2997
560 259 631 310 198
926 256 1604 296 EPISTOLARUM

555 366 686 402 autem,
701 357 743 406 si
767 356 981 395 Parthicum
1010 356 1133 394 bellum
1151 356 1235 399 erit,
1266 355 1342 395 haec
1361 369 1426 394 cau
1441 370 1464 393 a
1478 356 1612 408 primos
1630 355 1754 408 menses
1772 362 1922 407 occupa-

557 423 624 461 bit.
670 423 732 461 Sin
753 431 869 460 autem
888 435 954 459 non
974 422 1044 458 erit
1063 421 1135 473 istic
1153 420 1290 463 bellum,
1320 429 1386 458 aut
1415 430 1556 458 tantum
1582 421 1665 464 erit,
1697 429 1739 457 ut
1767 434 1830 458 vos
1855 428 1922 458 aut=

539 487 761 541 succeffo‘res,
785 487 916 538 parvis
946 485 1074 523 additis
1101 485 1218 536 copiis,
1236 484 1408 537 sustinere
1428 486 1582 536 poſjint3
1615 485 1799 523 Curionem
1825 484 1924 524 video

539 554 586 603 st
605 551 789 604 dupliciter
795 551 1025 602 jacftaturum
1042 566 1054 588 :
1078 550 1250 602 primum,
1274 559 1315 587 ut
1333 549 1470 602 aliquid
1486 551 1624 602 Caesari
1638 550 1772 588 adimat
1787 568 1799 594 3
1830 549 1922 594 inde,

557 627 598 656 ut
617 616 753 669 aliquid
777 616 937 668 Pompeio
957 615 1112 659 tribuat,
1143 614 1295 667 quidvis,
1327 614 1514 667 quamlibet
1544 625 1645 653 tenue
1672 616 1923 666 munusculum.

557 683 695 720 Paulus
707 690 818 734 porro
844 695 910 718 non
939 680 1087 718 humane
1114 680 1154 718 de
1175 680 1365 732 provincia
1394 680 1550 732 loquitur
1565 696 1579 718 :
1609 680 1711 731 hujus
1738 679 1931 731 cupiditati

556 747 763 801 occursurus
791 745 834 797 ⁶ss
863 746 1023 785 Furnius
1050 746 1172 800 noster.
1219 746 1347 784 Plures
1352 746 1535 799 stypicari
1559 760 1626 784 non
1647 744 1790 797 pcffum.
1833 746 1927 785 Haec

557 814 669 852 novi:
699 813 783 856 alia,
805 825 883 865 quae
896 812 1035 865 poffitnt
1053 811 1219 855 accidere,
1250 825 1317 849 non
1336 825 1450 850 cerno.
1483 812 1610 849 Multa
1630 819 1764 863 tempus
1781 810 1925 862 afferre,

557 889 592 918 et
617 887 834 931 praeparata
859 878 984 921 multa,
1002 877 1079 930 scio
1095 893 1108 916 .-
1129 876 1198 931 sed
1224 876 1324 914 intra
1339 877 1434 928 fines
1459 876 1530 920 hos,
1561 890 1772 929 quaecunque
1790 873 1926 914 accide-

558 944 649 988 rint,
680 952 884 982 vertentur.
927 941 1025 980 Illud
1037 941 1123 980 addo
1142 941 1191 979 ad
1205 941 1352 979 ac‘Iiones
1372 942 1417 979 C.
1444 941 1620 985 Curionis,
1650 940 1690 978 de
1708 955 1796 992 agro
1817 941 1927 978 Cam-

552 1018 646 1062 pano
663 1024 676 1047 .·
706 1008 746 1046 de
765 1022 829 1060 quo
848 1016 981 1059 negant
1001 1009 1173 1060 Ca’fizrem
1192 1006 1353 1045 laborare
1369 1024 1380 1050 ς
1400 1005 1471 1058 sed
1486 1006 1686 1057 Pompeium
1705 1005 1808 1043 valde
1827 1005 1926 1049 nolle,

559 1089 600 1112 ne
619 1088 752 1112 vacuus
770 1072 976 1111 advenienti
993 1073 1131 1125 Caesari
1139 1081 1281 1124 pateat.
1328 1070 1432 1122 Qtod
1454 1071 1504 1109 ad
1530 1080 1629 1109 tuum
1658 1070 1816 1122 deceffitm
1833 1070 1928 1108 atti-

558 1149 632 1184 net,
663 1137 752 1177 illud
774 1138 845 1176 tibi
871 1152 937 1176 non
962 1137 1092 1190 poffiem
1111 1137 1282 1190 polliceri,
1313 1151 1364 1174 me
1391 1146 1603 1174 curaturum
1622 1145 1663 1173 ut
1683 1135 1752 1173 tibi
1755 1134 1928 1187 succeda-

557 1214 622 1243 tur
638 1219 651 1242 .·
682 1201 770 1241 illud
783 1212 878 1240 certe
889 1202 1077 1255 praestabo,
1107 1216 1149 1240 ne
1167 1201 1316 1254 amplius
1326 1209 1556 1253 prorogetur.
1590 1197 1662 1239 Tui
1679 1200 1808 1250 constlii
1823 1199 1933 1251 tstast

559 1277 706 1321 tempus,
722 1268 765 1318 st
768 1269 932 1320 st‘natus,
953 1276 1064 1320 coget,
1079 1268 1122 1318 si
1135 1267 1264 1319 honeste
1282 1281 1306 1305 a
1324 1266 1419 1305 nobis
1437 1267 1596 1319 recustiri
1613 1280 1679 1304 non
1692 1265 1842 1317 poterit,
1863 1278 1930 1302 ve-

558 1335 641 1387 lisne
652 1335 882 1386 perstverare
898 1349 910 1371 .·
942 1333 1010 1371 mei
1033 1333 1135 1384 officii
1159 1332 1203 1384 est
1229 1331 1369 1371 memini
1391 1346 1420 1377 e,
1451 1346 1521 1384 qua
1539 1330 1757 1384 obtestatione
1774 1328 1931 1368 decedens

558 1399 657 1444 mihi,
687 1413 730 1438 ne
741 1407 892 1451 paterer
897 1399 1000 1450 fieri,
1028 1397 1222 1438 mandaris.
1255 1400 1294 1437 V
1287 1398 1353 1436 ale⁴

899 1596 1150 1633 CAELIUS
1193 1595 1512 1632 CICERONI
1555 1593 1592 1630 S.

561 1725 636 1762 XI.
655 1721 790 1797 ΝΟ
803 1724 852 1762 Ν
862 1721 934 1767 diu,
938 1721 1011 1775 ſsd
1024 1722 1171 1765 acriter,
1193 1735 1251 1759 nos
1270 1728 1344 1759 tuce
1349 1720 1625 1772 fitpplicationes
1640 1720 1818 1773 torst‘runt
1829 1735 1843 1758 .·
1872 1718 1931 1757 in-

764 1788 956 1828 cideramus
974 1787 1061 1825 enim
1080 1787 1117 1825 in
1137 1786 1302 1837 difficilem
1321 1784 1459 1824 nodum.
1508 1787 1607 1824 Nam
1627 1786 1736 1824 Curio
1755 1785 1814 1824 tui
1829 1784 1930 1837 cupi-

562 1855 721 1906 dffmus,
762 1854 822 1893 cui
850 1853 1004 1892 omnibus
1036 1853 1231 1890 rationibus
1265 1850 1450 1890 comitiales
1483 1851 1736 1903 eripiebantur,
1781 1850 1934 1902 negabat

552 1922 594 1974 fi
614 1922 680 1959 ullo
698 1920 790 1959 modo
802 1920 890 1971 pati
901 1918 989 1971 poſje
1006 1918 1146 1956 decerni
1148 1916 1422 1970 stipplicationes
1435 1933 1447 1959 3
1477 1930 1532 1960 ne,
1563 1916 1655 1968 quod
1661 1916 1796 1968 furore
1824 1914 1938 1952 Pauli

563 1986 709 2038 adeptus
740 1986 817 2038 efflet
850 1984 941 2029 boni,
958 1986 1032 2036 sica
1064 1984 1166 2036 culpa
1199 1982 1384 2021 videretur
1416 1981 1566 2034 amistſje,
1602 1993 1636 2020 et
1664 1981 1935 2034 praevaricator

564 2052 675 2104 caufie
688 2051 839 2103 publicae
858 2049 1128 2102 affirmaretur.
1173 2050 1300 2101 Itaque
1328 2046 1379 2085 ad
1395 2047 1591 2099 pab'lionem
1619 2046 1870 2097 descensionum
1900 2053 1936 2082 et

564 2115 821 2167 confirmarunt
853 2114 1013 2167 consules,
1030 2115 1074 2166 se
1104 2114 1158 2152 his
1179 2112 1489 2166 supplicationibus
1518 2113 1554 2150 in
1581 2113 1676 2150 hunc
1707 2125 1838 2150 annum
1869 2123 1937 2148 non

566 2196 588 2218 u
606 2195 698 2219 uros.
745 2181 873 2224 Plane,
904 2178 996 2232 quod
1018 2179 1174 2232 utrisque
1199 2177 1389 2228 consulibus
1413 2178 1558 2230 gratias
1588 2192 1688 2230 agas,
1720 2176 1790 2228 ss3
1821 2175 1936 2214 Paulo

565 2247 678 2299 magis
695 2255 789 2284 certe
803 2261 817 2284 .·
846 2259 928 2283 nam
958 2246 1153 2283 Marcellus
1169 2245 1226 2297 fic
1243 2242 1430 2296 respondit,
1446 2244 1595 2296 stspem
1618 2243 1654 2281 in
1673 2241 1935 2295 istisficpplica-

566 2312 717 2350 tionibus
735 2325 801 2350 non
821 2310 948 2349 habere
963 2328 975 2355 ;
1006 2311 1158 2354 Paulus,
1174 2311 1218 2362 st'
1249 2309 1381 2348 omnino
1401 2309 1436 2347 in
1455 2309 1549 2348 hunc
1566 2322 1697 2347 annum
1715 2321 1782 2346 non
1801 2305 1935 2345 edietu-

567 2392 661 2416 rum.
707 2376 966 2415 Renuntiatum
985 2376 1079 2414 nobis
1098 2384 1191 2419 erat,
1223 2376 1381 2413 Hirrum
1398 2374 1532 2412 diutius
1561 2374 1736 2413 dicturum
1749 2389 1764 2412 .·
1786 2371 1937 2425 prendi-

567 2458 643 2482 mus
674 2457 762 2481 eum.
806 2443 890 2480 Non
915 2441 1008 2479 modo
1038 2455 1104 2479 non
1120 2440 1230 2493 fecit,
1248 2439 1327 2491 βτί,
1358 2453 1434 2478 cum
1460 2439 1502 2478 de
1528 2439 1674 2492 hostibus
1691 2448 1874 2491 ageretur,
1902 2445 1938 2475 et

562 2508 670 2562 pqffl’t
689 2522 762 2547 rem
780 2505 956 2560 impedire,
964 2506 1016 2558 st,
1046 2515 1088 2546 ut
1106 2515 1372 2551 numeraretur,
1386 2504 1592 2558 postularet,
1622 2505 1751 2545 tacuit.
1783 2499 1938 2543 Tantum
