2351 2997
535 213 559 250 6
883 207 1563 247 EPISTOLARUM

685 443 748 481 M.
781 444 834 481 T.
869 443 917 480 C.
952 443 995 480 P.
1030 443 1320 479 LENTULO
1354 442 1597 479 PRocos.
1631 442 1668 480 S.
1702 443 1757 480 D.

536 573 587 610 V
579 569 690 643 ,T
703 572 740 608 A
754 571 803 608 M
818 572 850 608 E
864 572 901 608 T
917 571 939 607 S
956 571 972 608 I
994 568 1095 607 mihi
1116 568 1217 606 nihil
1238 568 1316 607 fuit
1336 569 1521 620 optatius,
1540 582 1658 621 quam
1675 578 1718 606 ut
1738 570 1913 622 primum

721 636 787 674 abs
810 645 847 673 te
866 635 963 688 ipso,
995 634 1134 673 deinde
1154 648 1175 671 a
1193 635 1340 672 caeteris
1368 635 1568 679 omnibus,
1600 647 1718 687 quam
1745 636 1912 686 gratifli-

535 717 624 741 mus
657 716 746 755 erga
777 711 814 740 te
845 701 916 740 effe
948 700 1226 753 cognoscerem
1259 709 1387 737 tamen
1415 700 1563 737 afficior
1589 700 1743 738 summo
1765 700 1911 746 dolore,

534 769 725 820 ejusmodi
747 778 922 819 tempora
941 767 1025 819 post
1046 776 1153 804 tuam
1175 764 1457 817 profedfionem
1478 765 1683 803 consecuta
1703 766 1788 811 effe,
1811 776 1855 804 ut
1875 776 1913 805 et

534 848 661 872 meam
681 843 719 872 et
739 842 968 871 caeterorum
987 845 1078 884 erga
1098 840 1135 869 te
1156 831 1274 868 fidem
1295 840 1333 867 et
1353 830 1667 868 benevolentiam
1688 831 1820 869 absens
1842 846 1912 870 ex-

533 900 713 951 perirere.
746 899 806 936 Te
826 898 956 936 videre
976 906 1014 935 et
1035 897 1189 941 sentire,
1219 894 1382 933 eandem
1405 895 1523 933 fidem
1545 897 1615 934 effe
1639 895 1850 934 hominum
1871 897 1913 935 in

533 975 600 1003 tua
619 965 823 1017 dignitate,
854 976 972 1016 quam
1001 976 1074 1015 ego
1103 963 1144 999 in
1174 975 1260 999 mea
1287 961 1407 999 salute
1433 962 1518 999 sum
1538 971 1735 1014 expertus,
1766 976 1813 1000 ex
1835 963 1913 1000 tuis

534 1032 656 1069 literis
689 1031 882 1068 intellexi.
929 1031 1015 1068 Nos
1050 1042 1143 1067 curn
1177 1029 1348 1066 maxime
1381 1029 1562 1072 confilio,
1594 1028 1734 1072 studio,
1765 1029 1910 1073 labore,

532 1098 667 1149 gratia,
699 1097 746 1134 de
766 1096 877 1133 causa
895 1096 1000 1147 regia
1018 1095 1246 1137 niteremur,
1278 1093 1407 1130 subito
1427 1103 1560 1130 exorta
1585 1093 1638 1130 est
1667 1093 1812 1131 nefaria
1833 1095 1911 1132 Ca-

533 1163 635 1200 tonis
671 1161 957 1214 promulgatio,
993 1173 1078 1212 quae
1113 1158 1239 1196 nostra
1271 1158 1394 1196 studia
1427 1158 1657 1210 impediret,
1689 1167 1727 1196 et
1761 1159 1911 1197 animos

531 1241 553 1265 a
582 1227 733 1265 minore
765 1239 856 1263 cura
881 1225 928 1262 ad
960 1224 1159 1262 summum
1191 1223 1375 1260 timorem
1403 1223 1633 1261 traduceret.
1680 1223 1753 1260 Sed
1782 1232 1911 1261 tamen

532 1295 572 1331 in
607 1292 834 1345 hujusmodi
867 1291 1160 1344 perturbatione
1198 1303 1325 1327 rerum
1341 1319 1352 1334 ,
1388 1303 1614 1342 quanquam
1652 1290 1785 1327 omnia
1822 1290 1911 1329 sunt

532 1358 754 1402 metuenda,
786 1357 887 1395 nihil
917 1357 1040 1408 magis
1070 1369 1189 1408 quam
1218 1355 1422 1407 perfidiam
1453 1355 1666 1399 timemus;
1697 1364 1736 1393 et
1769 1357 1913 1394 Catoni

531 1424 707 1477 quidem,
739 1436 898 1476 quoquo
919 1421 1037 1460 modo
1057 1421 1093 1459 se
1114 1435 1171 1459 res
1192 1420 1347 1466 habeat,
1378 1419 1552 1473 profeem
1582 1420 1803 1459 resistimus.
1850 1422 1912 1459 De

530 1490 798 1528 Alexandrina
813 1503 866 1534 re,
884 1488 1071 1540 causaque
1088 1487 1206 1540 regia,
1225 1496 1380 1525 tantum
1399 1485 1524 1524 habeo
1540 1486 1734 1538 polliceri,
1752 1501 1815 1525 me
1836 1487 1911 1525 tibi

530 1556 679 1594 absenti
706 1555 859 1607 tuisque
885 1554 1138 1607 praesentibus
1170 1553 1369 1591 cumulate
1395 1552 1695 1591 satisfaeturum.
1742 1553 1815 1590 Sed
1842 1567 1909 1591 ve·-

529 1635 628 1667 reor,
651 1635 699 1659 ne
719 1630 785 1658 aut
805 1620 989 1672 eripiatur
1010 1618 1120 1657 causa
1139 1618 1242 1670 regia
1262 1618 1391 1662 nobis,
1414 1627 1480 1656 aut
1501 1617 1714 1656 deseratur:
1738 1631 1909 1669 quorum

529 1696 665 1726 utrum
685 1687 816 1725 minus
836 1686 971 1730 velim,
1000 1698 1079 1723 non
1099 1683 1214 1722 facile
1234 1684 1386 1736 pofl'um
1406 1683 1637 1722 existimare.
1685 1683 1771 1728 Sed,
1803 1684 1829 1722 fi
1851 1697 1910 1723 res

527 1762 657 1805 coget,
688 1751 740 1790 est
774 1751 962 1804 quiddam
996 1750 1173 1794 tertium,
1203 1749 1311 1802 quod
1339 1763 1466 1801 neque
1498 1749 1653 1793 Selicio,
1686 1762 1757 1786 nec
1788 1749 1907 1795 mihi,

528 1817 758 1872 displicebat
773 1835 786 1862 ;
819 1825 863 1854 ut
887 1829 1013 1868 neque
1027 1815 1155 1867 jacere
1175 1827 1307 1866 regem
1327 1823 1562 1866 pateremur,
1594 1827 1680 1858 nec,
1711 1814 1825 1852 nobis
1846 1829 1908 1853 re·-

528 1882 812 1937 pugnantibus,
843 1881 891 1919 ad
924 1894 1016 1919 eurn
1050 1879 1206 1925 deferri,
1237 1880 1283 1917 ad
1319 1894 1437 1932 quem
1472 1893 1592 1932 prope
1620 1881 1703 1932 jam
1735 1880 1910 1919 delatum

528 1949 783 1989 existimatur.
815 1949 853 1985 A
873 1948 986 1986 nobis
1007 1956 1170 1999 agentur
1190 1947 1323 1984 omnia
1342 1946 1571 1998 diligenter;
1596 1955 1639 1984 ut
1659 1960 1745 1991 nec,
1763 1947 1790 1985 fi
1811 1947 1908 1999 quid

528 2014 698 2053 obtineri
719 2013 877 2066 poterit,
909 2026 988 2051 non
1009 2011 1316 2057 contendamus;
1349 2025 1434 2056 nee,
1457 2011 1483 2048 fi
1504 2011 1599 2063 quid
1621 2024 1699 2048 non
1720 2011 1907 2050 obtinue-

529 2081 667 2125 rimus,
699 2079 839 2131 repulfi
860 2078 931 2116 effe
950 2078 1163 2116 videamur.
1209 2078 1306 2115 Tuae
1333 2077 1527 2129 sapientiae
1548 2076 1909 2129 magnitudinisque

527 2146 650 2184 animi
669 2145 738 2190 est,
754 2158 913 2183 omnem
934 2143 1237 2197 amplitudinem
1253 2151 1291 2180 et
1307 2143 1540 2195 dignitatem
1560 2151 1669 2180 tuam
1689 2142 1729 2179 in
1746 2142 1906 2187 virtute,

528 2221 644 2264 atque
664 2210 706 2249 in
727 2211 840 2249 rebus
861 2209 976 2262 gestis
998 2209 1091 2254 tuis,
1122 2218 1238 2261 atque
1263 2208 1303 2246 in
1334 2218 1400 2246 tua
1418 2208 1619 2260 gravitate,
1650 2208 1814 2259 pofitam
1835 2222 1905 2246 ex-

527 2277 709 2316 istimare.
730 2277 781 2314 'Si
797 2276 895 2329 quid
908 2289 956 2314 ex
972 2276 1019 2314 iis
1035 2275 1166 2320 rebus,
1183 2287 1278 2327 quas
1295 2275 1369 2312 tibi
1384 2273 1543 2312 fortuna
1561 2274 1700 2325 largita
1718 2273 1785 2318 est,
1804 2287 1905 2311 non-

527 2342 732 2381 nullorum
758 2341 970 2380 hominum
995 2340 1158 2395 perfidia
1183 2341 1406 2385 detraxerit,
1438 2339 1477 2377 id
1504 2339 1643 2392 majori
1662 2339 1741 2376 illis
1762 2338 1905 2384 fraudi,

527 2421 647 2460 quam
671 2407 761 2452 tibi,
791 2406 988 2446 futurum.
1033 2407 1072 2445 A
1090 2420 1154 2445 me
1173 2406 1332 2444 nullum
1352 2415 1505 2457 tempus
1527 2404 1840 2457 praetermittitur
1858 2403 1906 2441 de

528 2474 605 2513 tuis
627 2473 741 2513 rebus
757 2482 796 2511 et
810 2473 964 2526 agendi,
982 2481 1020 2512 et
1036 2471 1258 2526 cogitandi:
1283 2481 1447 2525 utorque
1463 2470 1510 2510 ad
1525 2470 1658 2508 omnia
1673 2469 1881 2521 QSelicio
1891 2487 1902 2514 3
