2351 2997
580 239 671 277 AD
730 238 1192 278 FAMILIARES
1253 241 1385 280 LIB.
1436 242 1552 282 XIII.
1685 261 1759 299 349

378 352 424 376 eo
445 337 497 376 est
517 338 621 390 quafi
643 338 838 375 sanctioris
859 337 1057 390 cujusdam
1081 339 1385 385 neceffitudinis,
1417 342 1523 393 quod
1554 342 1606 380 est
1634 344 1761 381 Attici

379 403 498 441 nostri
518 403 852 447 familiarifl'nnus,
884 417 1053 455 eumque
1081 418 1205 442 unum
1234 414 1372 457 praeter
1398 417 1554 445 caeteros
1587 409 1761 446 observat

379 481 422 505 ac
443 468 588 519 diligit.
623 469 754 518 Qem
777 468 801 505 fi
824 477 866 505 tu
882 469 965 520 jam
986 467 1087 506 forte
1109 470 1298 520 cognosti,
1330 479 1427 522 puto
1449 486 1511 509 me
1532 472 1622 517 hoc,
1654 474 1760 525 quod

377 532 495 578 facio,
526 533 651 572 facere
672 534 789 571 serius
809 549 817 571 ε
850 547 892 571 ea
911 534 963 571 est
983 536 1089 572 enim
1110 534 1352 574 humanitate
1372 546 1409 574 et
1431 538 1684 583 observantia,
1717 549 1762 576 ut

376 612 469 636 eum
491 600 565 637 tibi
586 600 669 651 jam
690 612 757 651 per
778 599 813 636 se
840 599 969 651 ipsum
997 600 1318 639 commendatum
1347 612 1499 653 putem.
1547 605 1666 655 Qod
1699 614 1757 642 ta-

377 678 469 701 men
491 665 516 701 fi
546 665 598 702 ita
618 664 684 708 est,
716 677 950 715 magnopere
970 677 990 700 a
1011 674 1047 701 te
1067 665 1210 716 quaeso,
1243 675 1286 703 ut
1316 667 1362 703 ad
1389 681 1473 704 eam
1501 669 1764 715 voluntatem,-

376 730 403 767 fi
424 743 542 781 quam
563 730 604 766 in
625 729 741 766 illum
761 737 849 766 ante
870 727 936 766 has
958 743 1062 766 meas
1083 730 1211 767 literas
1233 732 1448 777 contulisti,
1480 747 1597 785 quam
1630 736 1759 772 maxi-

376 808 464 832 mus
495 794 578 846 post
611 807 696 831 mea
726 794 1067 832 commendatione
1099 796 1282 833 cumulus
1314 797 1483 836 accedat.
1531 799 1596 836 Sin
1629 809 1760 838 autem

375 870 535 912 propter
555 860 827 898 verecundiam
849 860 954 898 suam
976 862 1106 900 minus
1129 862 1164 899 se
1192 862 1265 899 tibi
1293 863 1454 908 obtulit,
1487 874 1551 902 aut
1582 866 1759 904 nondum

377 939 469 963 eum
503 925 590 963 satis
625 923 743 962 habes
778 925 999 976 cognitum,
1040 935 1106 964 aut
1138 940 1224 979 quae
1256 927 1364 965 causa
1398 928 1465 973 est,
1497 943 1567 967 cur
1601 931 1758 982 majoris

377 990 731 1028 commendationis
760 990 959 1042 indigeat,
992 992 1042 1029 fic
1071 992 1145 1030 tibi
1166 1006 1255 1030 eum
1278 994 1528 1039 commendo,
1561 1005 1604 1033 ut
1632 1010 1763 1048 neque

376 1057 521 1107 majore
548 1054 675 1092 studio
702 1069 957 1107 quemquam,
988 1071 1115 1108 neque
1139 1057 1369 1109 justioribus
1402 1059 1449 1097 de
1479 1061 1612 1105 causis,
1644 1075 1758 1099 com*

375 1120 556 1158 mendare
591 1120 745 1172 poffim.
790 1121 1025 1174 Faciamque
1057 1122 1111 1167 id,
1143 1123 1251 1174 quod
1281 1123 1424 1162 debent
1456 1124 1581 1163 facere
1613 1127 1656 1171 ii,
1687 1128 1763 1179 qui,

375 1186 553 1238 religiose
573 1194 611 1222 et
631 1185 707 1223 fine
728 1185 942 1224 ambitione
963 1188 1240 1226 commendant
1258 1203 1267 1226 :
1300 1189 1498 1241 spondebo
1527 1192 1633 1229 enim
1667 1193 1755 1237 tibi,

375 1251 436 1289 vel
457 1252 587 1303 potius
610 1250 793 1302 spondeo,
825 1251 866 1288 in
886 1265 1027 1304 meque
1049 1253 1209 1305 recipio,
1241 1267 1304 1291 eos
1327 1254 1397 1292 effe
1425 1256 1501 1294 Μ’.
1527 1257 1639 1294 Curii
1666 1272 1755 1295 mo-

376 1329 448 1360 res,
472 1329 633 1367 eamque
655 1324 739 1352 turn
761 1316 1012 1367 probitatem,
1032 1327 1117 1355 tum
1138 1319 1255 1356 etiam
1275 1318 1576 1367 humanitatem,
1601 1332 1644 1360 ut
1664 1337 1762 1361 eumv

374 1390 414 1418 et
447 1381 620 1419 amicitia
654 1389 733 1424 tua,
768 1390 807 1418 et
841 1390 919 1419 tam
952 1392 1129 1420 accurata
1159 1385 1513 1432 commendatione,
1546 1388 1571 1425 fi
1605 1388 1678 1426 tibi
1710 1389 1756 1427 fit

375 1447 573 1498 cognitus,
604 1447 771 1497 dignum
803 1446 848 1484 fis
877 1447 1182 1487 existimaturus.
1229 1449 1339 1487 Mihi
1366 1461 1468 1489 certe
1497 1453 1759 1504 gratiffimum

373 1511 526 1557 feceris,
558 1513 584 1550 fi
616 1511 861 1557 intellexero,
892 1511 959 1550 has
994 1514 1123 1552 literas
1159 1522 1328 1561 tantum,
1359 1527 1553 1570 quantum
1584 1519 1761 1558 scribens

373 1577 634 1623 confidebam,
665 1576 767 1629 apud
789 1585 825 1614 te
844 1577 998 1629 pondus
1018 1578 1205 1619 habuiffe.
1239 1581 1350 1621 Vale.

756 1781 996 1819 CICERO
1049 1783 1278 1821 SERVIO
1329 1786 1366 1823 S.

372 1906 528 1944 XVIII.
553 1903 748 1976 NON
779 1909 1006 1954 concedam,
1039 1919 1082 1948 ut
1115 1912 1252 1949 Attico
1285 1912 1427 1957 nostro,
1460 1927 1579 1966 quem
1606 1914 1763 1953 elatum·

669 1972 805 2012 laetitia
833 1975 928 2019 vidi,
954 1975 1209 2026 jucundiores
1232 1986 1321 2022 tuae,
1354 1978 1567 2017 suaviffime
1587 1980 1632 2017 ad
1660 1995 1752 2019 eum

370 2045 409 2074 et
428 2036 700 2074 humaniffime
721 2039 885 2091 scriptae,
917 2041 1037 2078 literae
1057 2040 1231 2088 fuerint,
1251 2057 1369 2095 quam
1391 2044 1505 2083 mihi.
1557 2046 1663 2084 Nam
1684 2048 1751 2084 etfi

371 2102 527 2154 utrique
547 2102 720 2140 nostrum
741 2118 862 2156 prope
882 2119 990 2156 aeque
1010 2116 1126 2157 gratae
1146 2117 1268 2153 erant,
1292 2118 1420 2147 tamen
1443 2124 1515 2162 ego
1536 2111 1752 2150 admirabar

370 2167 510 2218 magis,
543 2175 593 2211 te,
626 2168 729 2218 quafi
751 2178 922 2221 rogatus,
954 2180 1025 2208 aut·
1040 2181 1143 2209 certe
1163 2173 1402 2219 admonitus,
1433 2175 1645 2214 liberaliter
1672 2179 1749 2214 At-

371 2232 450 2269 tico
472 2231 736 2284 respondisses,
771 2236 896 2287 (quod
926 2245 1056 2274 tamen
1086 2238 1254 2277 dubium
1284 2240 1414 2285 nobis,
1446 2241 1542 2292 quin
1563 2243 1617 2279 ita
1636 2241 1748 2280 futu-

370 2311 456 2335 rum
479 2297 612 2343 fuerit,
644 2312 723 2337 non
753 2300 850 2351 erat)
881 2302 985 2340 ultro
1011 2303 1057 2340 ad
1077 2317 1168 2342 eum
1190 2305 1386 2357 scripfiffe,
1417 2306 1530 2358 eique
1560 2321 1630 2345 nec
1660 2308 1748 2359 opi-

370 2363 478 2401 nanti
507 2364 749 2403 voluntatem
778 2376 884 2405 tuam
913 2377 1059 2407 tantam
1089 2384 1157 2422 per
1184 2371 1312 2409 literas
1340 2372 1530 2412 detuliffe.
1578 2374 1638 2410 De
1669 2385 1761 2423 quo

369 2442 448 2466 non
476 2430 754 2482 modo'rogare
781 2441 832 2477 te,
865 2442 908 2471 ut
937 2448 982 2472 co
1012 2434 1215 2474 studiofius
1248 2451 1334 2475 mea
1364 2451 1522 2490 quoque
1547 2438 1655 2475 causa
1685 2437 1746 2474 fa-

367 2495 460 2541 cias,
492 2509 570 2534 non
605 2495 740 2543 debeo,
775 2497 895 2550 (nihil
929 2501 1036 2539 enim
1071 2502 1309 2542 cumulatius
1344 2503 1427 2541 fieri
1458 2503 1596 2555 potest,
1627 2516 1756 2556 quam.
