2351 2997
564 247 657 284 AD
716 239 1180 282 FAMILIARES
1239 238 1372 276 LIB.
1418 236 1511 274 XV.
1650 250 1728 289 427

343 348 538 390 ‘uocantum'
554 346 649 398 fient
668 340 849 391 φιλόκαλοι
870 338 923 386 νρᾷ
943 335 1153 389 φιλοὸίκεαοι,
1181 340 1357 391 omnesqzaee
1375 337 1535 376 virtutes
1554 344 1588 374 et
1608 336 1727 374 colunt

346 423 383 452 et
415 413 586 451 retinent.
634 412 763 462 Itaque
795 407 902 460 Sylla,
937 405 1036 457 cujus
1055 404 1232 457 judicium
1257 403 1416 456 probare
1447 402 1616 446 debemus,
1651 413 1728 439 cum

347 477 522 531 dtfflntire
535 475 751 531 p'hilosbphos
770 473 924 517 videret,
956 485 1023 510 non
1051 470 1200 523 quaestt‘t,
1231 469 1318 522 quid
1333 468 1457 507 bonum
1477 467 1555 520 effet
1571 486 1582 512 3
1615 466 1729 504 omnia

348 544 438 582 bona
458 543 579 582 coemit
594 558 607 580 .·
638 542 734 593 cujus
761 554 821 592 ego
847 546 993 578 mortem
1005 537 1114 589 forti
1137 535 1346 574 mehercules
1375 534 1489 573 animo
1520 533 1600 571 tuli.
1649 533 1731 571 Nec

348 617 467 647 tamen
490 609 612 661 Caesar
631 606 764 646 diutius
783 619 842 643 nos
861 617 937 641 eum
957 601 1149 652 defiderare
1162 600 1331 653 patietur
1348 617 1359 643 ;
1390 613 1472 637 nam
1492 598 1598 637 habet
1626 596 1729 635 dam-

349 685 464 719 natos,
497 688 578 727 quos
604 683 674 725 pro
704 671 760 709 illo
785 669 880 707 nohis
911 667 1076 717 restituat
1091 682 1105 703 .·
1135 679 1197 704 nec
1222 665 1290 718 ipse
1301 665 1477 715 staverem
1510 661 1729 713 destderabit‚

348 739 554 790 cumfilt'um
573 736 720 775 viderit.
751 736 876 778 Nunc,
907 740 949 770 ut
967 731 1018 770 ad
1032 729 1281 784 rempublicam
1300 728 1452 773 redeam,
1483 727 1570 780 quid
1584 728 1620 765 in
1642 726 1732 778 Hg'f-

342 805 466 858 paniis
478 811 650 856 geratur,
681 799 843 852 rescribe.
879 799 1047 844 Peream,
1079 797 1145 849 nfi
1147 795 1322 849 sollicitus
1330 795 1428 849 sum,
1458 807 1501 831 ac
1520 792 1610 831 malo
1630 800 1733 830 vete-

349 883 424 908 rem
444 878 479 908 et
501 869 700 907 clementem
719 865 891 904 dominum
910 863 1052 907 habere,
1083 876 1188 915 quam
1206 875 1336 900 novum
1368 869 1404 898 et
1431 857 1603 897 crudelem
1629 865 1733 909 expe-

352 935 436 974 riri.
486 934 576 978 Scis,
616 934 746 971 Cnaeus
777 944 881 983 quam
899 929 956 980 stt
974 929 1115 980 fatuus
1131 943 1144 965 .-
1169 926 1260 980 scis,
1298 924 1458 978 quomodo
1491 923 1737 962 crudelitatem

353 1001 530 1038 virtutem
543 1005 651 1050 putet
663 1012 677 1034 .·
685 996 774 1048 scis,
797 1009 901 1048 quam
906 995 951 1046 st
957 993 1100 1047 fimper
1118 1008 1141 1031 a
1161 991 1255 1031 nobis
1274 990 1423 1044 derisum
1435 997 1557 1042 putet.
1591 990 1629 1025 V
1624 1001 1736 1029 ereor,

353 1080 396 1104 ne
429 1079 490 1103 nos
522 1062 646 1114 rustice
667 1060 787 1114 gladio
817 1059 907 1098 velit
939 1055 1190 1111 οἰνῖιμυκτηξῖπᾳ.
1241 1055 1338 1108 Qid
1348 1056 1441 1106 fiat,
1457 1055 1499 1105 st
1527 1068 1577 1092 me
1607 1053 1736 1105 diligis,

355 1130 519 1181 rescribe.
575 1127 669 1172 Hui,
708 1140 812 1179 quam
846 1124 951 1163 velim
968 1123 1082 1175 scire,
1121 1132 1244 1160 utrum
1278 1121 1341 1174 ssa
1364 1120 1517 1175 sollicita
1546 1119 1660 1157 animo
1691 1132 1739 1156 an

340 1195 462 1247 soluto
480 1195 590 1246 legas.
637 1192 753 1231 Sciam
783 1190 872 1229 enim
902 1188 1012 1228 eodem
1043 1197 1209 1240 tempore,
1240 1186 1328 1240 quid
1343 1201 1395 1224 me
1410 1185 1543 1235 jacere
1562 1192 1737 1236 oporteat.

358 1261 418 1298 Ne
436 1259 572 1311 longior
575 1257 661 1308 βω,
692 1257 772 1294 vale
792 1270 801 1294 :
833 1263 868 1294 et
887 1269 952 1299 me,
984 1253 1148 1305 zctfacis,
1179 1266 1273 1290 ama.
1310 1251 1354 1290 Si
1369 1250 1494 1304 Caesar
1515 1249 1620 1293 vicit,
1651 1249 1740 1286 cele·

357 1324 452 1363 riter
471 1337 522 1362 me
541 1325 697 1376 expecJa.

635 1522 699 1560 M.
731 1522 784 1560 T.
819 1521 868 1558 C.
900 1522 1220 1569 TREBON19
1264 1518 1302 1556 S.
1336 1517 1380 1555 P.
1406 1515 1467 1565 D.

362 1653 456 1692 XX.
483 1650 744 1722 ORATO
758 1649 839 1686 RE
853 1649 902 1686 M
933 1661 1065 1686 meum
1085 1647 1154 1699 (fic
1174 1646 1282 1684 enim
1303 1643 1493 1696 inscripfi)
1514 1644 1656 1681 Sabino
1679 1651 1747 1680 tuo

578 1713 865 1752 commendavi.
907 1713 1030 1751 Natio
1051 1725 1114 1749 me
1133 1709 1307 1749 hominis
1329 1709 1505 1761 impulit,
1528 1718 1571 1745 ut
1592 1709 1627 1745 ei
1648 1710 1748 1746 recte

363 1793 557 1837 putarem,
576 1781 645 1819 nifi
667 1779 783 1824 forte,
801 1777 1098 1817 candidatorum
1118 1775 1278 1814 licentia
1292 1774 1359 1812 hic
1375 1787 1533 1826 quoque
1549 1772 1653 1817 usus,
1671 1772 1748 1810 hoc

365 1850 494 1887 subito
515 1859 734 1899 cognomen
757 1844 934 1897 arripuit.
967 1843 1050 1881 Etfi
1067 1841 1260 1880 modestus
1282 1841 1364 1892 ejus
1381 1839 1528 1883 vultus,
1547 1839 1750 1890 sermoque

366 1914 558 1958 constans,
590 1912 731 1950 habere
751 1910 939 1962 quiddam
959 1922 979 1946 a
1000 1908 1173 1946 Curibus
1195 1906 1412 1944 videbatur.
1447 1904 1518 1942 Sed
1539 1905 1586 1941 de
1607 1903 1750 1941 Sabino

367 1980 470 2018 satis.
503 1981 585 2023 Tu,
612 1977 666 2014 mi
689 1976 881 2020 Treboni,
913 1973 1069 2026 quando
1089 1972 1135 2009 ad
1155 1985 1329 2009 amorem
1349 1983 1483 2008 meum
1504 1970 1752 2022 aliquantum

366 2046 465 2084 olim
486 2043 684 2082 discedens
714 2041 920 2085 addidisti3
952 2053 1032 2091 quo
1062 2037 1304 2076 tolerabilius
1332 2036 1500 2074 feramus
1529 2035 1753 2087 igniculum

368 2111 544 2149 dcfiderii
566 2109 639 2154 tui,
671 2108 816 2146 crebris
847 2119 916 2144 nos
947 2105 1071 2142 literis
1101 2103 1320 2156 appellato:
1352 2112 1469 2154 atque
1500 2101 1565 2146 ita,
1598 2101 1624 2138 fi
1646 2100 1752 2138 idem

369 2178 436 2215 fiet
457 2191 477 2214 a
497 2176 625 2214 nobis.
660 2176 899 2225 Qanquam
920 2171 1003 2209 duae
1024 2170 1142 2208 causae
1164 2169 1266 2214 sunt,
1294 2182 1363 2206 cur
1384 2178 1426 2206 tu
1447 2167 1691 2219 frequentior
1710 2167 1753 2204 in

372 2242 442 2280 isto
471 2241 603 2279 officio
633 2239 704 2277 effe
733 2238 885 2283 debeas,
916 2249 1033 2288 quam
1056 2249 1152 2272 nos:
1187 2235 1375 2286 primum,
1407 2231 1512 2284 quod
1533 2232 1630 2269 olim
1652 2231 1752 2268 sole-

373 2309 482 2351 bant,
513 2306 583 2358 qui
612 2305 750 2342 Romae
780 2311 902 2347 erant,
933 2302 980 2339 ad
1010 2299 1266 2353 provinciales
1297 2298 1443 2336 amicos
1476 2297 1523 2334 de
1554 2296 1756 2348 republica

374 2371 564 2415 scribere;
598 2382 703 2407 nunc
724 2379 767 2406 tu
789 2368 901 2406 nobis
923 2367 1063 2405 scribas
1085 2373 1262 2418 oportet3
1286 2377 1343 2400 res
1364 2363 1470 2400 enim
1492 2362 1651 2415 publica
1671 2350 1774 2398 istic

374 2437 428 2474 est
446 2452 454 2474 z
488 2435 641 2480 deinde,
674 2433 779 2486 quod
801 2447 870 2471 nos
891 2433 976 2470 aliis
997 2431 1138 2469 officiis
1160 2430 1234 2467 tibi
1255 2428 1403 2466 absenti
1425 2426 1638 2465 satisfacere
1666 2424 1755 2476 pos-

378 2502 538 2548 sumu53
571 2510 614 2540 tu
635 2500 765 2545 nobis,
796 2499 866 2538 nifi
886 2498 1025 2543 literis,
1048 2509 1126 2534 non
1147 2495 1275 2539 video,
1298 2507 1374 2546 qua
1394 2507 1432 2530 re
1452 2493 1526 2529 alia
1546 2490 1760 2529 satisfacere

1255 2558 1463 2599 Hhh2
