2351 2997
589 325 665 377 396
938 320 1621 361 EPIsToLARUM

587 422 701 460 fimul
722 430 837 474 atque
857 421 1079 466 conscendi,
1097 421 1180 458 haec
1201 421 1345 473 scripfi.
1378 420 1532 458 Deinde
1553 417 1795 458 conscribam
1810 418 1857 457 ad
1877 419 1968 458 nos-

588 497 668 526 tros
690 487 898 525 familiares
929 486 1072 524 multas
1097 485 1291 537 epistolas,
1322 485 1467 536 quibus
1498 494 1535 522 te
1563 494 1602 522 et
1628 485 1848 526 Tulliolam
1877 485 1968 523 nos-

591 562 690 590 tram
711 550 1002 602 diligentiffime
1022 550 1322 588 commendabo.
1370 548 1606 587 Cohortarer
1624 562 1707 595 vos,
1738 563 1818 602 quo
1837 551 1971 588 animo

591 617 752 655 fortiore
772 616 911 661 effetis,
943 616 1012 654 nifi
1033 630 1100 654 vos
1122 615 1302 654 fortiores
1323 615 1560 668 cognossem,
1591 628 1710 667 quam
1730 612 1972 668 quemquam

590 683 734 720 virum.
781 683 834 719 Et
866 690 995 718 tamen
1027 681 1218 733 ejusmodi
1245 681 1353 733 spero
1382 681 1539 732 negotia
1558 679 1643 725 effe,
1676 688 1720 717 ut
1739 688 1778 717 et
1797 693 1863 718 vos
1885 680 1970 718 istic

591 746 901 785 commodiffime
936 746 1083 798 sperem
1118 746 1204 791 effe,
1246 754 1285 783 et
1316 759 1379 784 me
1410 745 1620 798 aliquando
1653 757 1747 782 cum
1777 744 1971 782 similibus

590 813 710 850 nostri
750 811 1035 864 rempublicam
1075 811 1339 850 defensurum.
1393 813 1460 849 Tu
1500 811 1675 863 primum
1709 810 1975 848 valetudinem

591 887 700 915 tunm
721 878 841 915 velim
868 890 1006 921 cures3
1039 877 1193 922 deinde,
1225 877 1300 914 tibi
1332 876 1358 914 1⁴1
1390 876 1601 921 videbitur,
1631 875 1737 913 villis
1768 876 1814 913 iis
1847 884 1971 921 utere,

592 955 678 994 quae
700 940 917 992 longiflime
938 941 1101 978 aberunt
1121 954 1142 978 a
1162 940 1373 979 militibus.
1415 940 1556 978 Fundo
1576 939 1759 991 Arpinati
1782 940 1878 977 bene
1897 952 1971 991 po—

592 1008 685 1044 teris
708 1007 766 1044 uti
787 1019 879 1043 cum
900 1005 1049 1043 familia
1070 1007 1228 1050 urbana,
1261 1006 1287 1043 fi
1318 1019 1471 1044 annona
1501 1006 1624 1043 carior
1653 1003 1786 1043 fuerit.
1833 1004 1975 1042 Cicero

594 1072 823 1109 belliffimus
857 1071 930 1108 tibi
964 1070 1126 1109 salutem
1156 1071 1371 1124 plurimam
1402 1071 1514 1110 dicit.
1560 1070 1695 1109 Etiam
1720 1078 1837 1123 atque
1856 1069 1977 1108 etiam

594 1137 691 1175 vale.
727 1137 780 1174 D.
807 1149 862 1174 111
888 1135 979 1174 Idus
1000 1137 1127 1186 Junii.

851 1337 914 1375 M.
947 1338 1001 1375 T.
1034 1336 1474 1374 C.TERENT1AE
1516 1335 1554 1373 S.
1588 1335 1633 1375 P.
1667 1336 1721 1373 D.

596 1464 715 1502 VIII.
740 1463 820 1536 SI
850 1465 968 1509 vales,
998 1465 1096 1501 bene
1116 1463 1195 1501 est:
1227 1475 1301 1514 ego
1320 1462 1442 1501 valeo.
1480 1461 1758 1500 Valetudinem
1778 1470 1887 1500 tuam
1907 1474 1975 1500 ve-

816 1530 889 1567 lim
909 1542 1018 1567 cures
1040 1528 1344 1581 diligentiffime.
1391 1528 1498 1565 Nam
1527 1526 1628 1564 mihi
1659 1536 1696 1564 et
1726 1526 1914 1578 scriptum
1939 1536 1977 1563 et

597 1595 824 1634 nuntiatum
851 1595 918 1640 est,
950 1605 987 1632 te
1017 1594 1058 1631 in
1087 1593 1233 1632 febrim
1262 1593 1391 1631 subito
1420 1592 1608 1630 incidisse.
1654 1592 1773 1641 Qod
1802 1592 1978 1629 celeriter

598 1675 662 1698 me
694 1661 817 1699 fecisti
844 1661 890 1698 de
919 1660 1075 1698 Caesaris
1108 1660 1230 1697 literis
1263 1659 1484 1703 certiorem,
1516 1657 1641 1695 fecisti
1672 1657 1774 1695 mihi
1804 1665 1974 1709 gratum.

600 1728 700 1764 Item
722 1727 894 1779 posthac,
926 1726 951 1763 fi
981 1724 1077 1777 quid
1104 1738 1201 1776 opus
1228 1725 1316 1769 erit,
1348 1724 1372 1761 fi
1403 1723 1498 1776 quid
1518 1722 1703 1761 acciderit
1723 1723 1829 1767 novi,
1860 1721 1977 1760 facies

601 1803 643 1829 ut
667 1792 796 1831 sciam.
831 1793 935 1830 Cura
955 1799 999 1828 ut
1019 1789 1158 1828 valeas.
1194 1790 1300 1828 Vale.
1334 1790 1387 1827 D.
1414 1803 1455 1827 Jv
1480 1789 1615 1827 Nonas
1637 1789 1789 1840 Junias.

856 1987 919 2025 M.
952 1988 1006 2024 T.
1040 1987 1476 2024 C.TERENT1AE
1519 1985 1556 2022 S.
1590 1985 1634 2023 P.
1668 1981 1722 2021 D.

606 2115 676 2152 IX.
703 2113 823 2185 AD
855 2122 1006 2152 caeteras
1028 2127 1130 2152 meas
1152 2112 1321 2150 miserias
1343 2112 1494 2150 acceffit
1514 2112 1639 2156 dolor,
1665 2119 1703 2149 et
1723 2124 1742 2149 e
1763 2110 1980 2149 Dolabellae

811 2178 1046 2224 valetudine,
1077 2188 1115 2217 et
1135 2192 1155 2216 e
1175 2177 1335 2216 Tulliae.
1389 2178 1567 2215 Omnino
1592 2177 1638 2214 de
1658 2177 1843 2214 omnibus
1864 2176 1978 2213 rebus

603 2257 675 2282 nec
707 2244 802 2297 quid
834 2244 983 2282 confilii
1016 2244 1180 2296 capiam,
1212 2256 1281 2280 nec
1309 2243 1405 2294 quid
1436 2242 1592 2288 faciam,
1624 2242 1716 2281 scio.
1763 2243 1830 2280 Tu
1858 2241 1981 2279 velim

605 2318 712 2348 tuam
734 2319 771 2347 et
791 2310 936 2348 Tulliae
957 2310 1221 2348 valetudinem
1241 2321 1365 2347 cures.
1398 2308 1509 2347 Vale.
