2351 2997
567 307 643 348 216
910 308 1599 348 EPISTOLARUM

901 543 1146 582 CICERO
1188 543 1605 583 DOLABELLAE.

564 671 640 709 XI.
656 669 731 741 V
746 671 779 709 E
798 671 831 709 L
861 684 950 709 meo
977 670 1093 723 ipfius
1120 671 1281 708 interitu
1303 671 1463 710 mallem
1484 672 1612 709 literas
1635 684 1737 709 meas
1758 671 1946 712 defidera-

735 749 808 781 res,
831 749 949 788 quam
969 749 1014 773 eo
1036 735 1137 780 casu,
1159 749 1238 787 quo
1259 735 1344 773 sum
1365 736 1582 788 graviffime
1602 735 1795 782 afflictus,
1827 751 1947 790 quem

563 800 708 840 ferrem
728 810 831 840 certe
851 801 1103 846 moderatius,
1122 801 1147 838 fi
1171 810 1206 838 te
1228 800 1432 839 haberem:
1457 815 1547 840 nam
1568 811 1606 840 et
1626 803 1749 840 oratio
1766 812 1832 840 tua
1851 817 1947 855 pru-

565 868 676 913 dens,
707 877 745 907 et
765 881 873 906 amor
892 881 982 920 erga
1003 881 1065 905 me
1091 867 1309 919 singularis,
1342 868 1516 906 multum
1548 868 1703 907 levaret.
1751 869 1824 907 Sed
1855 883 1949 907 cum

528 973 533 975 Α
565 933 674 972 brevi
695 943 884 986 tempore,
916 942 960 971 ut
981 933 1116 985 opinio
1138 932 1264 970 nostra
1283 932 1349 977 est,
1383 942 1419 971 te
1439 933 1524 971 sum
1544 934 1709 979 visurus,
1731 934 1786 971 ita
1805 947 1868 972 me
1887 933 1948 972 af-

564 998 714 1037 fectum
735 999 923 1043 offendes,
942 1007 985 1035 ut
1006 998 1181 1035 multum
1197 1011 1217 1034 a
1233 1006 1270 1035 te
1286 998 1423 1050 poffim
1438 999 1587 1050 juvari:
1612 1012 1689 1036 non
1707 1012 1785 1050 quo
1807 1000 1859 1036 ita
1879 999 1950 1036 fim

565 1063 724 1109 fractus,
751 1073 794 1101 ut
815 1073 880 1101 aut
900 1063 1105 1101 hominem
1126 1076 1189 1100 me
1210 1062 1281 1099 effe
1301 1063 1448 1100 oblitus
1470 1063 1554 1108 fim,
1586 1073 1652 1101 aut
1672 1063 1839 1101 fortunae
1859 1063 1948 1101 suc-

564 1128 834 1167 cumbendum
856 1137 1015 1180 putem3
1049 1127 1111 1164 sed
1132 1137 1262 1164 tamen
1283 1126 1455 1165 hilaritas
1478 1128 1546 1165 illa
1566 1128 1690 1166 nostra
1709 1138 1747 1166 et
1769 1129 1946 1174 suavitas,

564 1208 650 1246 quae
672 1203 708 1232 te
730 1203 866 1246 praeter
886 1203 1042 1232 caeteros
1060 1193 1288 1237 deleerabat,
1306 1202 1436 1246 erepta
1451 1193 1552 1232 mihi
1573 1195 1702 1232 omnis
1724 1194 1796 1233 est:
1821 1194 1947 1232 firmi-

565 1268 686 1298 tatem
716 1269 845 1297 tamen
875 1269 913 1296 et
940 1258 1210 1303 constantiam,
1242 1258 1268 1295 fi
1290 1258 1408 1296 modo
1429 1258 1506 1297 fuit
1526 1259 1735 1312 aliquando
1756 1260 1797 1297 in
1819 1259 1948 1304 nobis,

564 1325 726 1363 eandem
743 1324 967 1376 cognosces,
986 1337 1103 1376 quam
1119 1323 1323 1375 reliquisti.
1356 1324 1476 1374 Qod
1498 1324 1632 1362 scribis
1653 1325 1786 1377 praelia
1806 1333 1843 1362 te
1864 1338 1950 1362 mea

564 1390 676 1428 causa
696 1390 891 1434 sustinere,
924 1403 1002 1427 non
1025 1398 1104 1427 tam
1124 1388 1165 1425 id
1184 1388 1333 1433 laboro,
1364 1398 1421 1433 ut,
1453 1389 1478 1426 si
1500 1390 1570 1441 qui
1590 1389 1691 1427 mihi
1713 1391 1946 1434 obtrectent,

565 1469 586 1493 a
615 1465 653 1493 te
681 1454 914 1500 refutentur,
946 1468 1064 1507 quam
1085 1453 1258 1505 intelligi
1279 1455 1411 1506 cupio,
1444 1455 1549 1506 quod
1570 1464 1673 1492 certe
1694 1455 1947 1507 intelligitur,

566 1534 630 1559 me
660 1534 681 1558 a
713 1530 750 1558 te
780 1520 926 1558 amari:
959 1519 1066 1572 quod
1097 1528 1142 1557 ut
1171 1518 1304 1564 facias,
1337 1529 1373 1557 te
1404 1520 1522 1558 etiam
1549 1529 1666 1572 atque
1692 1521 1810 1558 etiarn
1837 1533 1947 1572 rog0,

565 1584 817 1637 ignoscasque
839 1585 1019 1623 brevitati
1039 1585 1239 1622 literarum
1260 1597 1449 1622 mearum.
1491 1584 1598 1622 Nam
1618 1593 1657 1622 et
1677 1584 1854 1622 celeriter
1874 1597 1950 1622 una

565 1648 720 1688 futuros
757 1663 825 1687 nos
860 1650 1039 1694 arbitror,
1084 1657 1122 1686 et
1157 1647 1334 1686 nondum
1368 1648 1457 1686 satis
1492 1648 1746 1687 confirmatus
1781 1649 1868 1687 sum
1902 1648 1949 1686 ad

565 1714 830 1754 scribendum.

901 1917 1144 1954 Clcnko
1186 1915 1607 1952 DOLABELLAE.

568 2044 665 2082 XII.
692 2041 766 2113 G
786 2043 822 2080 R
840 2043 923 2080 AT
942 2043 979 2079 U
997 2042 1030 2079 L
1045 2042 1080 2080 O
1100 2042 1136 2078 R
1167 2042 1268 2079 Baiis
1291 2041 1443 2086 nostris,
1475 2041 1501 2079 fi
1523 2040 1699 2093 quidem,
1731 2048 1775 2077 ut
1795 2039 1946 2086 scribis,

799 2108 966 2146 salubres
997 2115 1153 2158 repente
1181 2106 1288 2145 factae
1317 2106 1431 2144 sunt:
1466 2105 1534 2143 nifi
1555 2105 1656 2143 forte
1678 2114 1714 2142 te
1734 2114 1879 2151 amant,
1911 2116 1949 2144 et

566 2174 643 2212 tibi
663 2174 910 2218 affentantur‚
929 2182 965 2210 et
988 2172 1151 2217 tamdiu,
1170 2172 1265 2210 dum
1287 2182 1330 2210 tu
1350 2171 1452 2216 ades,
1471 2171 1560 2210 sunt
1579 2171 1711 2208 oblitae
1733 2170 1804 2208 sui.
1829 2171 1949 2221 Qod

567 2239 729 2291 quidem
751 2239 776 2276 fi
798 2239 850 2276 ita
870 2238 936 2282 est,
968 2238 1134 2275 minime
1165 2238 1300 2282 miror,
1332 2237 1473 2275 caelum
1502 2236 1620 2274 etiarn
1651 2245 1689 2273 et
1722 2244 1838 2273 terras
1867 2236 1948 2274 vim

568 2304 689 2349 suam,
708 2304 732 2342 fi
756 2304 828 2341 tibi
849 2304 902 2341 ita
922 2303 1141 2347 conveniat,
1161 2303 1372 2340 dimittere.
1408 2301 1709 2339 Oratiunculam
1729 2314 1800 2353 pro
1821 2302 1946 2353 Dejo-

567 2378 664 2414 taso,
688 2383 806 2422 quam
826 2368 1063 2420 requirebas,
1085 2367 1278 2405 habebam
1299 2381 1484 2412 mecum5
1518 2367 1624 2420 quod
1645 2380 1722 2404 non
1744 2375 1945 2418 putaram:

568 2436 699 2488 itaque
719 2449 803 2474 eam
825 2435 899 2473 tibi
919 2434 1027 2472 mifi:
1061 2447 1178 2486 quam
1200 2434 1319 2472 velim
1341 2435 1390 2472 fic
1412 2434 1531 2485 legas,
1554 2442 1597 2472 ut
1618 2433 1769 2471 causam
1791 2442 1948 2472 tenuem

568 2510 605 2539 et
628 2503 800 2554 inopem,
833 2514 902 2538 nec
925 2499 1134 2551 scrIptione
1156 2512 1390 2551 magnopere
1412 2499 1586 2551 dignam.
1620 2499 1691 2536 Sed
1711 2511 1784 2550 ego
1804 2497 1949 2550 hospiti

569 2567 689 2605 veteri
723 2576 762 2605 et
796 2567 922 2604 amico
954 2564 1236 2603 munusculum
1268 2565 1424 2603 mittere
1454 2564 1563 2603 volui
1597 2562 1802 2608 levidense,
1834 2561 1951 2601 crasso
