2351 2997
673 226 770 265 AD
826 221 1294 262 FAMILIARES
1354 221 1586 260 LIB.11,
1771 234 1820 275 35

564 458 629 497 M.
662 458 716 497 T.
749 457 799 496 C.
832 456 1190 495 PRocoNsur.
1227 454 1531 495 M.CAE1.10
1563 456 1601 494 S.
1635 456 1690 494 D.

435 587 554 627 VIII.
667 587 705 624 U
721 586 738 624 I
756 585 794 623 D
815 585 827 623 ?
859 593 903 622 tu
924 597 987 622 me
1007 583 1084 621 hoc
1105 583 1180 621 tibi
1200 583 1392 622 mandaffe
1412 584 1623 630 existimas,
1655 593 1700 623 ut
1718 583 1821 623 mihi

681 650 943 704 gladiatorum
971 647 1288 701 compositiones,
1320 659 1364 687 ut
1387 649 1609 688 vadimonia
1637 650 1755 688 dilata
1782 659 1822 688 et

438 715 593 755 Chresti
613 715 953 769 compilationem,
971 714 1161 759 mitteres,
1178 723 1217 752 et
1236 727 1293 760 ea,
1310 728 1396 767 quae
1417 714 1547 760 nobis,
1569 729 1662 754 cum
1683 716 1821 754 Romae

437 782 586 828 sumus,
618 795 769 820 narrare
788 795 905 819 nemo
925 780 1062 818 audeat
1081 781 1093 817 ?
1132 779 1234 819 Vide
1254 789 1448 833 quantum
1469 780 1544 818 tibi
1563 795 1652 819 meo
1666 780 1822 832 judicio

436 848 639 886 tribuam:
673 861 743 886 nec
771 845 995 885 mehercule
1022 845 1192 898 injuria;
1223 843 1456 896 πολιττκῶπρον
1485 847 1592 884 enim
1625 856 1663 884 te
1693 845 1821 885 adhuc

437 913 639 952 neminem
667 913 852 966 cognovi.
903 912 968 951 Ne
997 912 1066 950 illa
1094 911 1257 964 quidem
1290 924 1385 949 curo
1417 911 1519 950 mihi
1549 912 1707 958 scribas,
1738 926 1823 965 quae

437 980 621 1018 maximis
642 980 682 1018 in
700 979 814 1018 rebus
831 978 1058 1031 reipublicae
1074 986 1264 1030 geruntur
1279 977 1471 1030 quotidie,
1490 978 1559 1016 nifi
1580 978 1677 1032 quid
1697 979 1744 1017 ad
1760 993 1823 1017 me

437 1045 569 1097 ipsum
599 1045 828 1098 pertinebit.
879 1044 1060 1082 Scribent
1089 1043 1155 1082 alii
1174 1059 1183 1082 ε
1215 1044 1334 1082 multi
1355 1044 1597 1082 nuntiabunt
1614 1060 1624 1083 :
1655 1044 1825 1098 perferet

437 1111 566 1149 multa
580 1112 698 1150 etiam
714 1110 793 1163 ipse
809 1123 957 1148 rumor.
976 1111 1108 1161 Qare
1123 1123 1195 1162 ego
1212 1123 1283 1147 nec
1299 1110 1505 1162 praeterita,
1522 1123 1593 1148 nec
1607 1111 1822 1164 praesentia,

437 1176 505 1213 abs
528 1184 580 1220 te,
611 1175 690 1220 sed,
722 1184 766 1213 ut
786 1175 833 1212 ab
853 1174 1016 1213 homine
1036 1175 1154 1226 longe
1175 1175 1215 1212 in
1236 1174 1432 1227 posterum
1452 1175 1728 1228 prospiciente,
1756 1176 1823 1215 fu-

437 1249 539 1286 tura,
560 1242 723 1293 expeffim
734 1259 746 1285 ;
772 1249 828 1285 ut,
851 1254 898 1278 ex
920 1240 998 1278 tuis
1019 1240 1142 1277 literis
1164 1253 1257 1278 cum
1277 1239 1448 1279 formam
1468 1241 1694 1294 reipublicae
1714 1242 1824 1281 vide-

438 1306 531 1351 rim,
562 1305 676 1358 quale
696 1304 909 1344 aedificium
929 1304 1111 1343 futurum
1132 1305 1193 1350 fit,
1225 1305 1320 1343 scire
1340 1306 1494 1358 poffim.
1530 1308 1674 1360 Neque
1695 1316 1825 1347 tamen

439 1371 568 1410 adhuc
588 1370 730 1417 habeo,
752 1372 858 1425 quod
880 1380 918 1410 te
938 1371 1138 1409 accusem:
1162 1384 1288 1422 neque
1307 1372 1414 1410 enim
1434 1372 1527 1418 fuit,
1544 1374 1652 1425 quod
1673 1383 1715 1413 tu
1735 1375 1824 1427 plus

437 1437 643 1491 providere
662 1437 800 1491 pofi‘es,
821 1451 940 1491 quam
961 1437 1090 1491 quivis
1111 1436 1286 1475 nostrum
1299 1455 1312 1482 ς
1344 1438 1385 1476 in
1406 1439 1622 1492 primisque
1641 1453 1728 1493 ego,
1757 1442 1826 1494 qui

439 1516 535 1541 cum
555 1503 747 1556 Pompeio
767 1503 990 1556 complures
1011 1502 1092 1541 dies
1114 1502 1235 1540 nullis
1256 1502 1298 1540 in
1318 1502 1419 1549 aliis,
1451 1504 1521 1542 nifi
1542 1504 1590 1543 de
1610 1505 1825 1558 republica,

440 1568 686 1608 sermonibus
706 1569 874 1608 versatus
895 1569 1005 1607 sum:
1029 1583 1115 1622 quae
1136 1582 1207 1607 nec
1227 1568 1385 1621 possunt
1404 1570 1536 1616 scribi,
1559 1584 1630 1609 nec
1652 1571 1827 1610 scriben-

440 1635 490 1673 da
509 1634 613 1674 sunt.
655 1637 835 1674 Tantum
854 1634 1013 1680 habeto,
1044 1635 1173 1674 civem
1193 1635 1396 1688 egregium
1416 1636 1488 1674 effe
1509 1637 1760 1691 Pompeium,
1790 1647 1830 1677 et

441 1700 490 1739 ad
509 1701 656 1746 omnia,
678 1715 765 1753 quae
786 1700 1024 1753 providenda
1043 1700 1133 1738 sunt
1152 1700 1194 1738 in
1215 1700 1430 1753 republica,
1461 1710 1500 1740 et
1519 1703 1652 1741 animo
1672 1712 1711 1742 et
1730 1717 1829 1743 con-

440 1767 527 1806 filio
546 1776 740 1820 paratum.
773 1769 905 1820 Qare
925 1767 973 1806 da
992 1776 1030 1806 te
1049 1766 1206 1806 homini
1224 1782 1233 1806 :
1256 1768 1554 1821 complestetur,
1576 1768 1680 1808 mihi
1700 1770 1828 1810 crede.

440 1834 533 1885 Jam
552 1833 681 1872 eidem
701 1833 763 1872 illi
782 1842 822 1873 et
841 1833 951 1880 boni,
981 1841 1021 1872 et
1049 1833 1159 1879 mali,
1189 1834 1293 1872 cives
1314 1834 1511 1880 videntur,
1543 1836 1612 1888 qui
1634 1836 1748 1876 nobis
1768 1837 1830 1876 vi-

440 1898 524 1938 deri
544 1899 683 1939 solent.
716 1901 819 1953 Ego,
841 1914 936 1939 cum
955 1898 1126 1939 Athenis
1147 1899 1283 1938 decem
1303 1900 1406 1953 ipsos
1428 1900 1508 1938 dies
1529 1900 1699 1948 fuissem,
1721 1902 1830 1941 mul-

441 1974 612 2019 tumque
645 1979 805 2005 mecum
839 1966 980 2005 Gallus
1015 1966 1143 2005 noster
1178 1966 1369 2005 Caninius
1382 1996 1394 2012 ,
1434 1966 1708 2019 proficiscebar
1740 1968 1832 2008 inde

442 2031 546 2083 prid.
570 2032 721 2071 Nonas.
755 2033 899 2084 Qint.
923 2046 1018 2071 cum
1037 2031 1114 2071 hoc
1135 2032 1182 2070 ad
1203 2041 1241 2070 te
1261 2032 1461 2071 literarum
1483 2033 1587 2072 dedi.
1620 2034 1718 2073 Tibi
1739 2048 1831 2073 cum

442 2097 577 2135 omnia
591 2111 677 2136 mea
692 2098 1070 2136 commendatiffima
1084 2099 1156 2137 effe
1172 2098 1306 2151 cupi0,
1324 2108 1411 2136 tum
1432 2098 1534 2138 nihil
1556 2100 1695 2152 magis,
1713 2114 1831 2153 quam

442 2175 492 2200 ne
512 2171 669 2216 tempus
691 2164 804 2202 nobis
823 2164 1033 2217 provinciae
1049 2173 1295 2217 prorogetur.
1328 2165 1373 2202 In
1391 2178 1436 2202 eo
1452 2164 1553 2204 mihi
1574 2166 1664 2204 sunt
1683 2168 1830 2206 omnia.

442 2228 579 2280 Qod,
611 2229 769 2282 quando
789 2239 829 2268 et
849 2230 1051 2282 quomodo
1071 2240 1110 2269 et
1130 2245 1199 2284 per
1219 2243 1318 2282 quos
1339 2230 1535 2283 agendum
1562 2231 1622 2276 fit,
1654 2241 1698 2271 tu
1725 2233 1830 2285 opti·

445 2306 509 2332 me
528 2294 753 2335 constitues.
786 2295 897 2335 Vale.
