2351 2997
489 215 565 254 226
860 218 1542 259 EPISTOLARUM

489 315 560 352 bus
582 315 708 354 adhuc
730 316 776 354 de
800 317 870 355 isto
900 318 1074 369 periculo
1104 318 1205 355 nihil
1236 319 1391 357 audiffe.
1438 321 1504 357 Tu
1537 329 1665 358 tamen
1697 334 1767 374 pro
1800 329 1865 358 tua

487 379 672 431 sapientia
706 381 863 419 debebis
899 392 1030 433 optare
1065 384 1228 434 optima,
1271 385 1441 434 cogitare
1475 385 1723 430 difficillima,
1767 385 1867 423 ferre

489 458 732 497 quaecunque
752 456 880 484 erunt.
913 447 1023 484 Vale,

670 646 910 684 CJCERo
951 647 1000 684 L.
1035 647 1306 686 PAP1R10
1349 649 1522 687 PAETo
1564 651 1601 688 S.
1636 650 1688 687 D.

486 773 642 811 XVIII.
669 772 734 844 C
755 774 792 811 U
810 774 858 811 M
890 774 1003 811 effem
1024 774 1168 812 otiosus
1199 774 1238 811 in
1261 775 1501 823 Tusculano,
1534 786 1735 829 propterea
1755 777 1861 829 quod

766 839 976 891 discipulos
1009 839 1166 877 obviam
1192 840 1385 886 miseram,
1419 852 1462 880 ut
1496 843 1616 880 iidem
1650 856 1712 879 me
1743 856 1862 893 quam

484 904 655 940 maxime
676 905 931 942 conciliarent
952 903 1133 941 familiari
1155 905 1236 949 suo,
1267 907 1398 958 accepi
1425 916 1507 944 tuas
1537 907 1681 950 literas,
1714 907 1859 958 plenis-

485 968 594 1006 fimas
617 969 839 1013 suavitatis;
871 983 918 1006 ex
940 969 1083 1020 quibus
1106 969 1283 1006 intellexi
1304 971 1459 1022 probari
1482 972 1554 1009 tibi
1579 984 1712 1008 meum
1733 972 1858 1008 confi-

484 1033 599 1077 lium,
622 1034 742 1084 quod,
761 1042 804 1070 ut
826 1034 1036 1084 Dionyfius
1059 1043 1258 1083 tyrannus,
1277 1047 1368 1072 cum
1392 1036 1580 1086 Syracusis
1602 1035 1734 1087 pulsus
1756 1035 1860 1079 effer,

484 1097 669 1135 Corinthi
704 1098 849 1135 dicitur
883 1098 1021 1135 ludum
1057 1097 1254 1149 aperuifl‘e,
1287 1099 1336 1136 fic
1370 1113 1456 1151 ego,
1491 1100 1651 1137 sublatis
1681 1099 1859 1151 judiciis,

482 1162 614 1200 amiffo
635 1177 754 1214 regno
775 1162 929 1207 forensi,
948 1162 1087 1200 ludum
1108 1163 1211 1213 quasi
1233 1162 1373 1201 habere
1394 1165 1596 1217 coeperim.
1621 1165 1729 1216 Qid
1751 1179 1859 1216 quae-

482 1228 565 1265 ris?
597 1242 660 1265 me
689 1242 846 1280 quoque
876 1228 1038 1265 deleClat
1068 1228 1301 1266 confilium:
1334 1222 1460 1267 multa
1486 1231 1592 1267 enim
1613 1229 1856 1282 consequor:

481 1294 672 1345 primum,
703 1294 744 1331 id
773 1294 878 1344 quod
908 1294 1079 1332 maxime
1100 1306 1205 1331 nunc
1226 1307 1323 1345 opus
1345 1294 1412 1339 est,
1443 1296 1582 1333 munio
1611 1309 1673 1332 me
1700 1295 1747 1331 ad
1776 1293 1858 1332 haec

481 1368 670 1411 tempora.
704 1359 748 1397 Id
769 1359 989 1411 cujusmodi
1009 1359 1055 1396 fit
1075 1359 1203 1396 nescio
1221 1374 1229 1396 :
1254 1368 1408 1398 tantum
1428 1361 1541 1398 video
1563 1360 1709 1398 nullius
1731 1359 1858 1397 adhuc

481 1425 639 1463 consilia
658 1438 720 1462 me
741 1424 835 1462 huic
855 1434 1115 1476 anteponere;
1148 1424 1217 1461 nifi
1247 1423 1347 1462 forte
1372 1426 1475 1462 mori
1501 1425 1642 1463 melius
1671 1424 1763 1463 fuit.
1811 1426 1863 1463 In

479 1490 639 1534 lectulo,
662 1489 808 1527 fateor:
842 1489 904 1527 sed
926 1503 1003 1526 non
1025 1489 1181 1527 accidit.
1224 1490 1269 1527 In
1291 1490 1370 1527 acie
1392 1504 1469 1527 non
1491 1490 1565 1528 fui.
1605 1490 1744 1528 Caeteri
1765 1491 1857 1542 qui-

480 1556 583 1600 dem,
617 1555 842 1607 Pompeius,
870 1555 1063 1592 Lentulus
1085 1563 1190 1599 tuus,
1214 1556 1358 1606 Scipio,
1382 1554 1584 1600 Afranius,
1607 1555 1710 1592 foede
1730 1557 1856 1606 perie-

477 1631 583 1658 runt.
630 1622 685 1658 At
718 1622 816 1657 Cato
846 1621 1038 1672 praeclare.
1085 1621 1172 1670 Jam
1205 1619 1301 1657 istuc
1334 1620 1508 1672 quidem,
1541 1634 1633 1657 cum
1664 1620 1863 1665 volemus,

477 1686 613 1723 licebit
633 1701 641 1723 :
674 1686 810 1722 demus
831 1686 949 1722 modo
970 1698 1140 1737 operam,
1174 1699 1220 1722 ne
1245 1696 1325 1723 tam
1346 1685 1490 1723 necefl‘e
1511 1685 1624 1723 nobis
1646 1685 1705 1730 fit,
1738 1699 1856 1737 quam

477 1751 537 1787 illi
558 1750 660 1795 fuit;
691 1751 730 1787 id
751 1750 857 1801 quod
878 1751 1045 1802 agimu&
1079 1751 1184 1801 Ergo
1206 1749 1281 1787 hoc
1303 1750 1491 1802 primum.
1525 1751 1709 1802 Sequitur
1729 1751 1852 1788 illud:

477 1816 557 1868 ipse
589 1816 728 1853 melior
760 1815 825 1859 fio,
858 1816 1031 1867 primum
1064 1815 1298 1860 valetudine,
1330 1828 1463 1867 quam,
1494 1815 1716 1853 intermistis
1744 1829 1855 1853 exer-

479 1882 748 1924 citationibus,
780 1881 1006 1918 amiseram:
1040 1880 1179 1917 deinde
1208 1881 1288 1932 ipsa
1315 1880 1397 1924 illa,
1429 1880 1454 1917 fi
1488 1894 1563 1931 qua
1594 1879 1672 1917 fuit
1703 1880 1743 1916 in
1775 1894 1853 1925 me,

478 1946 642 1984 facultas
677 1947 877 1989 orationis,
918 1946 987 1983 nifi
1022 1959 1084 1982 me
1115 1946 1161 1982 ad
1195 1944 1263 1982 has
1297 1946 1592 1983 exercitationes
1627 1945 1852 1990 retulissem,

478 2011 694 2049 exaruisset.
741 2011 976 2048 Extremum
1008 2010 1107 2048 illud
1136 2009 1202 2055 est,
1235 2010 1341 2062 quod
1371 2019 1413 2048 tu
1444 2010 1572 2048 nescio
1600 2024 1648 2048 an
1679 2011 1855 2062 primum

477 2086 589 2128 putes
608 2091 616 2113 :
649 2076 778 2128 plures
799 2076 881 2127 jam
903 2088 1068 2127 pavones
1096 2074 1265 2119 confeci,
1296 2089 1415 2127 quam
1438 2085 1480 2112 tu
1500 2076 1630 2127 pullos
1652 2075 1854 2112 columbi-

478 2155 563 2179 nos.
596 2143 662 2179 Tu
683 2141 767 2178 istic
789 2150 825 2178 te
847 2142 1032 2178 Ateriano
1047 2142 1134 2192 jure
1155 2140 1365 2178 delectato:
1389 2154 1461 2192 ego
1482 2155 1544 2178 me
1563 2140 1630 2178 hic
1650 2141 1851 2179 Hirtiano,

479 2207 580 2244 Veni
612 2207 747 2257 igitur,
779 2206 805 2243 fi
836 2206 894 2243 vir
925 2220 979 2250 es,
1010 2215 1048 2243 et
1075 2205 1177 2242 disce
1192 2207 1275 2257 jam
1295 2200 1539 2251 πιξολεγομῖόοος,
1568 2219 1662 2258 quas
1684 2207 1850 2258 quaeris:

477 2272 543 2309 ets1
565 2272 625 2309 sus
647 2272 883 2309 Minervam.
931 2271 1001 2308 Sed
1023 2270 1192 2322 quando,
1238 2280 1281 2308 ut
1311 2271 1437 2315 video,
1468 2270 1737 2308 aestimationes
1768 2280 1852 2308 tuas

478 2336 640 2374 vendere
661 2350 739 2374 non
761 2346 885 2388 potes,
917 2350 1042 2388 neque
1063 2336 1181 2373 ollam
1203 2335 1450 2373 denariorum
1470 2335 1648 2387 implere,
1680 2336 1853 2373 Romam

478 2402 552 2439 tibi
586 2401 876 2453 remigrandum
911 2401 975 2439 est.
1029 2402 1152 2438 Satius
1187 2400 1241 2437 est
1274 2399 1340 2438 hic
1374 2400 1579 2445 cruditate,
1613 2414 1731 2453 quam
1765 2399 1850 2438 istie

476 2467 591 2505 fame.
638 2468 764 2505 Video
795 2476 833 2505 te
865 2467 966 2505 bona
992 2465 1221 2518 perdidiffe:
1254 2465 1362 2518 spero
1389 2465 1493 2504 idem
1523 2466 1620 2504 istuc
1640 2465 1849 2504 familiares
