2351 2997
574 240 647 291 136
915 241 1595 281 EPISTOLARUM

571 338 731 383 Caesare‚
751 340 982 391 Pompeium
1002 340 1190 378 faciebam
1208 341 1389 393 plurimi:
1414 341 1475 379 sed
1496 351 1574 379 erat
1591 356 1723 380 meum
1740 342 1946 380 confilium

570 417 662 441 cum
685 404 797 441 fidele
820 406 1022 456 Pompeio,
1042 416 1127 442 tum
1149 406 1309 443 salutare
1330 407 1500 457 utrique.
1534 409 1632 458 Qae
1653 418 1833 459 praeterea
1851 422 1946 460 pro-

569 468 748 511 viderim,
782 478 988 519 praetereo:
1024 469 1115 506 nolo
1146 471 1251 506 enim
1284 468 1390 506 hunc
1418 470 1464 507 de
1490 484 1552 508 me
1583 473 1731 523 optime
1760 473 1947 510 meritum

568 532 800 576 existimare,
832 546 874 568 ea
905 546 967 569 me
1000 532 1142 570 suafiffe
1175 534 1378 586 Pompeio,
1411 535 1553 585 quibus
1589 536 1656 573 ille
1691 537 1715 573 si
1750 538 1944 588 paruiffet,

569 596 659 633 effet
679 595 744 633 hic
766 596 925 647 quidem
948 597 1072 634 clarus
1095 598 1132 634 in
1163 607 1252 649 toga
1281 608 1318 635 et
1349 600 1557 651 princeps3
1590 600 1653 637 sed
1686 610 1807 638 tantas
1839 616 1945 654 opes,

568 670 730 711 quantas
752 675 857 698 nunc
878 661 1009 706 habet,
1028 676 1104 699 non
1128 662 1300 701 haberet.
1336 664 1522 701 Eundum
1543 666 1583 701 in
1600 665 1831 716 Hispaniam
1853 680 1947 704 cen-

569 725 649 770 sui3
673 726 777 776 quod
795 726 819 762 fi
841 725 1002 770 fecifl‘et,
1020 728 1134 764 civile
1158 728 1307 765 bellum
1330 729 1485 765 nullum
1506 730 1669 775 omnino
1690 729 1832 768 fuiss'et.
1866 732 1947 769 Ra-

568 791 717 828 tionem
740 790 873 828 haberi
894 792 1059 829 absentis
1082 806 1160 829 non
1183 803 1261 830 tam
1290 795 1459 845 pugnavi
1488 804 1530 831 ut
1558 794 1706 838 liceret,
1740 809 1858 846 quam
1888 805 1946 840 ut,

569 869 677 900 cum,
726 856 808 907 ipso
848 857 1005 894 consule
1044 867 1257 908 pugnante,
1305 858 1474 909 populus
1508 860 1680 909 jusserat,
1725 860 1945 899 haberetur.

571 921 694 958 Causa
727 931 810 958 orta
844 922 937 959 belli
972 922 1024 959 est
1043 938 1051 960 ε
1096 924 1190 974 quid
1225 938 1296 974 ego
1333 925 1553 975 praetermisi
1588 936 1653 962 aut
1688 927 1947 971 monitorum,

570 995 636 1023 aut
665 986 925 1037 querelarum,
957 1001 1049 1024 cum
1077 988 1137 1024 vel
1166 988 1445 1039 iniquiffimam
1466 990 1822 1040 pacemjustiffimo
1845 991 1950 1028 bello

570 1049 833 1087 anteferrem?
871 1051 984 1087 Victa
1014 1051 1065 1088 est
1098 1053 1302 1089 auetoritas
1335 1067 1434 1096 mea,
1467 1066 1543 1089 non
1578 1062 1656 1090 tam
1688 1067 1709 1090 a
1743 1055 1948 1106 Pompeio,

570 1116 682 1166 (nam
703 1116 734 1151 is
756 1116 1002 1165 movebatur)
1022 1130 1140 1167 quam
1161 1117 1207 1153 ab
1230 1118 1291 1161 iis,
1310 1118 1392 1168 qui,
1412 1119 1509 1154 duce
1527 1119 1716 1170 Pompeio
1737 1118 1842 1164 freti,
1860 1134 1949 1172 per-

569 1189 833 1231 opportunam
849 1189 886 1217 et
908 1181 1020 1217 rebus
1038 1181 1258 1218 domesticis
1275 1191 1313 1218 et
1333 1182 1616 1233 cupiditatibus
1634 1183 1709 1220 suis
1732 1184 1837 1221 illius
1856 1185 1951 1222 belli

569 1245 771 1283 vietoriam
793 1243 874 1282 fore
891 1245 1094 1297 putabant.
1120 1246 1349 1298 Susceptum
1368 1246 1518 1284 bellum
1539 1247 1605 1292 est,
1623 1248 1844 1298 quiescente
1859 1263 1922 1287 me
1938 1265 1948 1288 ι

569 1309 776 1362 depulsum
797 1323 843 1347 ex
867 1310 991 1356 Italia,
1014 1320 1195 1349 manente
1216 1325 1292 1356 me,
1315 1312 1442 1364 quoad
1462 1313 1573 1364 potui
1591 1328 1599 1350 z
1624 1313 1686 1350 sed
1707 1313 1828 1351 valuit
1848 1315 1951 1366 apud

570 1389 633 1412 me
653 1376 742 1427 plus
764 1376 889 1427 pudor
909 1389 1033 1421 meus,
1052 1390 1169 1427 quam
1189 1377 1333 1414 timor:
1356 1377 1501 1415 veritus
1524 1377 1609 1414 sum
1629 1378 1749 1416 deesse
1770 1379 1951 1432 Pompeii

568 1440 697 1486 saluti,
729 1454 821 1478 cum
843 1441 911 1478 ille
931 1441 1139 1493 aliquando
1160 1455 1238 1479 non
1259 1441 1437 1480 defuiffet
1458 1455 1566 1481 meae.
1612 1444 1747 1495 Itaque
1773 1445 1832 1481 vel
1860 1445 1951 1482 offi-

566 1505 646 1550 cio,
669 1506 729 1543 vel
749 1505 854 1543 fama
874 1506 1083 1550 bonorum,
1115 1507 1175 1544 vel
1196 1507 1357 1559 pudore,
1385 1508 1523 1552 vietus,
1556 1517 1599 1545 ut
1620 1508 1660 1545 in
1682 1508 1825 1546 fabulis
1848 1510 1949 1546 Am-

569 1569 765 1622 phiaraus,
797 1571 846 1608 fic
868 1585 939 1622 ego
960 1571 1129 1622 prudens
1151 1581 1189 1609 et
1209 1572 1331 1609 sciens
1352 1572 1397 1608 ad
1419 1572 1563 1623 pestem
1584 1582 1671 1610 ante
1692 1573 1827 1611 oculos
1849 1574 1950 1627 pofi-

569 1644 650 1673 tam
671 1636 755 1673 sum
777 1636 988 1688 profe&us.
1022 1639 1114 1687 Qo
1134 1637 1174 1673 in
1197 1637 1301 1674 bello
1320 1636 1418 1674 nihil
1440 1637 1581 1675 adversi
1597 1638 1739 1675 accidit
1758 1652 1834 1676 non
1852 1653 1950 1691 prae-

569 1700 724 1739 dicente
745 1715 821 1739 me.
870 1703 1013 1752 Qare,
1046 1716 1138 1739 cum
1166 1711 1209 1739 ut
1236 1716 1399 1753 augures
1417 1692 1470 1739 'et
1502 1702 1682 1755 astrologi
1710 1704 1848 1748 solent,
1879 1718 1952 1757 ego

568 1778 725 1817 quoque
745 1779 867 1817 augur
888 1766 1071 1817 publicus
1092 1780 1140 1804 ex
1160 1766 1257 1804 meis
1274 1767 1536 1818 superioribus
1558 1768 1750 1819 praedietis
1767 1768 1953 1807 constitui

569 1831 671 1882 apud
693 1841 729 1869 te
749 1832 1018 1869 auctoritatem
1039 1833 1191 1884 augurii
1211 1841 1249 1870 et
1270 1832 1521 1869 divinationis
1548 1847 1656 1877 meae,
1689 1833 1848 1871 debebit
1880 1834 1952 1872 ha-

570 1898 659 1935 bere
680 1897 799 1934 fidem
820 1897 945 1934 nostra
964 1898 1176 1949 praedietio.
1210 1898 1305 1935 Non
1327 1898 1448 1948 igitur
1469 1911 1516 1935 ex
1537 1898 1640 1935 alitis
1662 1899 1853 1944 involatu,
1882 1913 1952 1938 nec

571 1976 591 1999 e
611 1971 727 1999 cantu
750 1962 897 1999 finistro
918 1963 1074 2006 oscinis,
1107 1971 1150 1999 ut
1171 1963 1209 1998 in
1234 1962 1358 1999 nostra
1378 1962 1584 2014 disciplina
1603 1962 1670 2006 est,
1702 1977 1773 2001 nec
1802 1977 1849 2001 ex
1881 1966 1953 2002 tri-

572 2026 702 2078 pudiis
723 2026 918 2063 solistimis
941 2035 1005 2064 aut
1028 2026 1184 2064 soniviis
1207 2027 1280 2064 tibi
1300 2041 1489 2077 auguror:
1514 2027 1575 2064 sed
1596 2026 1721 2065 habeo
1741 2029 1814 2066 alia
1834 2029 1952 2081 signa,

571 2105 656 2143 quae
688 2090 915 2135 observem;
947 2104 1032 2142 quae
1053 2090 1118 2128 etfi
1140 2105 1219 2129 non
1241 2091 1328 2128 sunt
1350 2092 1513 2129 certiora
1534 2092 1628 2136 illis,
1660 2093 1791 2130 minus
1825 2103 1955 2132 tamen

573 2157 719 2194 habent
739 2156 799 2194 vel
826 2156 1089 2201 obscuritatis,
1121 2157 1180 2194 vel
1211 2157 1363 2194 erroris.
1412 2157 1614 2195 Notantur
1633 2167 1764 2196 autem
1785 2158 1887 2197 mihi
1908 2160 1955 2197 ad

573 2221 830 2260 divinandum
860 2221 964 2273 signa
993 2222 1143 2274 duplici
1172 2222 1338 2273 quadam
1366 2223 1453 2267 via3
1487 2235 1653 2274 quarum
1673 2224 1832 2262 alteram
1854 2225 1955 2263 duco

574 2302 594 2326 a
615 2287 759 2326 Caesare
781 2287 877 2340 ipso,
910 2287 1068 2324 alteram
1089 2302 1109 2325 e
1130 2296 1354 2339 temporum
1384 2288 1564 2325 civilium
1595 2297 1731 2326 natura
1756 2299 1872 2342 atque
1893 2305 1953 2328 ra-

574 2354 697 2391 tione.
743 2353 790 2390 In
818 2351 963 2390 Caesare
990 2351 1071 2390 haec
1100 2352 1215 2391 sunt:
1250 2353 1357 2391 mitis
1379 2353 1628 2405 clemensque
1649 2363 1797 2399 natura,
1829 2356 1954 2407 qualis

574 2418 810 2471 exprimitur
830 2417 1013 2469 praeclaro
1042 2418 1114 2456 illo
1142 2418 1246 2455 libro
1267 2418 1525 2468 Qerelarum
1556 2427 1725 2458 tuarum.
1772 2407 1954 2465 Accedit,

574 2484 681 2538 quod
696 2483 864 2523 mirifice
880 2484 1048 2536 ingeniis
1064 2484 1364 2530 excellentibus,
1383 2485 1496 2538 quale
1512 2484 1565 2523 est
1582 2494 1711 2532 tuum,
1729 2485 1952 2524 delectatur.
