2351 2997
553 283 598 321 28
870 283 1551 322 EplsTOLARLJM

782 517 1020 553 Ciceao
1064 515 1462 552 CORNifICio
1504 517 1627 554 S.D.

520 644 674 682 XXVI.
788 643 962 681 UINT
978 643 1015 679 U
1031 643 1052 678 S
1085 642 1246 686 Turius,
1279 644 1345 694 qui
1368 644 1407 681 in
1430 641 1564 679 Africa
1585 642 1802 694 negotiatus
1823 643 1889 688 est‚

805 708 864 744 vir
893 708 1018 745 bonus
1048 715 1086 744 et
1114 706 1311 752 honestus,
1343 708 1499 746 heredes
1527 706 1622 744 fecit
1649 707 1789 745 similes
1818 707 1890 753 sui,

520 776 598 813 Cn.
634 774 901 817 Saturninum,
946 773 1032 809 Sex.
1067 772 1288 817 Aufidium,
1322 774 1373 810 C.
1407 773 1623 817 Anneium,
1667 774 1733 823 Q
1754 773 1893 810 Confi-

520 840 631 877 dium
664 839 843 882 Gallum,
875 839 923 875 L.
948 837 1154 874 Servilium
1185 837 1430 882 Postumum,
1464 839 1511 875 C.
1535 837 1784 875 Rubellium.
1831 838 1894 875 Ex

520 918 655 942 eorum
681 903 854 941 oratione
881 901 1072 946 intellexi,
1103 901 1315 952 gratiarum
1345 902 1493 939 actione
1521 915 1585 938 eos
1616 902 1739 953 magis
1767 915 1891 953 egere,

520 983 638 1022 quam
673 967 1025 1006 commendatione.
1072 967 1202 1004 Tanta
1234 967 1340 1004 enim
1375 967 1606 1004 liberalitate
1639 967 1676 1004 se
1709 976 1775 1004 tua
1808 967 1894 1004 usos

519 1033 793 1086 praedicabant,
824 1041 868 1069 ut
888 1032 934 1069 iis
954 1031 1043 1083 plus
1064 1043 1084 1067 a
1105 1039 1141 1067 te
1162 1030 1358 1068 tributum
1377 1030 1652 1082 intelligerem,
1684 1043 1802 1081 quam
1822 1043 1894 1081 ego

519 1109 557 1136 te
577 1099 757 1136 auderem
777 1110 922 1148 rogare.
968 1095 1136 1133 Audebo
1167 1104 1294 1134 tamen
1314 1111 1323 1134 ε
1356 1096 1434 1134 scio
1454 1096 1560 1133 enim
1580 1104 1772 1147 quantum
1792 1109 1894 1147 pon-

518 1165 618 1202 deris
640 1177 725 1202 mea
743 1161 1034 1201 commendatio
1054 1161 1100 1198 fit
1120 1159 1313 1199 habitura.
1361 1163 1491 1213 Qare
1520 1174 1540 1198 a
1567 1170 1603 1198 te
1634 1170 1740 1213 peto,
1772 1170 1816 1198 ut
1847 1161 1894 1198 ad

517 1244 602 1268 eam
631 1230 919 1273 liberalitatem,
951 1241 1028 1280 qua
1053 1227 1130 1264 fine
1152 1227 1248 1264 meis
1276 1228 1399 1265 literis
1421 1227 1509 1264 usus
1531 1240 1584 1271 es,
1616 1240 1735 1279 quam
1764 1227 1892 1264 maxi-

518 1309 606 1334 mus
626 1294 688 1333 his
711 1295 832 1332 literis
852 1294 1036 1332 cumulus
1057 1292 1226 1330 accedat.
1274 1294 1404 1344 Caput
1429 1302 1559 1330 autem
1586 1292 1639 1329 est
1665 1306 1760 1330 meae
1780 1305 1891 1329 com-

517 1361 793 1405 mendationis,
825 1373 873 1397 ne
899 1359 1043 1411 patiare
1063 1359 1224 1395 Erotem
1246 1359 1432 1402 Turium,
1465 1358 1659 1409 QTurii
1688 1357 1891 1402 libertum,

519 1436 562 1465 ut
596 1426 722 1464 adhuc
757 1425 866 1470 fecit,
901 1423 1157 1462 hereditatem
1189 1422 1405 1460 Turianam
1439 1431 1634 1466 avertere3
1671 1421 1893 1473 caeterisque

517 1492 702 1530 omnibus
724 1491 837 1528 rebus
858 1489 997 1527 habeas
1018 1502 1082 1526 eos
1103 1487 1513 1525 commendatiffimos.
1549 1488 1738 1538 Magnam
1758 1500 1806 1524 ex
1825 1500 1892 1523 eo-

517 1571 606 1594 rum
627 1555 828 1608 splendore
850 1562 888 1591 et
908 1552 1148 1591 observantia
1167 1553 1293 1604 capies
1315 1552 1571 1603 voluptatem.
1618 1552 1736 1602 Qod
1762 1559 1804 1588 ut
1824 1564 1891 1588 ve-

515 1622 581 1666 lis,
613 1630 650 1658 te
670 1619 920 1659 vehementer
939 1619 1056 1657 etiam
1075 1626 1191 1669 atque
1211 1617 1328 1655 etiam
1349 1630 1457 1668 rogo.
1491 1616 1600 1653 Vale.

604 1823 669 1861 M.
701 1823 754 1860 T.
789 1823 1028 1859 CICERO
1069 1821 1556 1871 QCORNIFICIO
1598 1820 1635 1857 S.
1669 1819 1713 1857 P.
1746 1819 1801 1857 D.

517 1950 693 1989 XXVII.
719 1949 764 2019 S
779 1950 811 1986 E
827 1949 863 1986 X
879 1949 916 1986 T
929 1948 966 1985 U
983 1948 1004 1984 S
1035 1947 1217 1985 Aufidius
1248 1955 1286 1984 et
1316 1946 1568 1992 observantia,
1601 1958 1677 1997 qua
1696 1958 1758 1982 me
1779 1945 1890 1990 colit,

791 2013 940 2051 accedit
959 2012 1006 2049 ad
1026 2012 1225 2064 proximos
1243 2030 1254 2056 3
1286 2021 1324 2048 et
1345 2011 1546 2063 splendore
1566 2010 1690 2061 equiti
1711 2011 1892 2047 Romano

518 2080 668 2118 nemini
689 2078 806 2116 cedit.
843 2077 910 2115 Est
930 2086 1060 2114 autem
1081 2078 1134 2114 ita
1153 2077 1375 2128 temperatis
1397 2075 1680 2126 moderatisque
1700 2075 1892 2119 moribus,

518 2154 562 2182 ut
589 2145 739 2182 summa
768 2143 942 2180 severitas
972 2141 1123 2180 summa
1146 2155 1240 2179 cum
1261 2140 1721 2192 humanitatejungatur.
1769 2139 1894 2191 Cujus

517 2210 592 2249 tibi
624 2208 791 2261 negotia,
823 2222 908 2260 quae
940 2207 1028 2245 sunt
1058 2208 1100 2244 in
1131 2206 1281 2252 Africa,
1313 2208 1365 2244 ita
1394 2206 1643 2249 com-mendo,
1675 2213 1718 2241 ut
1749 2205 1894 2256 majore

516 2275 657 2319 studio,
689 2273 856 2325 magisve
877 2287 923 2311 ex
944 2274 1089 2317 animm,
1121 2272 1394 2310 commendare
1423 2284 1501 2308 non
1532 2270 1683 2322 poflim.
1730 2269 1890 2320 Pergra-

516 2349 603 2378 tum
623 2338 724 2377 mihi
744 2338 896 2383 feceris,
927 2339 953 2376 fi
976 2337 1123 2375 dederis
1144 2350 1314 2389 operam,
1338 2345 1380 2374 ut
1401 2337 1431 2373 is
1454 2336 1649 2387 intelligat
1669 2347 1770 2371 meas
1791 2333 1893 2386 apud

516 2414 556 2444 te
575 2405 703 2442 literas
725 2404 944 2441 maximum
965 2403 1118 2455 pondus
1139 2401 1325 2440 habuisse.
1371 2402 1464 2439 Hoc
1486 2409 1522 2438 te
1543 2399 1804 2444 vehementer,
1836 2399 1892 2436 mi

519 2470 724 2516 Cornifici,
757 2483 865 2522 rogo.
898 2469 1007 2508 Vale.
