2351 2997
563 329 637 369 392
905 317 1584 355 EPISTOLARUM

560 418 702 462 faxint,
734 426 777 454 ut
803 416 869 454 tali
891 429 1030 467 genero
1052 415 1152 452 mihi
1177 415 1353 466 praesenti
1374 425 1505 452 tecum
1527 416 1638 453 simul
1659 424 1696 453 et
1717 429 1807 453 cum
1831 416 1932 454 libe-

561 485 612 521 ris
634 483 769 520 nostris
792 481 869 518 frui
891 481 1017 517 liceat.
1065 480 1185 517 Nunc
1209 478 1289 531 spes
1311 480 1458 531 reliqua
1478 481 1530 517 est
1550 482 1589 518 in
1612 483 1719 519 novis
1742 483 1933 520 Tribunis

560 549 700 600 plebis,
733 556 770 583 et
791 547 830 582 in
852 545 988 598 primis
1010 543 1170 596 quidem
1191 544 1328 581 diebus
1348 560 1355 581 :
1391 559 1479 582 nam
1501 546 1525 582 fi
1550 547 1783 591 inveterarit‚
1805 549 1934 585 achim

559 612 625 650 est.
672 613 729 648 Ea
759 624 796 648 re
823 610 869 647 ad
897 619 933 646 te
955 609 1080 646 statim
1102 608 1379 646 Aristocritum
1401 610 1500 654 mifi,
1533 619 1576 647 ut
1596 611 1642 647 ad
1663 624 1725 648 me
1745 613 1935 649 continuo

560 678 672 715 initia
703 689 832 714 rerum
863 685 901 713 et
935 675 1124 712 rationem
1157 675 1277 712 totius
1311 676 1455 726 negotii
1490 675 1609 727 posses
1645 676 1809 714 scribere
1828 692 1835 714 :
1868 678 1935 715 etfi

562 744 747 796 Dexippo
767 755 923 794 quoque
943 742 996 778 ita
1016 741 1217 792 imperavi,
1250 739 1377 778 statim
1398 750 1442 778 ut
1462 751 1672 779 recurreret
1689 761 1700 786 ;
1732 752 1769 779 et
1790 743 1836 779 ad
1855 742 1934 780 fra-

560 819 660 847 trem
680 809 780 852 misi,
812 816 855 845 ut
876 806 1010 844 crebro
1031 806 1249 843 tabellarios
1272 807 1458 844 mitteret.
1492 807 1598 844 Nam
1619 820 1690 858 ego
1709 821 1755 844 eo
1777 808 1937 845 nomine

560 876 644 913 sum
667 873 876 924 Dyrrachii
897 871 972 909 hoc
994 880 1182 922 tempore,
1215 880 1257 908 ut
1278 884 1395 922 quam
1417 872 1630 916 celerrime,
1663 872 1759 924 quid
1785 882 1932 924 agatur,

559 941 741 984 audiam;
773 949 811 976 et
838 939 921 976 sum
949 947 1061 975 tuto:
1095 936 1229 974 civitas
1257 936 1363 974 enim
1390 936 1472 974 haec
1494 937 1642 989 semper
1661 951 1682 974 a
1701 951 1764 975 me
1784 937 1937 976 defensa

560 1006 626 1043 est.
674 1007 778 1043 Cum
808 1003 960 1041 inimici
982 1002 1099 1040 nostri
1120 1002 1249 1039 venire
1269 1001 1463 1046 dicentur,
1496 1011 1581 1039 tum
1602 1002 1641 1039 in
1664 1003 1831 1054 Epirum
1853 1003 1934 1042 ibo„

561 1071 680 1122 Qod
708 1070 857 1113 scribis,
890 1078 940 1113 te,
974 1068 997 1105 s1
1026 1068 1159 1111 velim,
1191 1067 1236 1104 ad
1264 1080 1326 1104 me
1355 1077 1585 1111 venturam5
1617 1081 1688 1119 ego
1708 1081 1812 1112 ver0‚
1844 1081 1936 1106 cum

560 1138 677 1175 sciam
699 1148 880 1187 magnam
902 1142 1048 1185 partem
1070 1132 1177 1169 istius
1199 1133 1325 1170 oneris
1347 1133 1413 1170 abs
1436 1142 1472 1170 te
1494 1132 1682 1178 sustineri,
1705 1141 1741 1170 te
1762 1133 1846 1170 istic
1866 1133 1938 1171 effe

560 1202 664 1240 volo.
703 1202 740 1238 Si
761 1199 963 1253 perficitis,
994 1197 1101 1250 quod
1121 1198 1250 1249 agitis,
1283 1211 1345 1235 me
1365 1198 1410 1235 ad
1432 1211 1498 1234 vos
1518 1198 1649 1235 venire
1669 1207 1849 1249 oportet:
1882 1198 1936 1236 fin

560 1278 691 1305 autem
716 1297 723 1304 .
747 1297 754 1304 .
778 1296 785 1303 .
810 1265 872 1303 sed
892 1264 993 1302 nihil
1014 1277 1112 1316 opus
1133 1263 1186 1300 est
1206 1264 1355 1314 reliqua
1375 1263 1551 1301 scribere.
1599 1264 1660 1301 Ex
1689 1264 1842 1315 primis,
1873 1274 1939 1301 aut

562 1334 761 1370 summum
782 1329 974 1374 secundis,
1001 1329 1123 1366 literis
1145 1328 1222 1366 tuis
1243 1328 1475 1366 constituere
1495 1329 1725 1380 poterimUS‚
1747 1329 1844 1381 quid
1865 1342 1937 1366 no-

562 1398 621 1435 bis
643 1396 867 1434 faciendum
888 1395 947 1433 fit.
982 1396 1047 1431 Tu
1070 1392 1188 1430 modo
1207 1392 1254 1430 ad
1274 1406 1336 1429 me
1356 1393 1476 1430 velim
1495 1393 1628 1430 omnia
1647 1392 1938 1443 diligentissime

562 1462 772 1514 perscribas
792 1476 800 1499 :
828 1461 894 1498 etsi
916 1459 1038 1510 magis
1054 1459 1137 1510 jam
1157 1471 1254 1501 rem,
1277 1470 1394 1508 quam
1415 1457 1559 1501 literas,
1582 1456 1703 1494 debeo
1723 1458 1935 1509 expectare.

564 1531 682 1572 Cura,
715 1538 758 1564 ut
789 1526 926 1569 valeas,
958 1534 996 1561 et
1027 1524 1081 1561 ita
1112 1523 1187 1560 tibi
1219 1522 1454 1574 persuadeas,
1486 1522 1587 1559 mihi
1614 1531 1651 1560 te
1679 1522 1804 1560 carius
1836 1522 1939 1560 nihil

562 1594 648 1638 effe,
680 1605 750 1630 nec
772 1604 945 1642 unquam
965 1588 1089 1627 fuiss‘e.
1123 1588 1233 1632 Vale,
1256 1600 1341 1624 mea
1361 1587 1559 1631 Terentia,
1582 1600 1700 1638 quam
1720 1600 1792 1638 ego
1812 1587 1941 1625 videre

561 1659 694 1697 videor
713 1673 721 1696 ε
754 1658 884 1708 itaque
905 1654 1089 1692 debilitor
1109 1653 1306 1704 lacrymis,
1340 1653 1450 1691 Vale.
1492 1651 1622 1690 Pridie
1642 1652 1834 1690 Kalendas
1856 1653 1940 1691 De-

561 1723 711 1761 cem-br.
735 1719 957 1772 Dyrrachii.

725 1923 932 1959 Turnus
974 1922 1257 1963 TERENTIAE,
1299 1930 1358 1956 ET
1400 1918 1675 1961 TULLIOLAE,
1717 1930 1777 1954 ET

945 1986 1174 2022 CICERONI
1218 1995 1311 2020 suis
1355 1983 1392 2020 S.
1425 1982 1469 2019 P.
1503 1982 1557 2020 D.

568 2116 640 2155 IV.
663 2113 836 2185 EGO
878 2112 1008 2150 minus
1044 2112 1138 2163 saepe
1173 2110 1219 2147 ad
1250 2123 1317 2148 vos
1352 2108 1402 2147 do
1436 2110 1580 2153 literas,
1622 2121 1740 2161 quam
1774 2108 1939 2161 pofl'um‚

755 2187 955 2231 propterea
975 2177 1082 2229 quod
1101 2190 1193 2214 cum
1213 2176 1346 2213 omnia
1366 2174 1467 2212 mihi
1488 2183 1663 2226 tempora
1682 2174 1770 2212 sunt
1791 2175 1940 2219 misera,

566 2255 654 2284 tum
674 2257 763 2282 vero
784 2256 875 2281 cum
895 2252 961 2280 aut
982 2242 1107 2280 scribo
1127 2241 1174 2279 ad
1193 2253 1275 2284 vos,
1306 2249 1372 2278 aut
1393 2239 1528 2278 vestras
1551 2239 1654 2291 lego,
1676 2239 1863 2277 conficior
1883 2239 1940 2276 la-

565 2309 726 2360 crymis,
759 2308 807 2345 slc
840 2316 884 2345 ut
915 2307 1013 2345 ferre
1044 2320 1122 2344 non
1156 2305 1308 2358 posfim.
1354 2304 1473 2355 Qod
1508 2304 1658 2341 utinam
1692 2304 1823 2342 minus
1855 2303 1942 2340 vitae

567 2374 703 2427 cupidi
723 2372 951 2417 fuiffemus3
983 2382 1085 2410 certe
1115 2371 1231 2416 nihil,
1263 2379 1329 2408 aut
1355 2383 1434 2407 non
1460 2370 1649 2413 multum,
1681 2369 1721 2406 in
1747 2369 1826 2407 vita
1849 2368 1943 2406 mali

569 2439 805 2478 vidissemus.
852 2437 971 2489 Qod
1002 2438 1028 2476 fi
1061 2450 1129 2475 nos
1161 2436 1207 2474 ad
1239 2435 1410 2486 aliquam
1440 2434 1604 2486 alicujus
1639 2433 1838 2472 commodi
1869 2433 1943 2470 ali-

568 2503 725 2558 quando
744 2503 995 2555 recuperandi
1016 2503 1122 2555 spem
1142 2501 1299 2540 fortuna
1318 2499 1534 2544 reservavit,
1552 2500 1682 2537 minus
1703 2499 1755 2537 est
1774 2506 1944 2536 erratum

568 2585 590 2611 a
609 2570 722 2610 nobis
741 2584 750 2609 :
783 2569 838 2608 fin
867 2567 949 2608 haec
979 2568 1080 2607 mala
1108 2567 1185 2606 fixa
1208 2567 1325 2613 sunt5
1355 2578 1428 2617 ego
1449 2578 1537 2603 vero
1557 2573 1594 2603 te
1615 2578 1732 2616 quam
1752 2563 1939 2616 primum,
