2351 2997
500 287 579 340 436
847 281 1531 324 EPISTOLARUM

504 393 542 421 et
574 382 649 421 tibi
680 382 784 419 daret
816 381 923 433 quod
953 393 1050 432 opus
1083 379 1199 417 effet:
1232 391 1310 423 me,
1341 378 1407 415 cui
1435 376 1610 428 juffiffet‚
1642 385 1890 417 curaturum..

506 450 668 500 Equum
689 457 727 484 et
748 447 904 484 mulum
926 444 1131 483 Brundufii
1153 442 1227 479 tibi
1249 442 1404 493 reliqui.
1451 443 1589 480 Romae
1615 456 1746 480 vereor
1773 456 1820 480 ne
1840 456 1891 481 ex

508 513 596 550 Kal.
621 513 708 562 Jan.
731 511 864 561 magni
894 509 1089 547 tumultus
1123 507 1210 544 fint.
1258 507 1344 544 Nos
1374 519 1533 557 agemus
1560 508 1692 544 omnia
1718 507 1888 546 modice.

510 577 728 626 Reliquum
749 574 815 618 est,
848 582 891 611 ut
912 582 950 610 te
970 572 1046 610 hoc
1068 584 1202 623 rogem
1223 579 1261 607 et
1281 583 1301 607 a
1322 580 1358 608 te
1379 579 1524 622 petam,
1547 583 1594 607 ne
1616 579 1758 609 temere
1779 573 1890 609 navi-2

509 654 590 692 ges,
637 639 771 676 Solent
796 647 920 676 nautae
940 636 1117 675 festinare
1138 634 1304 687 quaestus
1325 634 1382 671 sui
1403 634 1526 672 eausa.
1573 635 1722 672 Cautus
1743 636 1804 680 sis,
1835 637 1895 673 mi·

511 706 625 742 Tiro.
672 705 784 742 Mare
813 716 1003 754 magnum
1030 710 1068 739 et
1095 700 1256 738 difficile
1279 700 1353 737 tibi
1378 699 1503 737 restat.
1550 700 1588 739 Si
1609 700 1769 751 poteris,
1800 713 1894 738 cum

513 769 737 813 Mescinio;
769 776 880 804 caute
902 768 932 804 is
955 766 1050 804 solet
1071 766 1248 816 navigare
1268 779 1276 802 :
1310 764 1334 801 fi
1357 765 1503 808 minus,
1525 777 1618 801 cum
1638 764 1799 802 honesto
1820 765 1894 802 ali-

513 847 592 884 quo
613 833 789 877 homine,
820 833 932 883 cujus
953 831 1180 868 a11&oritate
1201 829 1459 866 navicularius
1480 838 1693 867 moveatur.
1740 830 1786 867 In
1816 827 1894 868 hoe

513 912 673 936 omnem
713 898 958 948 diligentiam
998 896 1023 932 fi
1062 893 1300 937 adhibueris,
1345 903 1461 944 teque
1500 893 1612 930 nobis
1653 894 1900 933 incolumem.

515 962 748 1015 praestiteris,
780 962 912 1004 omnia
944 974 965 997 a
998 969 1035 997 te
1069 959 1236 997 habebo.
1287 959 1419 996 Etiam
1454 966 1570 1008 atque
1603 958 1734 1003 etiam,
1771 960 1895 997 noster

516 1029 630 1072 Tiro,
662 1027 758 1065 vale.
801 1026 978 1070 Medico,
1010 1026 1147 1069 Curio,
1179 1023 1341 1075 Lysoni,
1372 1023 1419 1060 de
1441 1031 1477 1060 te
1498 1022 1626 1075 scripfi
1647 1022 1894 1076 diligentiffi=

516 1105 594 1132 me.
630 1092 740 1137 Vale,
771 1091 887 1131 salve.
1238 1097 1241 1101 ⁴

833 1293 895 1330 M.
928 1293 982 1330 T.
1015 1291 1064 1329 C.
1098 1292 1338 1329 TIRONI
1381 1290 1418 1328 S.
1451 1289 1496 1328 P.
1530 1290 1584 1328 D.

522 1422 574 1460 X.
599 1419 712 1492 EG
731 1420 767 1456 O
798 1433 887 1457 vero
908 1419 1026 1471 cupio
1047 1428 1084 1456 te
1104 1418 1150 1455 ad
1172 1431 1234 1456 me
1253 1417 1398 1461 venire,
1422 1417 1483 1454 sed
1504 1417 1605 1454 viam
1628 1416 1762 1454 timeo.
1795 1417 1901 1454 Gra=

695 1485 842 1523 viffime
862 1484 1075 1535 aegrotasti3
1108 1482 1253 1526 inedia,
1271 1491 1310 1518 et
1330 1481 1642 1533 purgationibus,
1665 1490 1703 1518 et
1723 1481 1761 1518 vi
1781 1481 1901 1532 ipfius

522 1551 667 1596 morbi,
698 1549 954 1600 consumptus
974 1562 1028 1586 es.
1076 1549 1223 1585 Graves
1252 1546 1374 1583 solent
1404 1545 1632 1583 offenfiones
1653 1545 1724 1582 effe
1743 1559 1790 1583 ex
1809 1559 1900 1596 gra-

522 1617 636 1654 vibus
658 1614 821 1658 morbis,
854 1614 879 1651 fi
901 1627 986 1665 quae
1007 1610 1342 1664 culpa‘commiffa
1362 1611 1428 1648 est.
1474 1611 1563 1661 Jam
1583 1610 1629 1647 ad
1656 1609 1696 1646 id
1718 1610 1899 1656 biduum,

523 1682 630 1735 quod
657 1681 776 1719 fueris
809 1680 848 1716 in
876 1680 951 1722 via,
983 1679 1077 1716 dum
1107 1679 1147 1715 in
1180 1679 1406 1715 Cumanum
1436 1677 1558 1720 venis,
1590 1676 1772 1714 accedent
1802 1690 1901 1714 con-

523 1749 637 1785 tinuo
657 1746 703 1782 ad
725 1745 894 1782 reditum
915 1745 995 1781 dies
1017 1744 1208 1795 quinque.
1253 1743 1340 1794 Ego
1367 1743 1408 1779 in
1430 1741 1641 1780 Formiano
1661 1741 1708 1778 ad
1730 1755 1785 1779 111
1809 1742 1902 1781 Kal,

523 1812 595 1852 effe
615 1812 719 1849 volo.
767 1810 828 1847 Ibi
850 1820 885 1847 te
907 1818 950 1846 ut
971 1809 1130 1846 firmum
1151 1807 1363 1851 offendam,
1394 1808 1450 1845 mi
1475 1807 1588 1850 Tiro,
1619 1807 1742 1844 effice.
1790 1807 1902 1844 Lite-

526 1878 618 1915 rulae
639 1889 747 1920 mete,
771 1875 844 1912 five
865 1874 1013 1917 nostrae,
1037 1875 1094 1911 tui
1115 1873 1299 1911 defiderio
1319 1873 1620 1923 oblanguerunt.
1663 1872 1750 1909 Hac
1773 1881 1903 1909 tamen

526 1942 699 1993 epistola,
745 1953 861 1990 quam
896 1939 1057 1977 Acastus
1092 1939 1239 1982 attulit,
1283 1938 1418 1975 oculos
1453 1937 1614 1988 paulum
1653 1937 1899 1975 sustulerunt.

529 2008 740 2058 Pompeius
762 2014 840 2041 erat
860 2003 961 2056 apud
982 2017 1059 2047 me,
1090 2016 1182 2040 cum
1203 2002 1284 2040 haec
1306 2002 1534 2047 scribebam,
1565 2001 1687 2039 hilare
1707 2011 1745 2038 et
1772 2001 1902 2039 liben-

530 2082 600 2113 ter.
648 2072 698 2109 Ei
727 2070 901 2121 cupienti
930 2069 1060 2106 audire
1088 2069 1226 2112 nostra,
1258 2068 1354 2111 dixi,
1386 2068 1463 2105 fine
1484 2077 1521 2104 te
1541 2067 1673 2104 omnia
1693 2079 1776 2104 mea
1795 2076 1906 2105 muta

530 2137 615 2175 effe.
649 2138 714 2174 Tu
736 2135 860 2172 Mufis
882 2134 1017 2172 nostris
1039 2147 1141 2186 para,
1174 2144 1216 2171 ut
1237 2146 1369 2185 operas
1392 2132 1539 2171 reddas.
1571 2132 1713 2170 Nostra
1732 2131 1777 2169 ad
1799 2131 1904 2170 diem

532 2202 674 2239 dieram
696 2201 802 2238 fient.
850 2200 981 2236 Docui
1011 2200 1116 2237 enim
1150 2208 1200 2242 te,
1232 2198 1325 2235 fides
1356 2193 1463 2243 ἔτυμον
1482 2197 1587 2250 quod
1608 2196 1779 2235 haberet.
1826 2198 1903 2235 Fac

533 2267 644 2317 plane
666 2275 708 2303 ut
730 2265 865 2304 valeas.
899 2266 984 2303 Nos
1006 2264 1200 2302 adsumus.
1235 2263 1345 2300 Vale.
1379 2276 1470 2300 xlv.
1497 2262 1583 2306 Kal.
