2351 2997
590 241 683 278 AD
742 233 1209 275 FAMILIARES
1270 232 1403 270 ΜΒ.
1452 233 1506 269 11.
1695 245 1749 285 37

363 340 466 391 sum)
491 339 595 392 quod
624 351 701 375 non
732 344 923 389 putaram.
972 333 1099 385 Atqui
1128 333 1177 370 fic
1199 331 1357 375 habeto,
1390 331 1541 369 nullam
1563 344 1625 368 me
1646 331 1750 382 epis-

364 407 483 444 tolam
505 402 689 454 accepiffe
710 411 816 439 tuam
840 399 923 453 post
944 399 1106 436 comitia
1135 396 1203 434 ista
1230 396 1428 448 praeclara,
1458 409 1543 447 quae
1564 409 1630 444 me,
1648 394 1750 433 laeti-

364 472 417 508 tia
436 470 662 507 extulerunt
681 483 689 506 t
723 482 768 505 ex
791 480 869 519 quo
891 479 1023 503 vereor
1044 478 1091 501 ne
1113 463 1218 500 idem
1239 463 1390 500 eveniat
1417 462 1457 499 in
1479 475 1582 499 meas
1604 460 1750 499 literas.

362 535 562 588 Equidem
584 547 788 585 nunquam
811 532 975 569 domum
997 530 1082 567 misi
1104 542 1222 566 unam
1244 527 1463 580 epistolam,
1481 527 1578 580 quin
1600 526 1690 564 effet
1706 526 1755 563 ad

365 612 402 640 te
422 602 563 640 altera:
588 614 658 638 nec
680 598 779 637 mihi
802 598 854 635 est
876 606 913 634 te
928 595 1144 649 jucundius
1166 595 1400 647 quidquam,
1424 608 1494 632 nec
1516 594 1656 631 carius.
1681 591 1753 630 Sed

364 668 472 705 balbi
494 681 571 705 non
594 666 751 704 sumus:
776 663 821 701 ad
844 676 924 700 rem
946 660 1163 699 redeamus,
1197 661 1254 697 Ut
1275 659 1428 714 optasti,
1452 659 1506 696 ita
1525 659 1591 696 est.
1621 657 1753 695 Velles

364 733 485 777 enim,
507 733 576 776 ais,
599 728 876 768 tantummodo
897 736 940 765 ut
961 727 1144 764 haberem
1167 725 1330 777 negotii,
1363 723 1469 776 quod
1490 723 1580 761 effet
1600 723 1647 760 ad
1667 723 1754 760 lau-

365 797 510 835 reolam
531 796 618 834 fatis
638 810 646 833 :
681 792 844 832 Parthos
868 793 997 836 times,
1029 791 1121 844 quia
1141 790 1286 827 diffidis
1308 790 1432 842 copiis
1455 788 1608 826 nostris.
1646 789 1755 839 Ergo

365 863 420 900 ita
437 861 596 900 accidit.
629 860 751 904 Nam,
771 857 955 896 Parthico
977 856 1081 894 bello
1103 856 1299 900 nuntiato,
1316 855 1497 892 locorum
1518 852 1755 905 quibusdam

366 928 552 982 angustiis
583 935 623 964 et
656 934 792 964 natura
822 924 1022 962 montium
1053 921 1192 967 fretus,
1224 921 1270 959 ad
1302 922 1504 958 Amanum
1536 919 1758 957 exercitum

366 994 527 1039 adduxi,
563 992 651 1031 satis
686 991 810 1044 probe
843 998 1026 1028 ornatum
1061 987 1218 1026 auxiliis
1254 995 1292 1025 et
1327 986 1494 1039 quadam
1529 985 1758 1023 auftoritate

367 1060 470 1112 apud
491 1072 570 1104 eos,
588 1059 657 1110 qui
679 1071 742 1095 me
759 1069 836 1094 non
855 1064 1007 1100 norant,
1027 1053 1199 1092 nominis
1224 1053 1355 1091 nostri.
1380 1052 1563 1090 Multum
1580 1050 1633 1089 est
1649 1050 1758 1088 enim

369 1123 507 1162 inhis
543 1123 668 1161 locis:
703 1121 875 1160 Hiccine
909 1120 962 1157 est
995 1119 1077 1164 ille,
1110 1119 1179 1170 qui
1214 1118 1386 1155 urbem?
1416 1130 1535 1168 quem
1571 1116 1756 1153 senatus?

370 1188 468 1227 nosti
489 1197 637 1226 caetera.
672 1188 777 1225 Cum
797 1185 981 1223 veniffem
1001 1184 1048 1222 ad
1069 1185 1285 1228 Amanum,
1317 1183 1386 1234 qui
1407 1195 1520 1220 mons
1542 1180 1644 1219 mihi
1664 1193 1760 1218 cum

369 1254 513 1293 Bibulo
534 1252 758 1291 communis
780 1251 847 1295 est,
880 1250 1023 1287 divisus
1045 1263 1234 1301 aquarum
1256 1248 1433 1286 divortiis
1451 1266 1462 1292 3
1497 1246 1644 1284 Cassius
1666 1244 1759 1283 nos-

371 1330 443 1364 ter,
475 1319 581 1372 quod
611 1317 712 1356 mihi
743 1330 892 1369 magnae
920 1315 1114 1367 voluptati
1143 1313 1236 1358 fuit,
1267 1313 1437 1351 feliciter
1465 1312 1515 1349 ab
1544 1310 1761 1349 Antiochia

372 1385 522 1424 hostem
544 1385 740 1437 rejecerat.
785 1382 951 1421 Bibulus
973 1380 1217 1434 provinciam
1239 1387 1452 1431 acceperat.
1498 1379 1648 1415 Interea
1667 1390 1762 1415 cum

372 1452 469 1489 meis
499 1450 623 1503 copiis
653 1449 840 1487 omnibus
870 1448 1005 1486 vexavi
1035 1445 1305 1490 Amanienses,
1336 1444 1464 1482 hostes
1486 1443 1762 1495 sempiternos*

373 1517 501 1555 Multi
522 1516 656 1561 occifi,
688 1515 807 1567 capti,
840 1513 981 1565 reliqui
1013 1511 1207 1564 diffipati:
1240 1510 1394 1548 castella
1423 1509 1577 1547 munita
1607 1508 1760 1560 impro-

372 1584 452 1622 viso
472 1583 640 1621 adventu
661 1591 773 1635 capt-a
792 1590 830 1620 et
852 1580 1020 1618 incensa.
1066 1580 1125 1617 Im
1152 1578 1313 1616 νίἑὶοῑίεὶ
1336 1577 1440 1629 justa
1467 1578 1671 1628 Imperator
1690 1588 1760 1627 ap-

373 1649 538 1703 pellatus
568 1648 671 1700 apud
702 1647 823 1685 Iffum
855 1648 952 1698 (quo
981 1646 1022 1682 in
1050 1645 1138 1682 loco
1159 1644 1268 1696 saepe,
1301 1652 1344 1681 ut
1365 1657 1413 1681 ex
1435 1650 1471 1680 te
1491 1641 1638 1686 audivi,
1671 1641 1761 1679 Cli-

374 1713 531 1752 tarchus
564 1714 638 1751 tibi
671 1713 837 1751 narravit
870 1712 1038 1749 Darium
1069 1710 1116 1747 ab
1149 1709 1374 1747 Alexandro
1408 1707 1480 1745 effe
1516 1706 1763 1759 superatum)

373 1780 519 1817 adduxi
539 1778 757 1817 exercitum
778 1777 824 1814 ad
853 1775 1136 1814 infestiffimam
1159 1774 1312 1812 Ciliciae
1333 1781 1499 1825 partem.
1547 1772 1609 1809 Ibi
1639 1772 1764 1824 quin-

374 1855 462 1882 tum
482 1853 520 1882 et
539 1844 770 1881 vicesimum
794 1843 877 1894 jam
907 1841 1012 1878 diem
1041 1840 1264 1892 aggeribus,
1295 1838 1434 1882 vineis,
1466 1836 1656 1882 turribus,
1687 1850 1764 1889 op-

375 1909 601 1962 pugnabam
634 1908 827 1961 oppidum
862 1905 1168 1945 munitissimum
1203 1902 1488 1948 Pindenissum,
1521 1903 1638 1939 tantis
1673 1901 1764 1953 opi-

376 1977 471 2020 bus,
505 1983 691 2026 tantoque
726 1973 906 2025 negotio,
939 1980 982 2009 ut
1016 1970 1117 2009 mihi
1152 1969 1198 2007 ad
1233 1968 1426 2007 summam
1460 1968 1628 2020 gloriam
1661 1966 1765 2005 nihil

376 2041 470 2079 defit
493 2040 561 2078 nifi
583 2053 728 2077 nomen
750 2038 912 2091 oppidi:
945 2037 1051 2090 quod
1074 2037 1115 2082 fi,
1147 2045 1191 2074 ut
1220 2035 1343 2087 spem,
1375 2047 1528 2086 ceperO,
1560 2042 1648 2071 tum
1675 2046 1769 2071 vero

375 2106 504 2144 literas
526 2105 686 2158 publice
706 2105 878 2143 mittam.
912 2104 1010 2141 Haec
1027 2102 1073 2140 ad
1095 2112 1132 2140 te
1152 2102 1192 2139 in
1214 2100 1392 2154 praesenti
1413 2099 1557 2152 scripfi,
1576 2108 1621 2137 ut
1640 2098 1766 2151 speres

378 2181 416 2209 te
436 2171 579 2224 affequi
601 2171 655 2216 id,
687 2170 794 2223 quod
814 2168 991 2222 optasses.
1039 2167 1127 2213 Sed,
1160 2176 1204 2205 ut
1229 2166 1382 2205 redeam
1403 2165 1449 2203 ad
1472 2163 1652 2209 Parthos,
1683 2162 1767 2202 haec

378 2237 480 2275 aestas
501 2236 642 2275 habuit
661 2235 769 2274 hunc
790 2236 942 2274 exitum
964 2234 1051 2272 satis
1073 2233 1253 2272 felicem:
1277 2247 1320 2270 ea
1339 2246 1425 2284 quae
1446 2231 1634 2283 sequitur,
1652 2243 1765 2282 mag-

379 2317 430 2341 no
462 2302 516 2342 est
547 2302 587 2340 in
621 2303 777 2341 timore.
824 2303 968 2353 Qare,
1000 2301 1057 2338 mi
1084 2299 1206 2346 Rufe,
1237 2299 1371 2351 vigila,
1404 2298 1578 2350 primum
1600 2306 1644 2334 ut
1664 2295 1767 2334 mihi

382 2367 635 2406 succedatur-2
668 2368 722 2406 fin
744 2367 784 2406 id
805 2368 893 2414 erit,
915 2376 962 2405 ut
981 2366 1132 2411 scribis,
1163 2375 1202 2404 et
1222 2374 1267 2403 ut
1287 2378 1359 2417 ego
1379 2364 1560 2408 arbitror,
1592 2362 1765 2414 spiffius3

381 2434 497 2479 illud,
529 2433 635 2485 quod
655 2433 770 2472 facile
789 2433 856 2479 est,
890 2448 937 2471 ne
957 2433 1054 2486 quid
1074 2431 1177 2471 mihi
1205 2431 1392 2484 temporis
1412 2438 1658 2484 prorogetur.
1705 2428 1767 2465 De

381 2500 584 2554 republica
604 2512 652 2539 ex
673 2499 750 2538 tuis
778 2499 916 2547 literis,
948 2508 996 2538 ut
1018 2507 1129 2539 antea
1155 2498 1229 2538 tibi
1258 2497 1402 2551 scripfi,
1434 2509 1526 2534 cum
1553 2493 1765 2547 praesentia,
