2351 2997
608 313 685 352 150
952 297 1636 337 EPISTOLARUM

607 413 687 437 nes.
736 398 942 450 Scripserat
962 398 1080 435 etiam
1102 396 1261 434 Meffala
1286 395 1514 446 QSalaff0‚
1547 396 1591 433 P.
1617 395 1801 433 Curtium
1821 393 1982 433 fratrem

606 466 703 516 ejus,
729 463 832 515 juffu
864 462 1058 513 Pompeii,
1091 461 1326 512 inspectante
1360 461 1548 505 exercitu,
1580 459 1843 505 interfee'turn,
1874 459 1983 512 quod

606 528 845 567 consenslffet
875 540 967 564 cum
998 526 1183 578 Hispanis
1213 524 1460 576 quibusdam,
1493 525 1518 562 fi
1554 525 1593 562 in
1623 526 1818 578 oppidum
1853 525 1982 563 nescio

607 594 711 646 quod
741 593 951 644 Pompeius
981 593 1034 629 rei
1064 591 1326 629 frumentariae
1353 590 1463 627 causa
1482 590 1653 634 venisset,
1685 603 1776 628 eum
1800 604 1982 643 compre-

604 659 785 703 hendere,
828 658 873 695 ad
909 657 1174 708 Caesaremque
1208 656 1409 694 deducere.
1462 656 1523 693 De
1557 656 1715 707 negotio
1750 665 1833 700 tuo,
1874 656 1982 706 quod

606 724 763 777 sponsor
783 737 821 761 es
843 738 913 776 pro
935 724 1138 774 Pompeio,
1156 722 1182 759 fi
1205 721 1332 759 Galba
1352 721 1585 773 consponsor
1606 730 1694 758 tuus
1716 721 1886 765 redierit,
1906 719 1984 758 ho-

607 803 673 826 mo
694 790 734 826 in
756 803 794 826 re
815 787 999 826 familiari
1020 801 1098 825 non
1120 800 1257 839 parum
1278 786 1460 837 diligens,
1493 799 1570 823 non
1597 785 1764 824 definam
1794 799 1886 824 cum
1914 785 1985 823 illo

607 854 912 897 communicare,
932 853 957 890 fi
979 853 1073 904 quid
1094 851 1267 904 expediri
1288 851 1425 903 poffit;
1449 850 1554 902 quod
1575 851 1777 888 videbatur
1796 850 1897 888 mihi
1918 850 1985 888 ille

608 919 816 956 confidere.
862 919 1068 956 Oratorem
1090 930 1224 955 meum
1246 907 1450 969 tantopere>
1465 929 1485 952 a
1505 926 1541 953 te
1562 916 1716 968 probari
1736 915 1987 954 vehementer

608 983 770 1036 gaudeo.
819 982 928 1020 Mihi
957 983 1119 1035 quidem
1147 982 1198 1020 fic
1228 981 1449 1033 persuadeo,
1480 994 1543 1018 me
1563 981 1758 1032 quidquid
1780 980 1985 1018 habuerim

603 1049 746 1101 judicii
767 1048 814 1086 de
835 1049 1014 1093 dicendo,
1040 1049 1081 1085 in
1102 1047 1219 1085 illum
1239 1047 1388 1084 librum
1408 1045 1612 1083 contuliffe
1630 1061 1638 1083 :
1672 1046 1741 1097 qui
1761 1045 1787 1082 fi
1808 1045 1861 1082 est
1881 1045 1984 1090 talis,

608 1114 765 1166 qualem
786 1114 860 1151 tibi
881 1114 1002 1151 videri
1024 1113 1173 1157 scribis,
1204 1125 1276 1164 ego
1297 1125 1454 1164 quoque
1474 1110 1623 1163 aliquid
1645 1110 1754 1155 sum;
1785 1111 1838 1148 fin
1858 1110 1984 1155 aliter,

609 1193 687 1217 non
718 1179 864 1224 recuso,
896 1180 1008 1232 quin,
1040 1188 1233 1231 quantum
1263 1178 1309 1214 de
1338 1178 1408 1215 illo
1438 1178 1555 1221 libro,
1587 1176 1816 1215 tantundem
1842 1176 1888 1214 de
1909 1177 1987 1214 mei

604 1245 747 1297 judicii
768 1244 884 1289 fama,
917 1244 1153 1282 detrahatur.
1191 1245 1358 1296 Leptam
1379 1243 1552 1280 nostrum
1572 1243 1690 1294 cupio
1711 1242 1988 1293 delectarijam

610 1310 753 1348 talibus
775 1310 926 1362 scriptis
947 1325 954 1347 :
987 1309 1054 1347 etfi
1081 1308 1183 1346 abest
1209 1309 1410 1346 maturitas
1439 1308 1575 1352 aetatis,
1602 1309 1685 1359 jam
1705 1317 1835 1345 tamen
1855 1307 1987 1360 perso-

611 1389 699 1412 nare
719 1388 826 1412 aures
848 1376 929 1425 ejus
951 1374 1176 1426 hujusmodi
1197 1374 1359 1411 vocibus
1382 1386 1459 1410 non
1480 1373 1532 1410 est
1554 1373 1706 1410 inutile.
1753 1372 1824 1410 Me
1850 1372 1988 1410 Romae

611 1441 739 1478 tenuit
754 1442 918 1478 omnino
934 1440 1080 1478 Tulliae
1097 1453 1190 1477 meae
1206 1448 1353 1491 partus.
1386 1439 1458 1476 Sed
1474 1452 1566 1476 cum
1583 1452 1637 1482 ea,
1656 1437 1989 1490 quemadmodum

614 1506 735 1558 spero,
768 1506 854 1543 satis
876 1505 988 1543 firma
1007 1505 1066 1549 fit,
1090 1514 1222 1542 teneor
1243 1514 1387 1548 tamen,
1410 1504 1506 1541 dum
1526 1517 1547 1540 a
1566 1503 1783 1542 Dolabellae
1803 1516 1988 1555 procura-

612 1572 764 1609 toribus
792 1572 946 1622 exigam
973 1570 1141 1623 primam
1173 1570 1423 1621 penfionem:
1457 1578 1509 1613 et,
1542 1567 1778 1613 mehercule,
1810 1582 1889 1606 non
1910 1576 1991 1605 tam

613 1636 698 1674 sum
720 1636 982 1687 peregrinator
996 1636 1094 1686 jam,
1114 1648 1230 1686 quam
1253 1634 1436 1671 solebam.
1470 1633 1653 1671 AEdificia
1673 1647 1758 1670 mea
1777 1647 1839 1670 me
1860 1633 1990 1670 delec-

612 1701 761 1745 tabant,
790 1710 827 1737 et
848 1701 989 1737 otium.
1024 1700 1178 1736 Domus
1199 1698 1265 1743 est,
1297 1712 1383 1750 quae
1405 1698 1505 1735 nulli
1526 1698 1708 1735 villarum
1729 1710 1903 1735 mearum
1924 1710 1990 1734 ce-

613 1765 677 1802 dat
694 1784 705 1809 ;
738 1765 879 1809 otium,
901 1764 1012 1802 omni
1033 1763 1279 1801 desertiffima
1299 1764 1454 1814 regione
1474 1763 1614 1814 majus.
1648 1764 1784 1814 Itaque
1804 1776 1852 1800 ne
1871 1762 1992 1800 literae

612 1830 774 1882 quidem
802 1843 895 1868 meae
922 1829 1208 1881 impediuntur,
1239 1829 1279 1866 in
1308 1829 1451 1880 quibus
1480 1828 1556 1866 fine
1578 1828 1657 1866 ulla
1676 1827 1990 1879 interpellatione

614 1895 753 1933 versor.
787 1896 931 1945 Qare,
963 1903 1007 1931 ut
1026 1894 1206 1937 arbitror,
1232 1893 1340 1945 prius
1361 1892 1427 1930 hic
1450 1902 1486 1930 te
1507 1906 1592 1937 nos,
1614 1905 1731 1944 quam
1752 1891 1836 1929 istic
1857 1900 1900 1929 tu
1921 1904 1990 1929 nos

614 1959 778 1998 videbis.
811 1961 937 2012 Lepta
955 1958 1195 1996 suaviffimus
1217 1957 1358 1995 ediscat
1375 1957 1592 1995 Hesiodum
1602 1976 1614 2003 3
1636 1965 1674 1995 et
1693 1956 1834 1995 habeat
1852 1956 1893 1994 in
1910 1969 1988 2001 ore,

968 2023 1030 2068 Τῆς
1057 2020 1088 2062 δ’
1114 2023 1222 2076 dape-5515
1249 2020 1368 2076 Upim.

967 2225 1211 2263 CICERO
1253 2225 1476 2262 LEPTAE
1520 2224 1557 2262 S.
1590 2223 1645 2261 D.

618 2351 733 2391 XIX.
752 2349 1130 2423 MACULAM
1159 2351 1290 2389 officio
1310 2349 1492 2389 functum
1513 2349 1584 2388 effe
1603 2349 1766 2401 gaudeO.
1797 2349 1895 2401 Ejus
1917 2349 1993 2386 Fa-

873 2416 1029 2455 lernum
1048 2416 1150 2455 mihi
1170 2416 1318 2470 semper
1342 2417 1528 2454 idoneum
1546 2415 1673 2454 visum
1693 2414 1745 2453 est
1771 2414 1993 2458 diversorio,

618 2483 646 2521 fi
680 2481 799 2522 modo
829 2483 923 2522 teeti
956 2481 1043 2522 satis
1075 2481 1129 2522 est
1158 2481 1206 2521 ad
1237 2482 1472 2522 comitatum
1502 2481 1678 2521 nostrum
1707 2478 1991 2534 recipiendum„
