2351 2997
576 236 628 275 86
920 238 1602 281 EPISTOLARUM

573 337 780 390 complexa
799 336 872 381 s1t;
904 350 1033 374 nonne
1053 338 1174 375 mavis
1195 338 1272 375 fine
1291 340 1466 390 periculo
1487 341 1594 379 domi
1620 350 1693 380 tuae
1712 341 1797 387 effe,
1829 355 1947 395 quam

574 415 668 439 cum
688 401 863 453 periculo
883 401 1014 438 alienae
1033 403 1046 438 ?
1079 401 1291 452 Equidem,
1314 403 1460 442 etiamsi
1481 406 1698 457 oppetenda
1716 420 1820 445 mors
1840 407 1946 452 effen

574 467 684 504 domi
704 476 819 517 atque
846 466 887 503 in
908 467 1030 517 patria
1048 466 1223 511 mallem,
1254 480 1372 518 quam
1401 468 1442 505 in
1471 472 1639 508 externis
1668 482 1782 524 atque
1811 472 1946 511 alienis

575 532 688 570 locis.
720 532 812 568 Hoc
834 530 938 568 idem
958 544 1093 568 omnes
1114 532 1183 583 qui
1204 541 1241 569 te
1261 532 1448 584 diligunt,
1480 534 1675 574 sentiunt:
1707 550 1875 588 quorum
1894 537 1948 576 est

574 609 729 648 magna,
760 610 830 648 pro
851 596 928 634 tuis
949 596 1130 634 maximis
1152 597 1441 649 clarissimisque
1461 599 1687 645 virtutibus,
1714 602 1945 641 multitudo.

574 662 779 700 Habemus
800 662 916 699 etiam
939 662 1128 700 rationem
1148 663 1202 700 rei
1222 662 1422 702 familiaris
1441 674 1528 710 tuae,
1547 680 1664 718 quam
1685 666 1852 720 diffipari
1873 681 1946 705 no-

573 728 721 765 lumus.
764 728 870 765 Nam
891 727 956 764 etfi
978 727 1128 764 nullam
1149 727 1273 779 potest
1292 729 1464 781 accipere
1484 730 1682 782 injuriam,
1713 746 1798 784 quae
1818 731 1951 770 futura

574 801 759 845 perpetua
779 792 846 836 fit;
870 801 1071 843 propterea
1089 793 1195 844 quod
1216 807 1340 844 neque
1361 794 1407 838 is,
1429 795 1497 846 qui
1520 804 1624 833 tenet
1644 797 1945 848 rempublicam,

574 858 756 909 patietur,
780 870 904 907 neque
923 856 1003 907 ipsa
1022 856 1261 908 respublica,
1295 868 1422 895 tamen
1443 859 1637 911 impetum
1657 861 1885 912 praedonum
1904 863 1946 900 in

574 930 658 959 tuas
680 920 854 958 fortunas
876 920 959 957 fieri
980 921 1085 958 nolo.
1118 921 1176 958 Hi
1201 931 1330 959 autem
1350 923 1418 973 qui
1439 923 1569 968 effent‚
1600 925 1779 962 auderem
1800 926 1945 964 scribe-

574 1000 627 1032 re,
660 987 729 1023 nisi
750 995 787 1023 te
808 986 1026 1036 intelligere
1046 987 1297 1025 confiderem.
1344 988 1425 1024 Hic
1454 998 1490 1025 te
1511 991 1626 1027 unius
1648 990 1945 1036 sollicitudines,

574 1052 690 1088 unius
711 1051 827 1088 etiam
849 1051 982 1088 multae
1001 1060 1039 1087 et
1059 1051 1208 1089 affiduae
1228 1052 1406 1102 lacrymae
1428 1053 1476 1090 C.
1495 1053 1692 1098 Marcelli,
1723 1053 1851 1092 fratris
1872 1069 1946 1108 op·-

572 1116 677 1159 timi,
709 1116 989 1166 deprecantur:
1023 1128 1091 1152 nos
1122 1128 1213 1152 cura
1239 1125 1277 1153 et
1306 1116 1437 1154 dolore
1464 1118 1635 1168 proximi
1665 1119 1824 1164 sumus,
1855 1134 1946 1172 pre·-

573 1182 684 1219 cibus
706 1180 905 1225 tardiores,
927 1180 1033 1232 quod
1048 1181 1113 1231 jus
1135 1180 1316 1225 adeundi,
1334 1195 1426 1219 cum
1448 1182 1517 1234 ipsi
1538 1183 1806 1236 deprecatione
1826 1198 1946 1236 egue-

573 1247 710 1290 rimus,
729 1259 808 1283 non
827 1245 1031 1283 habemus.
1064 1246 1200 1292 Gratia
1220 1254 1372 1283 tantum
1393 1247 1606 1299 poffumus,
1625 1259 1817 1300 quantum
1836 1251 1946 1289 viffi.

574 1311 647 1348 Sed
668 1321 797 1349 tamen
818 1310 993 1355 consilio,
1016 1310 1155 1355 studio,
1187 1311 1379 1348 Marcello
1401 1325 1478 1348 non
1500 1312 1694 1351 desumus.
1728 1316 1764 1351 A
1785 1314 1862 1352 tuis
1883 1328 1945 1353 re-

573 1377 691 1428 liquis
713 1389 791 1414 non
812 1375 1045 1413 adhibemur
1063 1390 1072 1413 2
1105 1375 1152 1412 ad
1172 1376 1304 1413 onmia
1322 1377 1443 1428 parati
1463 1376 1610 1417 sumus.
1643 1379 1753 1418 Vale.

822 1574 886 1612 M.
919 1575 971 1612 T.
1005 1575 1054 1612 C.
1086 1575 1149 1612 M.
1182 1574 1524 1613 MARCELLO
1566 1578 1603 1615 S.
1637 1578 1691 1615 D.

573 1700 687 1738 VIII.
707 1700 793 1771 N
810 1701 841 1738 E
858 1702 997 1753 QUE
1028 1714 1184 1739 monere
1215 1711 1253 1739 te
1283 1701 1403 1739 audeo
1430 1703 1622 1754 praestanti
1648 1704 1856 1756 prudentia
1883 1705 1944 1743 vi·

824 1780 911 1804 rum
928 1785 939 1811 ς
977 1780 1047 1804 nec
1087 1766 1329 1811 confirmare,
1366 1768 1528 1805 maximi
1563 1769 1685 1806 animi
1722 1769 1944 1815 hominem,

572 1843 774 1882 unumque
794 1830 1073 1874 fortiffimum3
1097 1832 1285 1869 consolari
1307 1845 1395 1869 vero
1416 1833 1527 1870 nullo
1547 1834 1678 1871 modo.
1713 1835 1819 1887 Nam
1840 1823 1866 1872 fi
1886 1848 1942 1879 ea,

570 1908 657 1946 quae
677 1896 913 1940 acciderunt,
946 1897 999 1934 ita
1018 1895 1109 1941 fers,
1133 1906 1176 1934 ut
1196 1897 1338 1941 audio;
1369 1898 1553 1948 gratulari
1574 1900 1696 1950 magis
1717 1899 1854 1937 virtuti
1875 1899 1943 1936 de-

573 1961 659 2004 beo,
688 1974 806 2012 quam
827 1961 1014 1998 consolari
1035 1960 1209 1999 dolorem
1232 1971 1359 1999 tuum.
1393 1963 1459 2000 Sin
1480 1972 1516 2000 te
1538 1962 1642 2001 tanta
1662 1965 1763 2001 mala
1782 1964 1942 2016 reipub-

572 2025 656 2063 licae
676 2025 876 2077 frangunt,
896 2040 972 2064 non
995 2027 1047 2064 ita
1062 2026 1218 2064 abundo
1238 2029 1411 2078 ingeniO,
1432 2037 1473 2065 ut
1495 2039 1532 2066 te
1548 2029 1735 2074 consoler,
1753 2044 1845 2067 cum
1866 2030 1946 2081 ipse

571 2103 633 2128 me
654 2103 731 2128 non
754 2090 903 2142 poffim.
928 2091 1145 2143 Reliquum
1165 2091 1217 2128 est
1237 2092 1372 2142 igitur,
1391 2102 1434 2129 ut
1452 2093 1523 2129 tibi
1540 2107 1602 2130 me
1618 2094 1658 2130 in
1675 2095 1784 2131 omni
1801 2108 1839 2131 re
1855 2108 1946 2131 eum

570 2155 761 2206 praebeam
783 2155 1047 2208 praestemque,
1080 2165 1123 2193 ut
1143 2156 1188 2193 ad
1209 2157 1354 2201 omnia,
1387 2171 1471 2208 quae
1498 2158 1558 2195 tui
1584 2158 1720 2202 velint,
1753 2160 1806 2196 ita
1825 2158 1944 2196 adsim

570 2219 718 2271 praestO,
741 2229 784 2257 ut
805 2234 866 2258 me
887 2234 965 2258 non
987 2221 1112 2258 solum
1133 2223 1264 2259 onmia
1282 2221 1419 2259 debere
1440 2231 1505 2259 tua
1524 2223 1646 2267 causa,
1669 2237 1754 2275 quae
1774 2223 1941 2275 poffum,

571 2284 634 2321 sed
654 2298 696 2322 ea
715 2298 886 2336 quoque,
905 2299 989 2337 quae
1010 2299 1088 2323 non
1109 2286 1262 2338 poffim,
1279 2296 1434 2338 putent.
1465 2287 1571 2324 Illud
1587 2297 1715 2325 tamen
1736 2289 1796 2326 vel
1817 2298 1860 2326 tu
1880 2302 1943 2326 me

570 2350 774 2395 monuisse,
797 2350 857 2387 vel
877 2350 1073 2396 censuiffe,
1096 2360 1203 2403 puta,
1229 2352 1288 2389 vel
1309 2361 1467 2404 propter
1488 2352 1799 2392 benevolentiam
1820 2363 1942 2392 tacere

570 2429 649 2453 non
670 2415 858 2468 potuiffe;
891 2425 935 2454 ut
954 2416 1060 2468 quod
1080 2430 1151 2468 ego
1172 2415 1288 2461 facio,
1316 2426 1358 2454 tu
1378 2430 1536 2469 quoque
1556 2419 1734 2456 animum
1754 2418 1912 2456 inducas
1929 2433 1939 2455 :

570 2481 596 2520 si
617 2481 662 2520 fit
682 2482 812 2534 aliqua
831 2481 1059 2534 respublica,
1082 2482 1123 2520 in
1143 2495 1186 2520 ea
1205 2491 1243 2521 te
1260 2482 1334 2521 effe
1354 2493 1544 2535 oportere,
1561 2483 1714 2535 judicio
1733 2483 1943 2521 hominum
