2351 2997
521 273 601 309 410
817 260 1552 303 .EPISTOLARUM

522 362 672 398 Interea
693 361 733 399 in
753 361 829 400 hoc
851 371 959 400 tanto
980 372 1107 408 motu,
1126 371 1309 415 tantaque
1325 366 1590 416 expectatione
1605 366 1770 405 maximi
1792 367 1903 414 belli,

522 438 587 462 rex
610 427 834 478 Dejotarus,
861 427 925 465 cui
946 440 1023 464 non
1046 428 1123 464 fine
1144 428 1252 464 causa
1271 429 1491 479 plurimum
1512 430 1661 483 semper
1680 441 1718 469 et
1738 446 1841 477 meo,
1863 442 1903 471 et

522 501 604 536 tuo,
637 502 674 529 et
695 492 860 536 senatus,
886 492 1040 543 judicio
1062 492 1257 529 tributum
1278 493 1345 537 est,
1377 494 1435 531 vir
1455 508 1546 532 cum
1574 496 1843 536 benevolentia
1863 507 1902 537 et

521 557 596 594 fide
616 570 703 608 erga
722 557 917 609 populum
939 558 1167 595 Romanum
1188 558 1385 610 singulari,
1417 565 1503 597 tum
1531 561 1723 612 praestanti
1744 565 1899 615 magni-

520 622 656 658 tudine
677 631 715 658 et
734 622 856 658 animi
877 631 914 659 et
931 622 1096 667 consilii,
1115 623 1261 674 legatos
1278 623 1324 660 ad
1340 638 1403 662 me
1419 625 1537 670 mifit,
1556 625 1591 663 se
1607 640 1699 664 cum
1714 630 1899 667 omnibus

520 687 594 723 suis
617 688 740 738 copiis
763 687 802 723 in
823 701 908 725 mea
928 687 1045 725 castra
1064 688 1135 726 effe
1155 697 1379 728 venturum.
1423 691 1548 743 Cujus
1569 705 1642 744 ego
1663 692 1789 731 studio
1809 694 1899 731 offi-

518 753 658 804 cioque
679 763 917 798 commotus,
949 754 1011 805 egi
1031 755 1066 791 ei
1086 768 1154 806 per
1174 754 1302 792 literas
1323 756 1462 807 gratias
1480 776 1491 801 ;
1524 756 1642 809 idque
1663 767 1706 796 ut
1727 768 1899 797 matura-

520 828 591 862 ret,
622 817 798 856 hortatus
820 818 919 857 sum.
967 820 1072 856 Cum
1102 830 1231 857 autem
1261 821 1307 858 ad
1330 822 1507 872 Cybistra
1528 832 1686 875 propter
1706 826 1900 864 rationem

518 883 613 920 belli
634 884 809 935 quinque
830 884 909 921 dies
930 883 1044 921 effem
1065 894 1253 929 moratus,
1280 899 1409 936 regem
1431 887 1753 934 Ariobarzanem,
1785 892 1898 943 cujus

518 949 678 986 salutem
700 962 719 985 a
740 949 885 993 senatu,
919 958 955 986 te
975 951 1143 994 auctore,
1166 952 1480 990 commendatam
1500 951 1708 999 habebam,
1730 956 1897 1007 praesen-

516 1014 621 1050 tibus
652 1013 798 1050 infidiis
826 1027 897 1051 nec
926 1015 1153 1066 opinantem
1184 1015 1372 1060 liberavi3
1405 1030 1531 1069 neque
1562 1017 1689 1055 solum
1720 1020 1755 1056 ei
1782 1019 1896 1058 saluti

513 1078 589 1122 sni,
621 1078 683 1115 sed
708 1079 825 1116 etiam
847 1079 991 1123 curavi,
1024 1089 1067 1117 ut
1094 1093 1186 1117 cum
1214 1081 1440 1119 auctoritate
1469 1091 1658 1133 regnaret.
1705 1084 1894 1130 Metram,

514 1152 552 1180 et
576 1156 682 1187 eum,
714 1156 832 1195 quem
864 1153 905 1180 tu
933 1144 1142 1195 diligenter
1171 1144 1273 1182 mihi
1302 1146 1612 1192 commendaras,
1642 1147 1895 1195 Athenaeum,

513 1210 812 1260 importunitate
833 1209 1065 1247 Athenaidis
1086 1210 1207 1248 exilio
1227 1212 1430 1258 multatos,
1452 1213 1623 1251 maxima
1642 1214 1744 1266 apud
1765 1228 1897 1267 regem

513 1276 739 1312 auctoritate
768 1276 968 1327 gratiaque
996 1276 1196 1315 constitui⁴
1244 1277 1428 1330 Cumque
1455 1292 1643 1330 magnum
1676 1278 1826 1318 bellum
1853 1282 1895 1318 in

515 1339 762 1391 Cappadocia
792 1341 1068 1385 concitaretur,
1099 1341 1125 1378 fi
1158 1341 1330 1380 sacerdos
1363 1343 1479 1380 armis
1508 1344 1557 1388 se,
1589 1345 1695 1396 quod
1722 1344 1895 1383 facturus

512 1406 735 1458 putabatur,
768 1404 1005 1450 defenderet,
1038 1406 1257 1444 adolescens
1287 1416 1324 1444 et
1353 1409 1544 1458 equitatu,
1576 1418 1613 1445 et
1633 1409 1823 1460 peditatu,
1855 1420 1894 1448 et

511 1472 690 1523 pecunia,
714 1481 882 1523 paratus,
904 1481 942 1508 et
964 1481 1047 1509 toto
1067 1472 1130 1516 iis,
1153 1472 1221 1524 qui
1244 1474 1375 1510 novari
1394 1474 1543 1526 aliquid
1564 1474 1769 1520 volebant,
1801 1490 1891 1528 per-

511 1537 603 1581 feci,
636 1546 679 1574 ut
705 1551 724 1573 e
752 1550 870 1587 regno
897 1537 964 1574 ille
993 1536 1218 1582 discederet,
1250 1551 1395 1590 rexque
1422 1539 1498 1576 fine
1528 1540 1719 1585 tumultu,
1751 1553 1793 1578 ac
1815 1542 1892 1579 fine

511 1602 642 1645 armis,
674 1601 784 1638 omni
805 1602 1030 1639 auctoritate
1051 1602 1145 1639 auIae
1167 1604 1425 1647 communita,
1458 1617 1622 1655 regnum
1644 1618 1735 1642 cum
1758 1605 1890 1657 digni-2

507 1676 586 1704 tate
606 1666 815 1704 obtineret.
848 1667 997 1703 Interea
1017 1667 1183 1718 cognovi
1205 1668 1423 1705 multorum
1445 1668 1567 1706 literis
1588 1679 1704 1722 atque
1724 1672 1891 1716 nuntiis,

508 1745 667 1783 magnas
691 1730 925 1768 Parthorum
946 1732 1076 1783 copias
1097 1742 1135 1769 et
1156 1734 1333 1772 Arabum
1354 1734 1399 1771 ad
1420 1734 1610 1786 oppidum
1632 1735 1891 1774 Antiochiam

508 1796 707 1840 acceffiffe,
726 1809 992 1849 magnumque
1012 1810 1147 1835 eorum
1168 1799 1404 1850 equitatum,
1422 1800 1491 1852 qui
1512 1800 1552 1837 in
1576 1801 1760 1838 Ciliciam
1781 1810 1889 1839 tran—

510 1862 620 1906 fiss'et‚
643 1861 689 1898 ab
711 1862 890 1912 equitum
912 1876 1092 1901 meorum
1112 1865 1268 1909 turmis,
1300 1874 1338 1902 et
1358 1864 1559 1903 a·cohorte
1580 1868 1771 1918 praetoria,
1803 1881 1888 1918 quce

509 1937 587 1964 erat
608 1925 846 1979 Epiphaneae
868 1928 1030 1979 praefidii
1051 1928 1174 1973 causa,
1197 1930 1401 1967 occidione
1421 1931 1608 1969 occisum.
1645 1933 1774 1982 Qare
1796 1946 1888 1970 cum

507 1992 694 2034 viderem,
726 2005 746 2027 a
766 1992 1013 2043 Cappadocia
1033 1992 1267 2031 Parthorum
1289 1995 1418 2047 copias
1440 1996 1597 2040 aversaS,
1630 2010 1707 2033 non
1734 1997 1848 2049 longe
1869 2011 1890 2034 a

508 2057 653 2095 finibus
674 2056 745 2094 effe
767 2057 933 2102 Ciliciae,
965 2071 1084 2110 quam
1112 2060 1225 2111 potui
1255 2062 1436 2098 maximis
1465 2062 1671 2099 itineribus
1697 2061 1742 2099 ad
1763 2064 1886 2100 Ama-

507 2135 604 2159 num
624 2121 841 2158 exercitum
862 2121 972 2159 duxi.
1002 2123 1094 2173 Qo
1112 2132 1154 2160 ut
1174 2124 1276 2168 veni,
1295 2123 1443 2162 hostem
1464 2125 1511 2162 ab
1529 2125 1743 2163 Antiochia
1763 2119 1886 2164 reces—

506 2187 598 2232 fiffe,
622 2186 811 2224 Bibulum
832 2187 1056 2226 Antiochia:
1076 2188 1161 2234 effe,
1184 2191 1374 2241 cognovi;
1400 2191 1710 2244 Dejotarumque
1731 2192 1884 2231 confes-

507 2253 578 2289 tim
594 2253 675 2302 jam
697 2252 743 2288 ad
764 2265 826 2288 me
847 2253 1067 2290 venientem
1089 2267 1180 2291 cum
1203 2268 1344 2306 magno
1365 2265 1402 2293 et
1423 2256 1537 2293 firmo
1558 2257 1733 2307 equitatu
1757 2266 1794 2294 et
1814 2271 1885 2309 pe-

505 2317 644 2360 ditatu,
676 2325 714 2353 et
735 2330 825 2354 cum
847 2318 1031 2356 omnibus
1054 2319 1128 2356 suis
1151 2320 1289 2371 copiis,
1323 2321 1524 2358 certiorem
1549 2321 1639 2366 feci,
1664 2335 1741 2359 non
1763 2322 1887 2360 videri

503 2382 574 2419 effe
595 2382 747 2419 causam
774 2396 843 2419 cur
869 2383 1007 2421 abeffet
1034 2397 1053 2421 a
1083 2399 1229 2436 regno,
1262 2399 1403 2437 meque
1423 2387 1468 2423 ad
1490 2401 1595 2431 eum,
1627 2387 1652 2424 fi
1675 2387 1770 2439 quid
1793 2389 1884 2425 novi

502 2447 603 2484 forte
618 2448 831 2493 accidisset,
854 2449 982 2487 statim
1003 2449 1131 2487 literas
1154 2451 1390 2503 nuntiosque
1410 2453 1615 2490 missurum
1635 2453 1720 2490 effe.
1755 2454 1883 2490 Cum-

502 2527 577 2565 que
607 2527 651 2552 eo
681 2515 812 2552 animo
841 2515 1038 2561 veniffem,
1071 2525 1114 2554 ut
1145 2518 1301 2569 utrique
1331 2519 1555 2569 provinciae,
1588 2520 1611 2556 fi
1646 2519 1698 2557 ita
1728 2528 1885 2571 tempus
