2351 2997
552 264 628 317 306
894 255 1574 299 EPISTOLARUM

551 362 599 400 L.
625 360 748 399 Caesar
774 359 910 398 firmus
940 358 992 395 est
1024 366 1063 395 et
1094 358 1232 394 redtus.
1279 356 1358 393 Ser.
1383 354 1547 407 Sulpicii
1579 360 1704 391 morte
1735 364 1923 403 magnum

551 426 770 478 praefidium
790 424 1000 462 amisimus.
1033 421 1195 472 Reliqui
1216 420 1359 472 partim
1380 420 1535 464 inertes,
1557 418 1699 471 partim
1720 417 1892 469 improbi
1911 431 1921 454 2

550 491 734 529 nonnulli
763 489 940 527 invident
964 500 1100 524 eorum
1121 485 1240 529 laudi,
1272 498 1370 536 quos
1400 485 1440 522 in
1471 484 1669 536 republica
1688 483 1841 535 probari
1862 482 1922 520 vi-

551 555 657 592 dent.
704 553 848 606 Populi
881 565 971 590 vero
1005 550 1176 589 Romani
1211 549 1407 600 totiusque
1443 549 1563 586 Italiae
1597 548 1694 585 mira
1728 546 1923 585 consensio

550 619 617 657 est.
662 620 760 657 Haec
792 626 899 656 erant
930 616 1023 661 fere,
1054 629 1139 667 quae
1172 615 1245 653 tibi
1276 623 1368 651 nota
1397 613 1468 651 effe
1499 613 1655 652 vellem.
1700 612 1821 650 Nunc
1851 624 1921 648 au·-

552 694 630 721 tem
663 693 771 736 opto,
803 692 847 720 ut
877 682 925 720 ab
958 681 1038 719 istis
1074 680 1248 718 Orientis
1280 678 1455 731 partibus
1490 678 1645 717 virtutis
1679 685 1754 715 tuae
1787 676 1923 714 lumen..

549 749 711 787 eluceat.
744 748 854 786 Vale.

822 948 887 986 M.
920 948 973 985 T.
1007 948 1055 983 C.
1090 946 1137 983 C.
1172 946 1405 982 CAss1o
1447 943 1484 980 S.
1518 942 1562 981 P.
1595 943 1651 980 D.

552 1076 625 1114 VI.
736 1076 773 1113 U
790 1077 807 1113 I
828 1074 944 1112 status
966 1087 1095 1110 rerum
1115 1070 1234 1108 fuerit
1255 1080 1342 1108 tum
1362 1083 1454 1108 cum
1470 1069 1537 1107 has
1559 1068 1687 1107 literas
1708 1068 1810 1113 dedi,
1829 1068 1925 1106 scire

755 1139 899 1192 poteris
920 1152 966 1176 ex
989 1139 1037 1176 C.
1056 1136 1178 1175 Tidio
1200 1135 1399 1179 Strabone,
1422 1134 1504 1172 viro
1526 1133 1630 1172 bono
1650 1143 1688 1172 et
1708 1134 1856 1185 optime
1877 1133 1925 1170 de

552 1207 752 1260 republica
780 1205 994 1244 sentiente:
1026 1217 1117 1241 nam
1151 1201 1246 1253 quid
1281 1201 1422 1245 dicam,
1454 1199 1701 1252 cupidiffimo
1735 1199 1808 1244 tui,
1838 1199 1923 1250 qui,

551 1273 670 1310 domo
689 1281 728 1310 et
747 1270 915 1309 fortunis
941 1269 1099 1313 relictis,
1129 1267 1176 1305 ad
1203 1275 1240 1305 te
1259 1265 1501 1319 potiffimum
1521 1263 1716 1317 profeffiffis
1737 1264 1810 1302 fit?
1843 1265 1923 1301 Ita-

550 1352 627 1390 que
646 1351 736 1376 eum
758 1336 831 1375 tibi
851 1349 898 1373 ne
919 1333 1153 1373 commendo
1174 1332 1354 1384 quidem:
1377 1331 1563 1369 adventus
1583 1330 1700 1382 ipsius
1716 1329 1762 1367 ad
1783 1338 1820 1367 te
1836 1328 1924 1367 satis

551 1418 643 1442 eum
673 1401 979 1441 commendabit.
1025 1401 1092 1438 Tu
1121 1398 1240 1437 velim
1268 1397 1319 1435 fic
1348 1396 1557 1440 existimes,
1588 1395 1741 1447 tibique
1769 1394 1924 1446 persua-

551 1470 654 1514 deas,
671 1482 788 1507 omne
808 1465 1034 1520 perfugium
1055 1464 1248 1503 bonorum
1268 1463 1309 1499 in
1331 1470 1368 1499 te
1388 1470 1427 1500 et
1447 1462 1568 1499 Bruto
1589 1460 1660 1498 effe
1680 1459 1862 1512 positum,
1882 1458 1924 1503 fi,

550 1535 659 1587 quod
679 1534 818 1577 nolim,
846 1531 987 1570 adversi
1009 1529 1105 1582 quid
1124 1528 1307 1567 evenerit.
1354 1528 1447 1571 Res,
1478 1540 1571 1564 cum
1590 1524 1672 1563 haec
1694 1524 1923 1568 scribebam,

552 1610 631 1639 erat
660 1601 701 1638 in
732 1609 954 1637 extremum
984 1595 1147 1634 adducta
1172 1593 1407 1631 discrimen:
1441 1593 1583 1630 Brutus
1616 1590 1722 1627 enim
1754 1590 1924 1626 Mutinae

552 1666 617 1703 vix
633 1666 715 1716 jam
736 1662 957 1701 sustinebat.
989 1661 1072 1712 Qi
1093 1660 1118 1698 fi
1140 1657 1382 1697 conservatus
1403 1657 1490 1701 erit,
1512 1656 1699 1694 vicimus:
1723 1654 1777 1691 sin
1801 1653 1926 1705 (quod

553 1731 607 1767 dii
628 1743 743 1767 omen
764 1726 952 1776 avertant)
976 1725 1104 1764 omnis
1125 1724 1307 1762 omnium
1327 1722 1458 1761 cursus
1479 1721 1526 1759 ad
1546 1734 1629 1758 vos.
1676 1718 1843 1757 Proinde
1863 1718 1924 1755 fac

550 1796 729 1833 animum
756 1803 909 1832 tantum
938 1791 1093 1836 habeas,
1124 1799 1356 1840 tantumque
1382 1796 1621 1840 apparatum,
1653 1793 1800 1838 quanto
1825 1797 1923 1837 opus

554 1860 605 1897 est
626 1860 672 1897 ad
692 1859 906 1897 universam
927 1856 1212 1909 rempublicam
1231 1852 1546 1906 recuperandam.
1578 1850 1689 1889 Vale.

825 2053 888 2090 M.
922 2052 974 2089 T.
1008 2050 1056 2088 C.
1091 2050 1139 2087 C.
1173 2049 1407 2086 CAssio
1448 2046 1485 2083 S.
1519 2045 1563 2082 P.
1596 2045 1651 2083 D.

553 2182 647 2219 VII.
757 2178 980 2216 UANTO
1015 2176 1140 2214 studio
1167 2175 1399 2227 dignitatem
1420 2183 1527 2211 tuam
1549 2181 1586 2209 et
1606 2171 1646 2208 in
1669 2171 1800 2209 senatu
1821 2180 1859 2208 et
1879 2170 1926 2207 acl

777 2243 969 2296 populum
990 2240 1245 2285 defenderim,
1267 2253 1314 2277 ex
1335 2239 1411 2276 tuis
1433 2248 1471 2275 te
1491 2236 1609 2281 malo,
1640 2250 1757 2288 quam
1777 2250 1824 2274 ex
1845 2249 1922 2279 me,

554 2311 797 2363 cognoscere.
844 2310 942 2359 Qae
970 2321 1053 2344 mea
1083 2306 1270 2344 sententia
1290 2306 1330 2342 in
1352 2304 1482 2341 senatu
1503 2302 1617 2340 facile
1636 2302 1823 2346 valuili'et,
1855 2300 1925 2338 nifi

556 2377 673 2416 Pansa
687 2375 934 2413 vehementer
950 2371 1164 2410 obstitiffet.
1202 2372 1259 2408 Ea
1274 2369 1461 2407 sententia
1477 2368 1590 2412 dieta,
1609 2367 1818 2419 produCtus
1840 2366 1926 2403 sum

553 2445 594 2481 in
625 2442 856 2479 concionem
883 2453 903 2477 a
932 2438 1092 2476 tribuno
1122 2435 1247 2489 plebis
1279 2435 1343 2474 M.
1367 2434 1542 2472 Servilio.
1589 2433 1686 2470 Dixi
1716 2432 1762 2470 de
1783 2441 1820 2469 te
1839 2444 1924 2483 quae

554 2508 678 2561 potui,
710 2515 815 2544 tanta
835 2504 1100 2547 contentione,
1131 2510 1323 2554 quantum
1351 2499 1483 2539 forum
1509 2499 1588 2544 est,
1622 2507 1730 2537 tanto
1757 2497 1927 2535 clamore
