2351 2997
546 335 617 374 162
885 335 1568 375 EPISTOLARUM

543 444 581 472 et
610 434 885 473 liberalitatem
913 430 1032 488 peto:
1065 448 1190 486 neque
1220 435 1408 487 impedio,
1439 449 1519 487 quo
1541 435 1686 479 minus,
1719 434 1745 472 si
1766 434 1840 472 tibi
1870 435 1924 472 ita

544 500 748 552 placuerit,
779 501 897 537 etiam
917 500 1023 537 hisce
1042 513 1134 537 eum
1154 513 1265 537 ornes
1290 500 1464 551 gloriolae
1493 500 1724 550 insignibus.
1768 500 1923 538 Totum

544 565 711 616 denique
731 564 935 602 hominem
958 564 1032 601 tibi
1053 565 1107 602 ita
1126 564 1235 602 trado
1255 564 1302 602 de
1323 578 1441 602 manu
1465 565 1527 616 (ut
1548 564 1674 614 aiunt)
1699 565 1739 601 in
1760 577 1924 602 manum

545 638 652 667 tuam
682 629 806 674 istam,
837 639 876 668 et
895 630 1055 667 victoria
1078 638 1115 667 et
1137 629 1212 666 fide
1233 629 1489 681 praestantem.
1537 630 1665 666 Simus
1687 630 1792 666 enim
1813 630 1920 680 puti-

546 694 727 739 diusculi,
746 708 863 747 quam
884 709 952 748 per
968 704 1005 732 te
1020 695 1086 733 vix
1107 695 1219 733 licet:
1243 709 1393 740 verum,
1411 704 1455 733 ut
1475 694 1602 739 video,
1621 694 1771 732 licebit.
1805 695 1923 737 Cura,

546 770 589 799 ut
609 760 746 806 valeas,
778 770 815 799 et
835 775 913 806 me,
945 770 988 799 ut
1009 774 1127 805 amas,
1158 773 1255 800 ama.

860 962 1091 998 CicERO
1122 961 1441 997 TREBATIO
1483 960 1521 996 S.
1554 959 1608 997 D.

546 1087 620 1125 VI.
646 1086 680 1158 I
697 1089 738 1126 N
759 1088 944 1125 omnibus
964 1088 1062 1125 meis
1078 1086 1264 1139 epistolis,
1282 1099 1376 1137 quas
1396 1085 1442 1122 ad
1459 1084 1662 1129 Caesarem‚
1680 1094 1745 1122 aut
1765 1084 1812 1121 ad
1833 1083 1923 1121 Bal-

720 1153 831 1197 bum,
862 1153 994 1197 mitto,
1026 1152 1205 1203 legitima
1224 1150 1401 1203 quaedam
1421 1149 1474 1187 est
1494 1150 1652 1187 acceffio
1673 1148 1927 1188 commenda-

548 1219 666 1257 tionis
689 1228 777 1263 tuae‚
800 1232 871 1256 nec
892 1231 934 1255 ea
952 1218 1138 1270 vulgaris,
1156 1216 1219 1254 sed
1239 1230 1332 1254 cum
1353 1216 1485 1267 aliquo
1505 1215 1647 1267 infigni
1666 1214 1815 1253 indicio
1835 1227 1930 1252 meae

547 1298 638 1336 erga
658 1293 694 1322 te
714 1283 1008 1322 benevolentiae.
1031 1284 1098 1320 Tu
1119 1282 1238 1320 modo
1259 1281 1423 1333 ineptias
1444 1280 1546 1325 istas,
1563 1290 1602 1318 et
1618 1280 1800 1318 defideria
1819 1279 1930 1318 urbis

549 1358 587 1388 et
608 1350 853 1394 urbanitatis,
876 1349 1051 1401 depone3
1079 1356 1118 1386 et
1138 1361 1217 1400 quo
1237 1347 1398 1385 consilio
1418 1345 1613 1398 profeeffis
1634 1358 1690 1390 es,
1712 1345 1752 1382 id
1772 1344 1928 1382 affidui-

549 1424 628 1454 tate
643 1425 681 1453 et
697 1416 841 1453 virtute
857 1413 1104 1465 consequere.
1137 1413 1230 1450 Hoc
1246 1412 1321 1450 tibi
1342 1421 1421 1449 tam
1440 1410 1687 1463 ignoscemus
1705 1424 1774 1448 nos
1795 1410 1929 1453 amici,

550 1495 670 1534 quam
694 1481 929 1532 ignoverunt
959 1478 1124 1522 Medeae‚
1155 1491 1234 1530 quae
1255 1476 1468 1515 Corinthum
1488 1489 1604 1515 arcem
1622 1475 1735 1514 altam
1754 1473 1933 1513 habebant

550 1555 724 1584 matronae
746 1545 931 1598 opulentae,
962 1543 1172 1596 optimates:
1204 1543 1348 1595 quibus
1370 1542 1437 1579 illa
1457 1541 1638 1579 manibus
1659 1539 1930 1592 gypsatiffimis

552 1611 747 1664 persuasit,
779 1623 826 1648 ne
853 1610 924 1648 fibi
950 1610 1047 1646 vitio
1077 1608 1153 1645 illae
1188 1616 1394 1651 verterent,
1426 1606 1533 1658 quod
1565 1605 1705 1643 abeffet
1739 1618 1759 1642 a
1793 1605 1930 1656 patria.

550 1679 652 1716 Nam
687 1676 792 1715 multi
808 1676 920 1726 fitam
953 1688 1026 1711 rem
1059 1673 1141 1711 bene
1171 1671 1313 1724 gqffi’re,
1345 1680 1380 1709 et
1407 1670 1602 1723 publicam,
1627 1669 1758 1722 patria
1787 1669 1930 1722 procul.

552 1743 682 1787 Multi,
702 1742 763 1795 qui
779 1740 870 1779 domi
886 1749 1030 1779 aetatem
1048 1748 1212 1790 agerent,
1227 1746 1422 1790 propterea
1428 1738 1520 1790 ficnt
1543 1735 1746 1788 improbati.
1780 1736 1872 1787 Qo
1892 1736 1933 1772 in

554 1822 718 1848 numero
739 1817 782 1845 tu
799 1816 901 1844 certe
922 1805 1067 1849 fuiffes,
1086 1805 1155 1842 nifi
1177 1814 1214 1842 te
1230 1803 1529 1841 extrufiffemus.
1563 1802 1634 1839 Sed
1656 1801 1767 1853 plura
1788 1800 1933 1838 scribe-

554 1889 642 1914 mus
674 1875 780 1912 alias.
824 1875 891 1911 Tu
912 1873 981 1924 qui
1002 1871 1147 1908 caeteris
1169 1883 1300 1907 cavere
1320 1868 1503 1912 didicisti,
1535 1869 1576 1905 in
1598 1866 1798 1905 Britannia
1818 1879 1866 1903 ne
1887 1865 1934 1902 ab

553 1940 741 1979 essedariis
774 1938 992 1990 decipiaris,
1023 1945 1184 1973 caveto:
1217 1944 1268 1979 et,
1301 1933 1456 1986 quando
1481 1933 1664 1970 Medeam
1685 1945 1794 1983 agere
1815 1931 1933 1982 coepi,

557 2005 657 2044 illud
678 2004 826 2055 semper
846 2011 1059 2045 memento,
1091 2000 1167 2051 sz'
1183 1998 1483 2051 z'pfi’ſsbiſsqpiens
1497 1997 1651 2051 prodaeff
1670 2010 1737 2034 non
1759 1996 1858 2048 quit,
1873 2010 1935 2033 ηε·

557 2070 744 2125 quidquam
749 2067 868 2120 sapit.
902 2069 1006 2104 Cura
1026 2076 1068 2103 ut
1089 2066 1226 2103 valeas.

892 2267 1155 2303 CICERO
1205 2266 1597 2302 TREBATio.

559 2399 654 2437 VII.
680 2397 743 2468 E
759 2396 796 2433 G
814 2395 849 2431 O
881 2404 918 2432 te
939 2393 1211 2432 commendare
1232 2405 1309 2429 non
1331 2391 1488 2434 desist03
1521 2389 1584 2427 sed
1605 2388 1699 2440 quid
1720 2387 1939 2440 proficiam,

775 2475 822 2500 ex
852 2470 890 2498 te
916 2461 1011 2498 scire
1031 2460 1163 2512 cupio.
1211 2459 1326 2510 Spem
1346 2458 1559 2495 maximam
1580 2455 1705 2493 habeo
1726 2456 1766 2493 in
1788 2453 1909 2492 Balbo
1928 2467 1937 2490 ε

562 2530 607 2569 ad
627 2542 745 2582 quem
767 2527 813 2564 de
835 2536 870 2564 te
898 2526 1189 2578 diligentissime
1218 2533 1256 2562 et
1286 2523 1483 2575 saepiffime
1513 2521 1655 2560 scribo.
1702 2519 1808 2558 Illud
1838 2518 1941 2555 soleo

562 2594 708 2638 mirari,
739 2606 818 2630 non
839 2605 902 2629 me
923 2592 1036 2629 toties
1061 2591 1234 2642 accipere
1264 2598 1348 2627 tuas
1376 2588 1521 2632 literas,
1553 2585 1705 2638 quoties
1736 2598 1756 2622 a
1785 2583 1940 2634 Qinto
