2351 2997
1121 299 1349 353 [206]

782 551 1685 599 EPISTULARUM

618 770 787 828 AD
916 770 1854 827 FAMILIARES

1011 988 1288 1025 LIBER
1378 988 1457 1024 IX.

684 1182 747 1219 M.
773 1182 824 1218 T.
849 1181 1023 1217 CICERO
1056 1181 1118 1219 M.
1143 1182 1392 1218 TERENTIO
1416 1181 1633 1218 VARRONI
1668 1181 1705 1219 S.
1729 1182 1783 1219 D.

548 1311 581 1347 Ι.
723 1309 761 1348 X
791 1308 852 1345 his
874 1308 1012 1352 literis,
1034 1321 1128 1360 quas
1150 1308 1307 1345 Atticus
1329 1322 1348 1345 a
1369 1316 1405 1346 te
1426 1307 1550 1345 miffas
1571 1307 1673 1346 mihi
1693 1308 1803 1359 legit,
1825 1308 1922 1360 quid

737 1386 880 1425 agei‘eS,
904 1381 942 1410 et
962 1372 1030 1409 ubi
1051 1372 1156 1417 effes,
1187 1373 1353 1424 cognovi
1373 1387 1381 1410 ε
1415 1372 1569 1423 quando
1589 1381 1720 1410 autem
1747 1381 1784 1409 te
1804 1372 1922 1411 visuri

546 1440 723 1484 effemus,
755 1438 856 1476 nihil
878 1438 963 1475 sane
983 1452 1029 1476 ex
1050 1438 1186 1475 iisdem
1207 1438 1329 1475 literis
1355 1438 1467 1489 potui
1496 1437 1690 1489 suspicari.
1737 1439 1784 1475 In
1813 1437 1922 1490 spem

548 1514 677 1543 tamen
697 1505 810 1542 venio
831 1503 1142 1555 appropinquare
1162 1511 1277 1540 tuum
1297 1503 1521 1547 adventum,
1552 1503 1622 1555 qui
1648 1502 1750 1540 mihi
1771 1504 1924 1543 utinam

547 1570 682 1607 solatio
703 1569 774 1613 fit;
807 1568 872 1605 etfi
895 1576 953 1605 tot
974 1567 1167 1619 tantisque
1188 1568 1301 1605 rebus
1322 1581 1521 1619 urgemur,
1544 1576 1587 1605 ut
1608 1569 1759 1606 nullam
1779 1568 1921 1606 alleva-

546 1635 696 1673 tionem
728 1633 934 1685 quisquam
962 1646 1040 1670 non
1067 1633 1308 1670 stultiffimus
1336 1632 1482 1685 sperare
1508 1633 1671 1671 debeat:
1704 1633 1767 1671 sed
1791 1643 1923 1672 tamen

545 1710 611 1739 aut
632 1709 674 1739 tu
695 1709 804 1752 potes
833 1713 909 1744 me,
942 1707 1007 1736 aut
1036 1713 1108 1751 ego
1136 1709 1187 1744 te,
1219 1699 1371 1736 fortaffe
1401 1699 1531 1751 aliqua
1555 1713 1595 1737 re
1621 1701 1770 1751 juvare.
1816 1700 1924 1738 Scito

542 1766 650 1804 enim
671 1779 748 1810 me,
779 1764 1026 1816 posteaquam
1046 1765 1087 1801 in
1108 1765 1247 1802 urbem
1267 1765 1454 1809 venerim,
1486 1764 1634 1803 rediiffe
1661 1756 1754 1803 cum
1777 1766 1921 1804 veteri-

546 1832 618 1870 bus
647 1832 797 1875 amicis,
829 1830 869 1868 id
900 1830 967 1875 est,
999 1844 1092 1868 cum
1123 1831 1234 1868 libris
1268 1831 1420 1875 nostris,
1451 1831 1491 1868 in
1524 1831 1711 1883 gratiam:
1744 1832 1810 1869 etfi
1841 1845 1922 1870 non

543 1897 691 1934 idcirco
726 1910 861 1934 eorum
895 1895 1008 1933 usum
1043 1895 1277 1940 dimiseram,
1314 1895 1420 1947 quod
1450 1896 1497 1933 iis
1529 1896 1818 1941 succenserem3
1857 1896 1921 1934 sed

544 1962 651 2014 quod
671 1975 807 1999 eorum
828 1974 890 1998 me
911 1960 1167 2012 suppudebat.
1210 1960 1383 1998 Videbar
1409 1961 1514 1998 enim
1534 1960 1651 2006 mihi,
1683 1975 1776 1999 cum
1794 1974 1858 1998 me
1879 1961 1922 1999 in

543 2040 601 2064 res
631 2025 975 2064 turbulentiffimas
1004 2025 1274 2063 infideliffimis
1303 2025 1415 2063 sociis
1443 2025 1686 2070 demififfem,
1717 2025 1919 2078 praeceptis

543 2092 704 2130 illorum
729 2104 808 2128 non
836 2090 922 2128 satis
951 2090 1124 2142 paruiffe.
1172 2091 1385 2142 Ignoscunt
1412 2090 1527 2136 mihi,
1559 2100 1740 2129 revocant
1760 2091 1801 2128 in
1822 2104 1920 2128 con-

543 2156 789 2197 suetudinem
810 2154 1024 2207 pristinam,
1056 2165 1186 2206 teque‚
1218 2156 1323 2207 quod
1346 2157 1385 2193 in
1406 2169 1451 2193 eo
1471 2155 1737 2208 permanseris,
1768 2155 1922 2207 sapien-

544 2221 699 2265 florem,
732 2233 849 2272 quam
883 2233 959 2264 me,
992 2219 1130 2257 dicunt
1161 2219 1286 2258 fuiffe.
1333 2221 1602 2271 Qamobrem
1634 2234 1727 2258 cum
1757 2220 1918 2272 placatis

542 2285 605 2324 his
633 2295 735 2330 utor,
766 2286 898 2323 videor
924 2285 1069 2337 sperare
1096 2286 1248 2330 debere,
1280 2286 1305 2323 fi
1334 2296 1371 2323 te
1392 2286 1571 2331 viderim,
1603 2296 1640 2324 et
1661 2300 1703 2324 ea
1722 2300 1807 2338 quae
1829 2299 1917 2338 pre-

542 2361 665 2397 mant,
697 2361 735 2388 et
756 2365 798 2389 ea
816 2365 901 2403 quae
922 2351 1186 2403 impendeant,
1218 2366 1281 2389 me
1307 2350 1422 2389 facile
1452 2353 1716 2390 tranfiturum.
1763 2353 1917 2403 Qam-

542 2418 678 2455 obrem
699 2417 772 2454 five
792 2416 832 2453 in
854 2416 1093 2461 Tusculano,
1125 2417 1198 2454 five
1219 2417 1260 2454 in
1281 2417 1476 2461 Cumano,
1502 2417 1548 2455 ad
1568 2426 1606 2455 te
1626 2417 1811 2469 placebit,
1842 2417 1916 2455 five

545 2482 670 2535 (quod
702 2482 866 2519 minime
896 2481 1034 2531 velim)
1070 2483 1231 2520 Romae:
1263 2482 1480 2520 dummodo
1514 2483 1628 2521 fimul
1663 2483 1795 2527 fimus,
1825 2495 1915 2534 per-

543 2548 673 2585 ficiam
700 2545 887 2599 profecito,
919 2556 963 2586 ut
993 2547 1033 2585 id
1064 2548 1224 2599 utrique
1253 2546 1427 2585 nostrum
1458 2548 1814 2587 commodiffimum
1845 2545 1917 2584 effe

541 2612 728 2651 videatur.
762 2611 872 2651 Vale.
