2351 2997
608 287 681 340 382
949 281 1632 321 EPISTOLARUM

603 385 853 423 vehementer
883 383 1106 435 probatum,
1139 382 1212 419 tibi
1247 381 1482 419 commendo
1511 382 1699 433 majorem
1728 380 1769 417 in
1799 380 1977 419 modum.

607 450 870 488 Vehementer
890 447 990 484 mihi
1011 455 1166 497 gratum
1187 445 1340 489 feceris,
1372 446 1413 490 fi,
1445 446 1744 497 quibuscunque
1765 446 1878 484 rebus
1906 447 1982 484 sine

607 525 673 553 tua
692 513 865 552 molestia
885 512 1043 563 poteris,
1076 512 1109 548 ei
1131 510 1407 548 commodaris.
1440 510 1560 561 Qod
1581 519 1623 548 ut
1643 509 1774 556 facias,
1807 520 1843 550 te
1863 510 1978 549 vehe-

606 589 756 619 menter
777 579 894 616 etiam
915 586 1028 629 atque
1049 577 1167 614 etiam
1188 590 1296 628 rogO.
1331 576 1441 614 Vale.

699 780 763 817 M.
795 781 848 817 T.
882 778 931 816 C.
965 778 1009 816 P.
1043 778 1365 834 SERVI-Llo,
1408 776 1719 814 COLLEGAE
1762 776 1799 814 S.
1832 777 1887 815 D.

607 908 757 948 LXXI.
783 907 872 978 M
890 908 927 943 U
943 907 1024 943 LT
1041 907 1076 943 O
1093 906 1114 942 S
1147 904 1220 942 tibi
1252 903 1526 942 commendem
1558 904 1703 942 neceffe
1729 904 1795 949 est,
1827 904 1983 956 quando

904 969 1088 1008 omnibus
1111 977 1202 1006 nota
1227 969 1353 1006 nostra
1372 967 1608 1005 neceffitudo
1628 968 1695 1012 est,
1727 977 1869 1020 tuaque
1895 982 1984 1020 erga

606 1053 670 1078 me
700 1037 983 1076 benevolentia.
1031 1035 1102 1072 Sed
1133 1043 1277 1079 tamen,
1308 1034 1375 1071 etfi
1396 1034 1577 1071 omnium
1597 1033 1720 1078 causa,
1751 1047 1850 1085 quos
1871 1047 1983 1071 com-

607 1105 766 1149 mendo,
797 1104 896 1141 velle
925 1102 1074 1145 debco;
1108 1110 1237 1138 tamen
1265 1114 1358 1138 cum
1391 1100 1576 1137 omnibus
1609 1113 1688 1136 non
1719 1100 1851 1137 eadem
1884 1098 1985 1137 mihi

606 1172 717 1210 causa
736 1170 802 1207 est.
849 1171 902 1206 T.
926 1167 1094 1219 Agufius
1115 1176 1153 1204 et
1174 1179 1303 1204 comes
1325 1179 1434 1203 meus
1455 1164 1532 1203 fuit
1553 1165 1623 1202 illo
1643 1165 1860 1203 miserrimo
1882 1174 1982 1203 tem-

606 1251 714 1290 pore,
745 1245 783 1273 et
803 1234 983 1273 omnium
1005 1233 1206 1277 itinerum,
1239 1232 1547 1284 navigationum,
1570 1231 1764 1275 laborum,
1785 1230 1983 1283 periculo-

607 1317 696 1341 rum
725 1315 918 1344 meorum,
949 1299 1102 1343 socius;
1135 1311 1261 1350 neque
1294 1296 1371 1335 hoc
1402 1308 1577 1350 tempore
1610 1296 1826 1334 disceffiffet
1855 1310 1875 1334 a
1905 1309 1983 1341 me,

607 1370 676 1407 nisi
709 1382 781 1420 ego
812 1368 847 1404 ei
879 1364 1141 1419 permifiss'em.
1189 1366 1320 1415 Qare
1349 1364 1398 1401 fic
1430 1364 1505 1401 tibi
1536 1377 1628 1400 eum
1658 1362 1909 1407 commendo,
1941 1371 1985 1399 ut

604 1448 731 1473 unum
762 1433 808 1470 de
837 1432 934 1469 meis
965 1429 1185 1468 domesticis
1215 1439 1253 1467 et
1282 1428 1452 1466 maxime
1481 1428 1709 1466 necefl‘ariis.
1756 1429 1985 1479 Pergratum

606 1499 708 1538 mihi
728 1498 898 1540 feceri&
913 1496 937 1533 fi
959 1509 1050 1533 eum
1071 1495 1124 1532 ita
1144 1494 1330 1538 naclaris,
1362 1502 1406 1531 ut
1430 1493 1626 1544 intelligat
1652 1492 1752 1530 hanc
1779 1506 1984 1531 commen-

606 1565 804 1602 dationem
826 1561 896 1599 fibi
917 1573 1061 1612 magno
1082 1558 1150 1597 usu
1171 1567 1287 1612 atque
1307 1558 1534 1610 adjumento
1553 1557 1679 1596 fuiffe.
1712 1557 1823 1596 Vale.

700 1764 764 1802 M.
797 1763 850 1800 T.
884 1763 932 1800 C.
966 1762 1011 1799 P.
1045 1760 1368 1803 SERVILIO,
1410 1759 1723 1797 COLLEGAE
1765 1759 1803 1797 S.
1836 1758 1892 1796 D.

606 1892 780 1931 LXXII.
807 1889 1243 1962 CAERELLIAE,
1285 1885 1495 1924 necessariae
1526 1899 1635 1931 meae,
1673 1900 1770 1931 rem,
1808 1885 1983 1931 nomina,

905 1953 1145 2006 poffefliones
1176 1952 1376 1995 Asiaticas,
1413 1950 1685 1988 commendavi
1719 1950 1793 1988 tibi
1822 1950 1985 2002 praesens

606 2024 648 2060 in
680 2020 804 2059 hortis
838 2020 930 2064 tuis,
962 2032 1080 2071 quam
1114 2018 1227 2069 potui
1261 2015 1578 2068 diligentiffime;
1612 2025 1733 2068 tuque
1767 2014 1883 2060 mihi,
1914 2029 1986 2067 pro

606 2097 674 2126 tua
704 2085 998 2129 consuetudine,
1029 2097 1177 2136 proque
1212 2083 1289 2120 tuis
1324 2083 1365 2119 in
1400 2094 1462 2120 me
1496 2082 1692 2134 perpetuis
1727 2080 1987 2132 maximisque

607 2154 764 2197 officiis,
795 2152 927 2190 omnia
956 2160 992 2188 te
1022 2149 1216 2187 facturum
1245 2147 1506 2186 liberaliflime
1527 2147 1716 2199 recepisti.
1763 2146 1987 2184 Meminisse

606 2228 645 2258 te
666 2219 706 2256 id
726 2218 858 2271 sper0;
881 2217 959 2255 scio
979 2217 1085 2254 enim
1107 2215 1238 2253 solere.
1272 2214 1344 2252 Sed
1366 2223 1494 2252 tamen
1512 2213 1699 2252 Caerelliae
1719 2221 1985 2265 procuratores

607 2283 854 2336 scripserunt,
886 2291 923 2320 te
954 2290 1112 2334 propter
1145 2279 1460 2332 magnitudinem
1494 2279 1718 2331 provinciae,
1756 2277 1985 2315 multitudi-

606 2362 778 2401 nemque
798 2348 1062 2400 negofiorum,
1093 2346 1211 2383 etiam
1240 2355 1356 2397 atque
1385 2344 1503 2382 etiam
1533 2343 1604 2382 esse
1625 2342 1983 2382 commonefacien-

607 2416 717 2453 dum.
751 2415 847 2452 Peto
868 2413 1004 2466 igitur,
1031 2420 1074 2449 ut
1095 2411 1320 2449 memineris
1342 2419 1379 2448 te
1400 2410 1545 2455 omnia,
1566 2424 1653 2462 quae
1674 2419 1741 2446 tua
1761 2408 1853 2446 fides
1875 2417 1983 2460 pate-

607 2490 727 2525 retur,
758 2478 860 2517 mihi
880 2478 1077 2516 cumulate
1098 2476 1290 2529 recepiffe.
1343 2475 1543 2527 Equidem
1563 2475 1756 2519 existimo,
1787 2473 1928 2511 habere
1949 2482 1985 2510 te

609 2558 791 2600 magnam
809 2544 1038 2585 facultatem
1063 2542 1144 2597 (sed
1172 2542 1248 2582 hoc·
1278 2541 1330 2581 est
1360 2542 1419 2580 tui
1448 2541 1600 2580 confilii
1628 2549 1666 2579 et
1688 2538 1850 2592 judicii)
1873 2552 1920 2577 ex
1939 2551 1985 2576 eo
