2351 2997
537 315 612 355 190
742 324 746 328 ·
877 296 1556 340 EPISTVO-L-AR-UM

836 533 1076 570 CAEL1us
1120 529 1434 567 CICERONI
1478 528 1514 566 S.
1548 527 1602 566 D,

539 664 614 701 Vl.
638 660 769 738 ΝΟ
783 661 831 698 Ν
855 657 983 705 dubito,
1007 657 1089 712 quin
1104 656 1282 710 perlatum
1303 654 1354 693 ad
1370 665 1402 694 te
1403 655 1470 707 sit,
1493 653 1650 708 Appium
1671 669 1694 692 a
1714 653 1903 692 Dolabella

740 739 837 763 reum
846 722 1013 776 facTZum3
1035 721 1126 774 sane
1146 735 1209 758 non
1230 735 1283 765 ea,
1307 734 1411 773 quam
1432 720 1722 772 existimaveram,
1752 716 1902 756 invidia.

540 795 666 846 lVeque
692 789 779 830 enim
786 789 896 842 stulte
922 787 1088 841 Appius;
1120 786 1193 839 qui,
1208 785 1320 837 fimul
1346 794 1449 838 atque
1478 784 1669 823 Dolabella
1698 783 1828 833 acccfft
1857 780 1908 819 ad

541 857 710 903 tribunal,
743 853 927 893 introierat
948 852 982 890 in
1003 852 1134 897 urbem,
1168 850 1402 903 triumphique
1423 849 1683 902 postulationem
1704 848 1904 900 abjecerat:

542 938 605 978 quo
614 921 720 976 fize'lo
740 918 871 958 retudit
877 917 1068 970 strmones,
1094 915 1326 968 paratiorque
1352 915 1446 967 vistis
1478 915 1535 965 est,
1567 928 1670 967 quam
1689 914 1905 967 speraverat

541 988 734 1041 aecusator.
766 986 803 1022 Is
823 997 912 1021 nunc
931 982 966 1020 in
987 991 1020 1020 te
1036 981 1223 1019 maximam
1230 980 1332 1033 spem
1352 979 1466 1016 habet.
1491 977 1569 1015 Seio
1591 979 1655 1016 tibi
1673 991 1747 1016 eum
1763 991 1827 1014 non
1847 976 1905 1026 effe

543 1051 629 1090 odio.
665 1052 783 1102 Qam
804 1047 891 1086 velis
911 1061 987 1085 eum
1008 1046 1177 1097 obligare,
1209 1044 1246 1081 in
1266 1053 1328 1081 tua
1349 1057 1452 1081 manu
1474 1043 1542 1093 cst:
1575 1057 1652 1080 cum
1673 1056 1737 1096 quo
1742 1041 1908 1093 simultas

525 1118 567 1169 st
580 1116 645 1154 tibi
663 1129 728 1153 non
735 1111 1044 1168 suffitsliberius
1071 1109 1136 1148 tibi
1165 1108 1206 1147 de
1237 1116 1311 1145 tota
1339 1122 1377 1146 re
1409 1108 1495 1157 efflet.
1539 1108 1649 1146 Nune
1670 1107 1703 1156 fi
1730 1104 1778 1144 ad
1807 1105 1906 1143 illam

528 1181 708 1234 summam
728 1177 914 1216 veritatem
944 1174 1136 1226 legitimum
1153 1174 1218 1226 jus
1249 1171 1414 1224 exegeris,
1447 1170 1641 1209 cavendum
1672 1170 1736 1208 tibi
1753 1169 1833 1216 erit,
1866 1183 1908 1208 ne

537 1253 669 1298 parum
674 1240 883 1296 stmpliciter
904 1248 935 1277 et
962 1237 1106 1277 candide
1129 1236 1270 1290 posuiffie
1296 1235 1499 1273 inimicitias
1527 1234 1697 1273 videaris.
1742 1236 1785 1272 In
1817 1233 1908 1271 hanc

535 1318 677 1363 partem
690 1316 799 1361 porro
819 1313 933 1342 tutum
954 1303 1019 1342 tibi
1037 1302 1117 1349 erit,
1120 1302 1160 1354 st
1178 1301 1266 1354 quid
1281 1300 1446 1346 volueris,
1459 1299 1683 1352 gratfficari:
1702 1313 1797 1337 nemo
1818 1297 1907 1336 enim

545 1371 773 1423 nectffitudine
797 1379 830 1408 et
856 1368 1015 1407 amicitia
1046 1376 1079 1405 te
1104 1367 1311 1404 deterritum
1340 1365 1383 1402 ab
1415 1363 1518 1413 officio
1550 1364 1654 1401 dicet.
1699 1362 1798 1402 Illud
1822 1361 1910 1400 mihi

545 1437 712 1484 occurrit,
757 1434 860 1489 quod,
904 1433 995 1471 inter
1022 1431 1280 1486 postulationem
1316 1439 1350 1468 et
1383 1429 1527 1467 nominis
1562 1429 1779 1475 delationem,
1824 1441 1910 1465 uxor

544 1519 568 1542 a
588 1501 778 1542 Dolabella
798 1499 948 1552 discefflt.
989 1497 1091 1549 Qud
1106 1496 1195 1534 mihi
1213 1495 1381 1549 discedens
1402 1494 1597 1540 mandaris,
1631 1493 1792 1532 memini:
1826 1492 1913 1546 quid

545 1582 605 1619 ego
626 1563 909 1619 tibiseripfi’riim
942 1571 974 1601 te
1005 1576 1070 1599 non
1097 1560 1253 1599 arbitror
1285 1559 1439 1597 oblitum.
1486 1559 1571 1597 Νοη
1603 1559 1646 1610 est
1664 1559 1747 1610 jam
1777 1565 1909 1610 tempus

539 1634 651 1686 plura
681 1629 863 1669 narrandi.
908 1630 1024 1667 Unum
1050 1625 1141 1665 illud
1165 1639 1299 1664 monere
1329 1634 1362 1663 te
1382 1624 1525 1676 postiam,
1543 1625 1583 1676 fi
1598 1637 1652 1662 res
1673 1623 1736 1660 tibi
1753 1637 1818 1661 non
1838 1622 1907 1675 dff-

539 1697 697 1752 plicebit‚
739 1705 853 1734 tamen
884 1694 947 1732 hoe
982 1701 1132 1746 tempore
1166 1691 1257 1730 nihil
1289 1690 1330 1729 de
1363 1699 1426 1728 tua
1460 1690 1640 1728 voluntate
1675 1687 1838 1741 ostendas,
1877 1696 1911 1726 et

545 1766 711 1817 eapefles,
743 1757 1028 1814 quemadmodum
1058 1765 1155 1795 exeat
1185 1770 1224 1794 ex
1254 1755 1321 1793 hae
1351 1755 1467 1809 causa.
1513 1753 1677 1807 Denique
1705 1752 1913 1807 invidiosum

543 1828 608 1867 tibi
608 1829 674 1881 fit,
690 1827 729 1879 st
754 1824 941 1864 emanarit.
982 1825 1113 1869 Porro,
1129 1821 1343 1874 fignificatio
1370 1820 1490 1872 ullast
1504 1818 1733 1870 intereeffinit,
1767 1818 1912 1866 clarius,

547 1907 652 1947 quam
671 1891 801 1938 deceat,
834 1898 897 1928 aut
917 1887 1088 1942 expediat,
1107 1888 1193 1937 fiat.
1224 1887 1350 1940 Neque
1369 1885 1427 1924 ille
1447 1894 1562 1923 tacere
1580 1897 1656 1922 eam
1676 1897 1749 1921 rem
1762 1883 1910 1937 poterit,

547 1973 626 2013 quce
644 1957 726 2010 stcae
744 1956 827 2009 spei
854 1964 927 1992 tam
958 1961 1148 2006 opportuna
1178 1951 1371 1994 acciderit3
1405 1963 1549 2004 quaeque
1575 1948 1611 1986 in
1639 1948 1771 2000 negotio
1804 1949 1907 1997 coifi-

544 2022 660 2062 ciendo
681 2029 775 2059 tanto
796 2019 961 2072 illustrior
981 2017 1048 2055 erit
1064 2032 1074 2055 .·
1107 2031 1183 2054 eum
1196 2014 1395 2070 praeſs’rtim
1414 2015 1443 2052 is
1448 2015 1513 2067 sit,
1545 2014 1618 2068 qui,
1634 2014 1675 2065 fi
1680 2012 1911 2067 perniciosum

536 2088 649 2141 sciret
668 2085 727 2136 effe
747 2085 842 2139 loqui
860 2083 901 2122 de
922 2083 990 2121 hae
1009 2096 1062 2129 re,
1095 2082 1156 2120 vix
1177 2081 1343 2134 tamense
1364 2080 1564 2118 contineret.
1609 2077 1797 2132 Pompeius
1823 2077 1912 2115 dici-

548 2162 609 2191 tur
629 2150 736 2190 valde
748 2159 815 2204 pro
835 2149 952 2204 Appio
972 2148 1147 2194 laborare,
1180 2155 1219 2184 ut
1239 2146 1344 2184 etiam
1369 2153 1494 2200 putent
1524 2144 1734 2182 alterutrum
1764 2142 1806 2180 de
1820 2142 1914 2193 filiis

548 2217 600 2257 ad
625 2226 659 2255 te
688 2215 737 2254 mi
761 2229 877 2253 urum.
924 2213 1000 2252 Hic
1029 2227 1087 2250 nos
1119 2225 1229 2250 omnes
1261 2211 1494 2263 absolvimus:
1527 2218 1560 2248 et
1591 2208 1729 2246 hercule
1761 2222 1819 2246 con
1836 2217 1917 2259 epta

547 2282 676 2329 omnia,
696 2280 814 2335 sceda,
848 2290 880 2319 et
900 2279 1083 2332 inhonesta,
1103 2278 1205 2331 sunt.
1252 2278 1412 2330 Consules
1437 2285 1553 2314 autem
1585 2275 1750 2313 habemus
1768 2273 1915 2327 stimma

548 2347 757 2400 diligentia:
789 2342 1281 2398 adhaeserimus-consultum,
1315 2342 1377 2395 nfi
1405 2341 1444 2380 de
1456 2339 1568 2395 firiis
1587 2339 1748 2386 Latinis,
1780 2339 1912 2376 nullum

534 2412 666 2467 facere
678 2419 878 2466 potuerunt.
910 2409 1058 2448 Curioni
1074 2408 1182 2460 nostro
1200 2407 1398 2446 tribunatus
1416 2405 1625 2458 conglaciat.
1669 2403 1741 2442 Sed
1756 2403 1828 2441 dici
1847 2417 1912 2441 non

543 2478 652 2531 potest
687 2475 849 2531 quomodo
884 2475 940 2514 hic
977 2474 1090 2512 omnia
1112 2473 1272 2525 jaceant.
1319 2472 1403 2525 Nisi
1429 2486 1490 2524 ego
1526 2484 1604 2509 cum
1637 2468 1845 2508 tabernariis
1879 2477 1913 2506 et

549 2541 710 2599 aquariis
732 2551 945 2597 pugnarem,
974 2548 1136 2579 veternus
1161 2536 1344 2576 civitatem
1374 2536 1568 2591 occupcgffet.
1615 2535 1657 2573 Si
1686 2533 1825 2574 Parthi
1852 2547 1914 2572 vos
