2351 2997
611 282 703 319 AD
763 281 1231 322 FAMILIARES
1291 286 1548 327 L1ss.v1.
1701 308 1772 348 133

392 379 598 431 meipsum,
617 380 900 418 consolatorem
922 391 1051 428 tuum,
1071 397 1148 421 non
1171 393 1325 424 tantum
1346 387 1481 434 lsterae,
1504 391 1649 442 quibus
1671 393 1772 432 sem—

390 456 459 494 per
478 443 620 488 studui,
651 454 844 496 quantum
866 447 1135 500 longinquitas
1158 452 1345 502 temporis
1367 454 1578 505 mitigavit.
1613 459 1774 509 Qanto

388 505 532 545 fuerim
553 509 700 554 dolore,
724 512 952 550 meministi.
986 515 1030 551 In
1052 527 1132 565 quo
1151 517 1279 567 prima
1299 518 1366 555 illa
1386 520 1601 559 consolatio
1621 524 1688 569 est,
1711 526 1770 563 vi-

389 572 481 610 diffe
509 588 570 612 me
601 576 688 627 plus
717 590 835 628 quam
865 587 1037 623 caeteros‚
1069 593 1161 617 cum
1183 582 1406 633 cupiebam,
1437 588 1615 637 quamvis
1636 590 1773 642 iniqua

386 639 627 685 conditione,
659 655 809 692 pacem.
843 643 962 693 Qod
983 644 1049 681 etfi
1071 645 1172 689 casu,
1206 660 1283 684 non
1305 647 1545 689 divinatione
1566 667 1664 699 mea,
1686 655 1769 694 fac-

388 712 473 741 tum
495 705 571 750 est5
596 715 724 743 tamen
742 707 781 743 in
799 706 870 744 hac
892 709 998 745 inani
1019 709 1234 761 prudentiae
1256 712 1367 750 laude
1384 714 1565 755 delector.
1600 720 1768 768 Deinde,

385 770 490 819 quod
513 769 613 807 mihi
633 771 680 807 ad
701 772 1007 811 consolationem
1028 787 1240 813 commune
1263 786 1393 815 tecum
1414 779 1480 824 cst,
1513 782 1637 833 sijum
1659 799 1771 825 vocer

383 834 429 870 ad
450 835 601 873 exitum
622 837 724 881 vitae,
744 851 820 874 non
842 838 889 875 ab
911 852 952 876 ea
973 840 1174 891 republica
1193 842 1346 888 avellar,
1370 859 1445 896 qua
1465 849 1676 888 carendum
1697 852 1769 890 effe

384 898 551 944 doleam,
570 901 781 952 praesertim
799 916 892 940 cum
914 903 953 940 id
975 904 1051 941 fine
1068 905 1151 943 ullo
1172 906 1278 944 sensu
1300 902 1481 948 futurum
1502 912 1561 951 sit,
1595 915 1768 966 Adjuvat

383 964 500 1001 etiam
522 974 624 1010 zetas,
651 975 689 1003 et
710 968 790 1003 acra
805 968 887 1018 jam
909 969 1000 1013 vita,
1024 984 1109 1022 quae
1130 984 1223 1008 cum
1244 974 1357 1011 cursu
1380 974 1447 1012 suo
1468 976 1565 1015 bene
1587 980 1767 1020 confecto

382 1028 608 1074 delectatur,
640 1039 726 1067 tum
756 1041 859 1069 vetat
888 1033 929 1070 in
959 1047 1005 1070 eo
1035 1035 1116 1072 vim
1147 1036 1300 1082 timere,
1331 1052 1411 1090 quo
1441 1054 1510 1078 nos
1527 1044 1609 1094 jam
1632 1054 1768 1084 natura

381 1093 461 1144 ipsa
480 1108 578 1146 pene
598 1095 840 1147 perduxerit.
887 1098 1100 1145 Postremo,
1131 1102 1163 1139 is
1185 1103 1257 1147 vir,
1290 1104 1349 1141 vel
1380 1106 1496 1144 etiam
1528 1108 1555 1145 ii
1585 1111 1658 1148 viri
1687 1110 1765 1150 hoc

382 1158 486 1196 bello
506 1160 753 1205 occiderunt,
783 1171 826 1199 ut
847 1163 1092 1215 impudentia
1112 1166 1288 1205 videatur
1308 1170 1469 1208 eandem
1490 1171 1705 1221 fortunam,
1738 1178 1765 1216 s1

378 1237 436 1261 res
458 1234 586 1276 cogat,
609 1226 793 1265 recusare.
832 1229 1031 1280 Equidem
1052 1230 1153 1268 mihi
1174 1234 1307 1271 omnia
1327 1249 1520 1288 propono,
1542 1253 1613 1278 nec
1634 1242 1764 1281 ullum

376 1288 429 1325 est
450 1297 604 1326 tantum
625 1290 790 1335 malum,
808 1293 913 1343 quod
935 1307 1013 1331 non
1034 1304 1172 1346 putem
1193 1297 1432 1351 impendere.
1465 1303 1537 1340 Sed
1558 1318 1651 1343 cum
1671 1308 1762 1359 plus

376 1353 417 1390 in
438 1355 651 1392 metuendo
671 1356 765 1393 mali
786 1357 846 1402 fit,
877 1371 994 1409 quam
1015 1360 1056 1396 in
1078 1361 1161 1412 ipso
1182 1362 1253 1400 illo
1275 1365 1380 1416 quod
1402 1367 1579 1415 timetur,
1602 1371 1758 1420 desino;

373 1418 585 1470 praesertim
606 1433 700 1457 cum
721 1421 958 1473 impendeat,
984 1423 1025 1461 ln
1047 1438 1127 1476 quo
1148 1439 1226 1464 non
1248 1429 1368 1466 modo
1389 1430 1501 1469 dolor
1520 1434 1668 1481 nullus,
1692 1452 1760 1476 ve-

375 1496 464 1521 rum
485 1484 573 1522 finis
595 1485 714 1523 etiam
735 1485 896 1532 doloris,
926 1487 1084 1528 futurus
1107 1490 1166 1529 fit.
1214 1492 1286 1530 Sed
1313 1493 1396 1532 haec
1416 1496 1504 1535 satis
1526 1500 1670 1546 multa,
1697 1505 1760 1542 vel

373 1548 485 1601 plura
504 1551 651 1602 potius,
683 1565 802 1603 quam
830 1554 975 1592 neceffe
1003 1554 1108 1594 fuit:
1140 1556 1237 1596 facit
1267 1568 1399 1598 autem
1431 1576 1510 1600 non
1542 1565 1758 1618 loquacitas

373 1627 472 1659 mea,
500 1615 563 1653 sed
584 1616 868 1663 benevolentia,
900 1619 1097 1672 longiores
1118 1623 1313 1675 epistolas,
1359 1628 1537 1668 Servium
1558 1631 1757 1673 disceffiffe

372 1679 541 1718 Athenis
562 1682 721 1720 moleste
743 1684 816 1720 tuli
836 1699 844 1721 :
877 1698 957 1723 non
977 1687 1084 1725 enim
1105 1687 1260 1734 dubito,
1291 1693 1389 1743 quin
1416 1708 1567 1747 magnae
1592 1699 1667 1736 tibi
1696 1700 1754 1738 le-

369 1746 516 1783 vationi
548 1746 683 1785 solitus
717 1747 762 1785 fit
793 1749 864 1786 effe
897 1751 1148 1801 quotidianus
1182 1756 1402 1807 congreffus
1433 1768 1472 1797 et
1504 1760 1628 1800 sermo
1660 1778 1755 1804 cum

369 1808 655 1848 familiarissimi
675 1811 865 1857 hominis,
898 1824 984 1852 tum
1012 1818 1155 1867 optimi
1182 1828 1220 1855 et
1240 1821 1525 1871 prudentiffimi
1554 1827 1641 1866 viri.
1686 1831 1754 1868 Tu

368 1875 488 1912 velim
509 1885 560 1920 te,
588 1886 630 1914 ut
652 1877 766 1915 debes
788 1888 825 1916 et
847 1879 958 1925 soles,
991 1890 1057 1919 tua
1076 1883 1221 1921 virtute
1244 1885 1440 1925 sustentes.
1475 1891 1576 1942 Ego,
1607 1907 1692 1944 quae
1715 1905 1752 1934 te

366 1939 480 1985 velle,
512 1955 677 1994 quaeque
708 1942 753 1980 ad
787 1953 823 1981 te
855 1954 892 1983 et
924 1945 970 1982 ad
1002 1956 1088 1985 tuos
1116 1949 1323 2000 pertinere,
1356 1952 1586 2001 arbitrabor,
1618 1962 1751 1998 omnia

367 2004 531 2042 studiose
563 2006 850 2060 diligenterque
877 2011 1021 2049 curabo
1039 2027 1048 2050 :
1081 2027 1166 2065 quae
1199 2028 1291 2053 cum
1324 2016 1479 2064 faciani,
1512 2021 1754 2063 benevolen=

368 2070 461 2108 tiam
484 2079 590 2109 tuam
611 2086 701 2125 erga
719 2088 781 2112 me
803 2075 1001 2121 imitabor,
1033 2080 1171 2116 merita
1191 2093 1268 2118 non
1291 2082 1472 2135 aflequar.
1508 2087 1617 2126 Vale.

663 2274 726 2312 M.
759 2275 811 2313 T.
846 2277 894 2314 C.
927 2278 978 2315 A.
1013 2280 1269 2320 CAECINAE
1315 2284 1351 2322 S.
1385 2284 1439 2320 Di

363 2400 411 2438 V.
433 2399 507 2487 Q
523 2401 730 2441 UOTIE
745 2405 1053 2458 SCUNO-NUE
1086 2408 1214 2447 filium
1237 2420 1350 2450 tuum
1372 2413 1499 2459 video,
1521 2417 1650 2468 (video
1672 2432 1742 2457 au-n

539 2474 619 2503 tem
646 2465 727 2505 fere
746 2470 940 2521 quotidie)
964 2473 1155 2523 polliceor
1175 2476 1210 2512 ei
1232 2477 1403 2515 studium
1424 2481 1585 2531 quidem
1606 2497 1739 2521 meum

358 2540 396 2568 et
416 2544 588 2583 operam,
620 2532 697 2572 fine
727 2534 808 2572 ulla
833 2538 1064 2588 exceptione
1090 2548 1157 2578 aut
1177 2540 1335 2588 laboris,
1368 2554 1432 2582 aut
1453 2549 1736 2598 occupationis,
