2351 2997
599 275 690 311 AD
750 271 1213 309 FAMILIARES
1271 270 1501 311 L1ss.v.
1692 290 1743 328 97

360 374 537 416 allatum,
568 384 630 409 me
660 371 702 408 in
732 370 878 415 senatu,
909 384 1001 408 cum
1032 370 1268 423 disputarem
1302 371 1519 424 permultos
1549 372 1634 418 effe,
1671 375 1740 425 qui

361 436 645 490 rempublicam
677 449 697 473 a
728 449 791 473 me
823 435 1084 473 conservatam
1117 436 1308 481 dolerent,
1339 436 1501 475 dixisse:
1534 451 1553 475 a
1580 447 1617 475 te
1647 452 1738 490 pro-

360 502 529 554 pinquos
553 510 654 545 tuos,
686 501 830 553 quibus
863 514 999 553 negare
1027 515 1104 539 non
1126 501 1324 553 potuiffes,
1356 502 1587 554 impetrasse,
1619 512 1663 540 ut
1683 517 1738 548 ea,

360 580 446 618 quae
467 566 650 604 statuiffes
673 566 747 603 tibi
768 567 807 603 in
830 566 960 603 senatu
982 566 1028 603 de
1049 579 1133 603 mea
1154 566 1265 603 laude
1289 567 1360 604 effe
1390 567 1566 612 dicenda,
1599 569 1738 606 retice-

360 645 433 670 res.
510 632 586 669 uod
607 645 699 669 cum
721 631 904 675 dicerem,
928 631 1027 668 illud
1047 631 1222 682 adjunxi,
1245 630 1344 668 mihi
1367 641 1498 670 tecum
1519 634 1572 670 ita
1592 633 1738 685 disper-

360 697 480 734 titum
501 697 679 734 officium
700 695 810 734 fuiffe
831 697 870 733 in
894 696 1118 748 reipublicae
1139 696 1258 733 salute
1279 697 1492 741 retinenda,
1516 706 1558 735 ut
1578 711 1650 748 ego
1672 712 1738 735 ur·-

359 762 449 799 bem
480 775 501 798 a
531 760 751 799 domesticis
784 761 930 798 infidiis
963 770 1001 798 et
1033 762 1079 798 ab
1112 760 1295 798 intestino
1326 761 1480 806 scelere,
1513 771 1555 799 tu
1586 763 1740 799 Italiam

358 835 396 864 et
430 828 476 864 ab
512 827 666 864 armatis
701 826 877 864 hostibus
908 835 945 864 et
979 826 1026 864 ab
1061 827 1216 864 occulta
1249 828 1518 879 conjuratione
1552 826 1738 865 defende-

360 906 445 937 res;
478 901 594 944 atque
623 891 724 929 hanc
754 891 920 929 nostram
952 893 1049 929 tanti
1070 900 1107 929 et
1130 901 1208 929 tam
1229 892 1402 944 praeclari
1423 894 1595 930 muneris
1617 893 1738 931 socie-

360 965 479 994 tatem
500 970 520 993 a
541 958 616 994 tuis
639 957 870 1008 propinquis
892 955 1157 994 labefactatam
1176 971 1184 994 :
1218 957 1301 1008 qui,
1324 970 1417 994 cum
1439 965 1480 994 tu
1502 971 1522 994 a
1542 971 1604 995 me
1625 958 1738 996 rebus

359 1022 602 1074 ampliffimis
624 1031 739 1074 atque
760 1021 1158 1059 honorificentiffimis
1183 1031 1340 1059 ornatus
1370 1022 1476 1067 effes,
1509 1023 1737 1068 timuissent,

360 1101 407 1125 ne
428 1101 504 1139 qua
524 1086 624 1124 mihi
645 1100 730 1138 pars
752 1087 817 1124 abs
840 1096 876 1124 te
896 1087 1108 1125 voluntatis
1130 1096 1276 1125 mutuae
1297 1087 1546 1125 tribueretur.
1585 1089 1677 1126 Hoc
1698 1090 1741 1126 in

360 1152 535 1189 sermone
564 1165 657 1189 cum
687 1166 707 1189 a
736 1165 799 1189 me
829 1160 1101 1204 exponeretur,
1133 1166 1218 1204 quae
1248 1165 1333 1189 mea
1361 1154 1577 1204 expectatio
1611 1153 1741 1192 fuifl'et

359 1217 545 1254 orationiS
568 1226 656 1261 tuae,
679 1226 904 1268 quantoque
925 1217 964 1253 in
986 1230 1111 1254 errore
1132 1217 1298 1254 versatus
1320 1217 1461 1262 efl‘em5
1484 1218 1560 1256 visa
1580 1218 1633 1256 est
1651 1232 1739 1256 ora-

361 1283 417 1320 tio
444 1296 522 1320 non
553 1282 795 1333 injucunda3
828 1291 866 1319 et
891 1282 1098 1319 mediocris
1120 1282 1281 1334 quidam
1302 1282 1354 1320 est
1375 1282 1470 1320 risus
1491 1283 1738 1330 consecutus,

361 1361 438 1385 non
470 1348 509 1384 in
543 1356 595 1392 te,
627 1347 689 1385 sed
721 1348 845 1399 magis
878 1348 918 1384 in
951 1360 1119 1385 errorem
1152 1360 1312 1392 meum;
1345 1357 1383 1385 et
1403 1348 1510 1399 quod
1530 1362 1593 1386 me
1613 1349 1680 1387 abs
1702 1358 1740 1387 te

361 1413 505 1465 cupisse
525 1412 671 1450 laudari
692 1421 821 1465 aperte
841 1422 957 1464 atque
977 1413 1146 1464 ingenue
1167 1412 1394 1451 confitebar.
1437 1414 1525 1464 Jam
1554 1413 1631 1452 hoc
1661 1428 1740 1452 non

361 1478 485 1530 potest
505 1479 545 1515 in
567 1487 605 1516 te
626 1491 703 1516 non
725 1477 941 1516 honorifice
961 1478 1032 1516 effe
1053 1478 1216 1523 dietum,
1240 1492 1316 1523 me,
1346 1479 1385 1515 in
1407 1478 1622 1517 clariffimis
1644 1481 1740 1518 meis

361 1552 476 1595 atque
497 1543 740 1595 ampliffimis
762 1543 890 1587 rebus,
919 1552 1045 1581 tamen
1069 1543 1228 1595 aliquod
1250 1543 1518 1581 testimonium
1540 1552 1614 1582 tuae
1635 1545 1741 1582 vocis

361 1608 503 1646 habere
522 1608 696 1646 voluiffe.
722 1608 841 1658 Qod
861 1617 992 1646 autem
1012 1609 1066 1646 ita
1086 1608 1235 1653 scribis,
1251 1617 1321 1660 pro
1336 1619 1456 1647 mutuo
1472 1609 1569 1647 inter
1583 1623 1642 1647 nos
1658 1609 1742 1647 am'-

362 1687 440 1717 mo3
471 1674 567 1725 quid
588 1683 630 1711 tu
650 1673 844 1711 existimes
865 1674 935 1712 effe
955 1674 994 1710 in
1017 1674 1188 1711 amicitia
1207 1683 1408 1719 mutuum,
1439 1674 1595 1713 nescio:
1627 1676 1742 1728 equi-

363 1740 452 1777 dem
487 1739 563 1777 hoc
598 1739 777 1784 arbitror,
814 1753 906 1777 cum
939 1753 1006 1792 par
1039 1739 1218 1777 voluntas
1252 1740 1445 1792 accipitur
1478 1750 1517 1779 et
1551 1740 1738 1780 redditur.

363 1807 450 1857 Ego
485 1806 510 1843 fi
545 1804 622 1842 hoc
657 1805 799 1850 dicam,
832 1819 894 1842 me
929 1814 995 1843 tua
1028 1805 1138 1842 causa
1171 1806 1447 1857 praetermififfe
1481 1807 1739 1858 provinciam,

363 1871 437 1908 tibi
458 1870 536 1922 ipse
557 1870 679 1908 levior
697 1870 826 1908 videar
846 1870 917 1908 effe
935 1885 944 1908 ε
968 1884 1061 1908 meae
1081 1871 1187 1908 enim
1208 1871 1374 1909 rationes
1396 1872 1449 1909 ita
1470 1872 1659 1917 tulerunt,
1681 1881 1741 1911 at-

364 1948 440 1988 que
460 1936 542 1987 ejus
564 1935 641 1972 mei
662 1935 812 1973 confilii
833 1936 1021 1986 majorem
1043 1935 1082 1972 in
1105 1935 1185 1972 dies
1207 1935 1377 1987 singulos
1405 1934 1578 1974 fructum
1599 1937 1742 1989 volup-

364 2009 562 2051 tatemque
582 2000 708 2051 capio.
746 2000 852 2038 Illud
873 2000 976 2044 dico,
1008 2014 1085 2045 me,
1118 2009 1161 2037 ut
1182 2001 1356 2052 primum
1377 2001 1417 2038 in
1439 2002 1629 2039 concione
1649 2016 1742 2053 pro-

363 2065 533 2102 vinciam
561 2064 819 2116 deposuerim,
851 2065 994 2109 statim,
1026 2066 1360 2117 quemadmodum
1392 2080 1476 2105 eam
1508 2067 1583 2104 tibi
1616 2067 1741 2105 trade-

365 2144 461 2176 rem,
493 2131 662 2182 cogitare
692 2131 860 2183 coepiffe.
907 2131 1023 2170 Nihil
1057 2132 1145 2169 dico
1177 2132 1223 2169 de
1250 2132 1450 2170 sortitione
1477 2133 1621 2178 vestra3
1654 2142 1742 2172 tan·

366 2205 452 2234 tum
480 2204 517 2233 te
547 2196 727 2248 suspicari
757 2197 861 2241 volo,
894 2196 995 2234 nihil
1017 2197 1057 2234 in
1079 2210 1120 2234 ea
1140 2211 1179 2234 re
1199 2211 1267 2249 per
1286 2198 1477 2250 collegam
1499 2212 1647 2244 meum,
1679 2213 1743 2237 me

366 2260 567 2305 insciente,
599 2260 669 2298 effe
690 2260 851 2299 factum.
895 2262 1113 2299 Recordare
1135 2271 1296 2306 caetera3
1330 2276 1446 2314 quam
1468 2264 1546 2301 cito
1568 2263 1743 2302 senatum
1797 2291 1810 2296 -

366 2325 437 2362 illo
467 2324 543 2369 die,
574 2324 673 2362 facta
700 2325 915 2371 sortitione,
947 2326 1157 2378 coegerim,
1189 2340 1308 2378 quam
1339 2328 1465 2365 multa
1492 2328 1538 2365 de
1566 2337 1602 2366 te
1629 2329 1745 2366 verba

367 2389 543 2435 fecerim,
570 2403 661 2427 curn
683 2399 725 2428 tu
746 2391 824 2444 ipse
844 2391 945 2429 mihi
967 2391 1110 2436 dixisti,
1133 2393 1348 2430 orationem
1369 2406 1494 2430 meam
1519 2407 1595 2431 non
1618 2393 1745 2432 solum

367 2457 406 2493 in
441 2464 477 2492 te
509 2454 781 2501 honorificam,
813 2456 875 2494 sed
906 2458 1022 2495 etiam
1051 2458 1091 2494 in
1122 2458 1290 2509 collegas
1313 2468 1398 2496 tuos
1421 2458 1743 2496 contumeliosam

366 2520 492 2559 fuiffe.
536 2522 625 2571 Jam
656 2520 757 2559 illud
787 2522 1202 2568 senatus-consultum,
1235 2523 1340 2575 quod
1361 2537 1406 2561 eo
1427 2524 1488 2561 die
1509 2523 1655 2561 factum
1675 2523 1741 2567 est,

451 2587 488 2624 T
502 2598 525 2623 0
541 2599 592 2624 M.
626 2586 719 2625 VII.
1404 2588 1445 2625 N
