2351 2997
652 287 744 325 AD
805 283 1272 323 FAMILIARES
1334 283 1467 322 LIB.
1513 284 1544 321 I.
1749 299 1795 338 15

409 393 493 430 citu
513 389 658 427 victore
678 386 874 430 obtinere,
893 394 936 423 ut
957 384 1094 428 debeo,
1116 384 1251 421 laetor:
1276 382 1339 420 sed
1360 391 1464 421 certe
1484 382 1554 435 qui
1576 382 1650 420 tibi
1671 396 1718 421 ex
1739 398 1804 422 me

408 457 559 495 fruetus
581 453 789 497 debentur,
819 465 883 489 eos
906 451 1104 489 uberiores
1124 459 1163 487 et
1191 449 1455 502 praesentiores
1479 448 1639 501 praesens
1668 463 1804 501 capere

410 520 609 575 potuisses.
641 521 687 558 In
704 519 758 557 eis
774 531 864 556 vero
882 515 1130 561 ulciscendis,
1149 528 1247 568 quos
1266 513 1340 552 tibi
1361 516 1505 568 partim
1527 515 1712 553 inimicos
1733 515 1805 552 effe

409 587 602 639 intelligis
632 594 792 638 propter
819 593 928 621 tuam
960 582 1320 634 propugnationem
1352 580 1485 618 salutis
1517 595 1628 626 meae,
1660 581 1805 633 partim

410 653 584 691 invidere
601 660 760 705 propter
776 649 884 687 illius
901 648 1063 686 astionis
1080 646 1387 699 amplitudinem
1404 655 1442 684 et
1458 646 1641 698 gloriam,
1659 646 1803 684 mirifi-

411 733 504 757 cum
521 731 584 756 me
601 717 676 754 tibi
697 716 887 754 comitem
904 712 1169 767 praebuiffem:
1194 725 1420 764 quanquam
1438 712 1505 748 ille
1522 712 1703 763 perennis
1725 712 1804 749 ini-

409 785 537 823 micus
559 783 779 821 amicorum
800 781 973 825 suorum,
992 780 1076 832 qui,
1100 778 1177 816 tuis
1199 779 1384 816 maximis
1408 777 1608 815 beneficiis
1630 786 1803 822 ornatus,

411 852 453 889 in
475 859 512 889 te
532 848 776 903 potiffimum
798 847 959 885 fraCtam
984 846 1096 883 illam
1123 853 1163 882 et
1190 844 1435 882 debilitatam
1463 844 1546 881 vim
1573 844 1679 881 suam
1708 857 1806 881 con-

413 916 522 961 tulit,
554 914 724 953 nostram
755 913 884 951 vicem
915 911 1022 949 ultus
1054 910 1108 949 est
1139 910 1219 963 ipse
1252 910 1354 954 sese;
1388 909 1441 947 est
1472 910 1580 947 enim
1611 922 1655 947 ea
1686 922 1805 946 cona-

413 991 492 1027 tus,
519 981 664 1034 quibus
687 978 888 1032 patefaftis
910 977 1063 1015 nullam
1084 976 1155 1014 fibi
1176 976 1216 1013 in
1239 975 1452 1028 posterum,
1475 989 1553 1013 non
1576 975 1694 1015 modo
1718 975 1805 1026 dig-

413 1047 563 1092 nitatis,
596 1045 659 1083 sed
687 1059 735 1083 ne
764 1044 957 1082 libertatis
985 1042 1163 1095 quidem,
1195 1050 1347 1094 partem
1375 1041 1550 1094 reliquit.
1596 1042 1657 1079 Te
1678 1050 1809 1079 autem

413 1113 480 1150 etsi
503 1112 663 1150 mallem
684 1112 725 1148 in
748 1111 844 1148 meis
867 1109 981 1147 rebus
1003 1117 1226 1159 expertum,
1258 1121 1379 1159 quam
1399 1107 1518 1145 etiam
1543 1107 1585 1144 in
1607 1107 1714 1152 tuis,
1749 1116 1808 1144 ta·-

414 1191 507 1215 men
534 1178 575 1214 in
606 1175 781 1214 molestia
809 1174 973 1226 gaudeo,
1006 1187 1090 1210 eam
1118 1172 1239 1210 fidem
1271 1172 1452 1224 cognosse
1483 1171 1697 1210 hominum
1730 1185 1809 1209 non

415 1244 471 1281 ita
494 1255 635 1296 magna
664 1240 857 1285 mercede,
889 1253 1008 1292 quam
1029 1252 1101 1290 ego
1122 1239 1297 1276 maximo
1319 1237 1452 1275 dolore
1473 1251 1701 1289 cognoram.
1749 1238 1812 1276 De

415 1323 494 1363 qua
525 1309 673 1347 ratione
701 1316 782 1345 tota
804 1307 887 1358 jam
916 1305 1072 1342 videtur
1092 1303 1194 1342 mihi
1215 1302 1438 1356 exponendi
1461 1312 1617 1355 tempus
1639 1303 1735 1348 dari,
1769 1313 1813 1341 ut

418 1376 494 1413 tibi
515 1374 724 1412 rescribam
743 1373 789 1411 ad
810 1386 866 1417 ea,
885 1385 970 1424 quae
992 1371 1148 1422 quaeris.
1173 1369 1394 1408 Certiorem
1417 1378 1453 1407 te
1472 1383 1542 1421 per
1562 1369 1691 1408 literas
1715 1369 1810 1407 scri-

418 1442 478 1480 bis
499 1441 571 1479 effe
591 1440 755 1485 facitum,
777 1453 839 1477 me
861 1451 955 1476 cum
977 1436 1138 1481 Caesare,
1160 1445 1199 1474 et
1220 1449 1313 1474 cum
1334 1436 1483 1489 Appio,
1506 1435 1578 1474 effe
1598 1436 1639 1474 in
1660 1436 1808 1487 gratia:

419 1517 536 1561 teque
556 1506 597 1544 id
617 1520 696 1544 non
719 1503 1000 1558 reprehendere
1020 1501 1220 1540 adscribis,
1254 1502 1463 1540 Vatinium
1485 1510 1632 1546 autem,
1660 1501 1754 1540 scire
1776 1510 1813 1539 te

418 1574 518 1612 velle
548 1572 732 1616 ostendis,
764 1571 910 1623 quibus
932 1569 1046 1607 rebus
1068 1568 1256 1606 adductus
1278 1567 1522 1606 defenderim
1544 1576 1582 1605 et
1603 1567 1810 1606 laudarim„

419 1639 541 1691 Qod
562 1638 637 1676 tibi
658 1647 701 1675 ut
722 1637 876 1690 planius
898 1648 1108 1688 exponam,
1136 1634 1253 1672 altius
1275 1633 1392 1686 paulo
1413 1634 1607 1672 rationem
1627 1633 1812 1672 confilio-

419 1720 509 1744 rum
541 1718 721 1742 meorum
754 1712 927 1755 repetam
959 1700 1104 1739 necesse
1136 1699 1203 1737 est.
1251 1701 1338 1751 Ego
1369 1713 1446 1744 me,
1479 1700 1666 1744 Lentule,
1698 1700 1814 1739 initio

421 1784 552 1809 rerum
572 1779 689 1822 atque
709 1769 910 1805 affionum
932 1776 1103 1809 tuarum,
1126 1778 1206 1802 non
1227 1764 1355 1802 solum
1377 1765 1489 1809 meis,
1513 1764 1576 1802 sed
1596 1765 1712 1803 etiam
1736 1765 1812 1802 rei-

421 1836 606 1890 publicae,
636 1834 862 1872 restitutum
891 1833 1105 1885 putabam:
1139 1840 1177 1868 et
1209 1831 1397 1883 quoniam
1431 1830 1506 1868 tibi
1537 1831 1814 1869 incredibilem

421 1902 620 1956 quendam
649 1914 838 1945 amorem,
870 1909 908 1937 et
937 1898 1072 1937 omnia
1100 1897 1142 1934 in
1164 1905 1201 1935 te
1221 1896 1350 1949 ipsum
1372 1896 1524 1935 summa
1544 1910 1586 1935 ac
1609 1897 1817 1949 singularia

422 1969 561 2014 studia,
593 1968 804 2011 deberem3
837 1965 1079 2019 reipublicae,
1112 1977 1198 2016 quae
1230 1973 1266 2000 te
1294 1963 1336 2001 in
1364 1977 1427 2002 me
1448 1962 1685 2001 restituendo
1706 1963 1815 2001 mul—

422 2045 511 2073 tum
531 2032 747 2087 adjuviffet,
770 2046 861 2070 eum
882 2040 985 2069 certe
1007 2044 1071 2068 me
1090 2029 1270 2067 animum
1291 2029 1432 2067 merito
1453 2028 1572 2081 ipfius
1593 2028 1733 2067 debere
1753 2042 1815 2067 ar-

425 2100 611 2145 bitrabar,
643 2112 763 2152 quem
784 2108 896 2136 antea
925 2094 1204 2135 tantummodo
1238 2095 1445 2133 communi
1480 2094 1613 2135 officio
1648 2094 1815 2140 civium,

423 2181 502 2205 non
524 2167 657 2219 aliquo
678 2178 768 2217 erga
797 2178 859 2202 me
889 2163 1072 2216 fingulari
1103 2161 1310 2206 beneficio,
1343 2161 1523 2200 debitum
1544 2161 1814 2214 praestitiffem.

426 2234 514 2271 Hac
546 2246 610 2271 me
641 2239 773 2270 mente
805 2229 931 2275 fuiffe,
967 2238 1006 2266 et
1037 2228 1189 2267 senatus
1222 2241 1269 2266 ex
1301 2241 1386 2273 me,
1424 2237 1461 2265 te
1492 2226 1666 2272 consule,
1703 2226 1815 2266 audi-

426 2299 497 2343 vit,
519 2308 559 2336 et
579 2308 622 2336 tu
643 2299 685 2335 in
706 2297 843 2335 nostris
861 2295 1104 2334 sermonibus
1127 2292 1541 2345 collocutionibusque
1561 2292 1642 2345 ipse
1663 2292 1814 2331 vidisti:

426 2364 509 2409 ets1,
536 2365 619 2416 jam
645 2364 784 2416 primis
810 2362 1056 2415 temporibus
1076 2361 1173 2406 illis,
1204 2360 1343 2399 multis
1365 2360 1480 2398 rebus
1500 2373 1611 2398 meus
1640 2358 1816 2397 offende-

429 2433 543 2469 batur
562 2430 715 2468 animus
733 2449 745 2475 3
777 2443 884 2475 cum,
918 2438 955 2467 te
975 2437 1113 2481 agente
1134 2427 1180 2465 de
1202 2427 1352 2479 reliqua
1372 2426 1498 2465 nostra
1519 2425 1724 2477 dignitate,
1752 2434 1818 2462 aut

428 2496 585 2535 occulta
606 2496 890 2534 nonnullorum
911 2495 1013 2540 odia,
1031 2504 1097 2533 aut
1113 2494 1277 2532 obscura
1295 2494 1336 2532 in
1354 2507 1417 2532 me
1438 2492 1575 2537 studia,
1594 2491 1816 2530 cernebam,

430 2563 539 2602 Nam
572 2574 698 2615 neque
729 2560 777 2599 de
806 2561 1076 2600 monumentis
1101 2561 1199 2599 meis
1220 2559 1336 2599 abiis
1358 2558 1513 2611 adjutus
1535 2570 1590 2602 eS,
1621 2570 1642 2594 a
1672 2555 1821 2608 quibus
