2351 2997
571 287 646 324 124
914 275 1600 314 EPISTOLARUM

567 374 718 412 niffime
739 376 934 426 potuerim
954 375 1198 426 rescripfiffe:
1223 375 1284 411 sed
1307 389 1432 426 neque
1455 385 1539 413 tum
1557 390 1619 414 me
1641 376 1882 416 humanitate
1899 377 1951 415 li-

567 449 737 476 terarum
760 453 931 476 mearum
954 439 1173 489 obligatum
1197 448 1308 490 puto,
1338 453 1464 490 neque
1485 449 1591 477 tuam
1613 440 1952 494 hodie›epistola1n

567 505 613 542 de
634 506 727 542 H-S
749 515 908 541 centum
932 505 981 541 fic
1003 505 1201 555 accepisse,
1234 513 1277 541 ut
1308 504 1334 540 ii
1365 505 1580 556 accipiunt,
1612 507 1756 558 quibus
1784 508 1953 560 epistolae

566 585 635 622 per
662 570 744 607 haec
774 579 950 621 tempora
979 570 1147 608 molestae
1176 571 1279 608 sunt.
1325 570 1450 607 Simul
1485 571 1584 608 illud
1617 573 1788 623 cogitare
1820 574 1951 618 debes,

568 649 631 673 me
661 649 820 672 omnem
850 637 1073 687 pecuniam,
1106 649 1190 687 quae
1218 636 1262 673 ad
1296 649 1358 673 me
1391 636 1500 673 salvis
1529 637 1682 688 legibus
1711 639 1952 689 pervenisset,

568 699 711 752 Ephefi
735 701 835 752 apud
858 701 1090 752 publicanos
1112 700 1323 752 deposuisse
1343 717 1350 739 z
1385 701 1424 738 id
1450 701 1561 739 fuiffe
1582 703 1674 739 H-S
1708 716 1806 740 XXII
1828 718 1837 741 ε
1870 717 1955 740 eam

568 779 729 804 omnem
759 767 969 818 pecuniam
1001 767 1236 819 Pompeium
1267 767 1485 805 abstulifl'e:
1519 768 1625 820 quod
1653 782 1725 819 ego
1750 769 1823 806 five
1845 783 1957 820 aequo

568 833 716 876 animo,
758 832 832 869 five
866 832 1019 883 iniqUQ
1060 831 1157 877 fero,
1195 841 1236 869 tu
1273 833 1319 869 de
1354 834 1445 870 H-S
1482 842 1643 871 centum
1678 847 1789 885 aequo
1822 835 1955 872 animo

568 896 669 935 ferre
689 898 820 942 debeS,
852 906 889 934 et
910 897 1127 936 existimare
1148 912 1193 935 eo
1217 900 1348 935 minus
1377 899 1423 936 ad
1451 908 1487 936 te
1514 899 1574 936 vel
1603 899 1649 936 de
1677 900 1754 937 tuis
1781 900 1954 945 cibariis,

567 963 630 1000 vel
651 963 697 1000 de
718 977 803 1000 mea
823 963 1069 1008 liberalitate,
1102 964 1326 1015 pervenisse.
1370 964 1490 1015 Qod
1518 964 1542 1001 fi
1571 953 1671 1002 mihi
1698 965 1862 1016 expensa
1887 966 1956 1002 ista

569 1030 662 1067 H-S
685 1038 845 1066 centum
869 1029 1029 1073 tulifl‘es,
1062 1039 1205 1074 tamen,
1238 1043 1323 1080 quae
1354 1039 1419 1066 tua
1448 1029 1500 1066 est
1528 1030 1706 1074 suavitas,
1737 1030 1886 1082 quique
1912 1030 1954 1068 in

568 1108 632 1132 me
661 1107 784 1138 amor,
816 1094 939 1131 nolles
973 1107 993 1131 a
1023 1109 1086 1131 me
1116 1094 1192 1132 hoc
1223 1104 1398 1146 tempore
1425 1094 1720 1132 aestimationem
1749 1096 1951 1148 accipere:

569 1174 661 1198 nam
691 1169 941 1197 numeratum
971 1160 997 1197 fi
1027 1174 1227 1212 cuperem,
1260 1174 1336 1198 non
1359 1170 1452 1198 erat.
1500 1161 1572 1198 Sed
1593 1160 1675 1199 haec
1691 1162 1870 1213 jocatum
1891 1176 1955 1200 me

569 1234 722 1278 putato,
754 1234 798 1262 ut
824 1239 897 1277 ego
925 1234 962 1262 te
989 1225 1184 1264 existimo.
1229 1228 1316 1277 Ego
1339 1236 1466 1263 tamen
1489 1240 1581 1264 cum
1603 1227 1764 1264 Tullius
1786 1241 1872 1264 rure
1893 1241 1955 1265 re-

570 1291 700 1336 dierit,
732 1291 888 1329 mittam
922 1305 1013 1328 eum
1043 1291 1089 1328 ad
1120 1301 1171 1336 te,
1204 1292 1229 1329 fi
1261 1292 1357 1343 quid
1387 1292 1433 1329 ad
1464 1306 1546 1330 rem
1566 1292 1722 1344 putabis
1743 1293 1956 1344 pertinere..

571 1356 687 1395 Hanc
708 1357 908 1409 epistolam
931 1370 1001 1395 cur
1022 1370 1099 1394 non
1123 1357 1245 1395 scindi
1267 1357 1401 1402 velim,
1432 1358 1542 1396 causa
1563 1357 1670 1396 nulla
1690 1357 1757 1396 est.
1790 1357 1906 1398 Vale.,

845 1552 908 1590 M.
941 1553 995 1591 T.
1029 1554 1076 1590 C.
1111 1554 1159 1592 L.
1198 1554 1511 1592 NIssscero
1553 1555 1590 1593 S.
1623 1555 1678 1593 D.

571 1679 685 1718 XXI.
708 1677 783 1751 G
799 1681 835 1717 R
851 1681 993 1719 ATAE
1025 1683 1126 1721 mihi
1155 1692 1229 1719 tuae
1250 1682 1370 1720 li-terae
1392 1681 1566 1726 fuerunt,
1598 1697 1643 1721 ex
1666 1681 1811 1736 quibus
1832 1682 1951 1720 inte}-

815 1746 907 1790 lexi,
941 1748 1047 1799 quod
1073 1750 1192 1786 etiam
1223 1748 1299 1785 fine
1328 1748 1452 1785 literis
1481 1748 1707 1794 arbitrabar,
1741 1758 1777 1786 te
1804 1748 1959 1786 summa-

571 1811 785 1863 cupiditate
805 1811 988 1849 affeecum
1010 1812 1080 1850 ess'e
1100 1812 1258 1850 videndi
1280 1813 1357 1849 mei
1377 1827 1385 1849 ε
1409 1812 1515 1863 quod
1535 1826 1607 1863 ego
1628 1813 1681 1850 ita
1701 1813 1869 1850 libenter
1888 1826 1954 1850 ac-

570 1878 692 1929 cipio,
716 1887 759 1914 ut
780 1887 909 1915 tamen
932 1878 1005 1915 tibi
1028 1892 1105 1915 non
1127 1879 1354 1915 concedam.
1388 1879 1494 1916 Nam
1516 1887 1648 1916 tecum
1668 1878 1753 1923 effe,
1780 1878 1834 1915 ita
1854 1877 1955 1916 mihi

571 1944 718 1987 onmia,
750 1957 835 1994 quae
857 1952 965 1994 opto,
998 1944 1244 1995 contingant,
1276 1953 1318 1981 ut
1338 1942 1589 1981 vehementer
1608 1944 1742 1982 velim.
1777 1944 1957 1988 Etenim,

572 2022 664 2046 cum
685 2008 775 2046 effet
796 2008 920 2058 major
940 2017 978 2044 et
999 2009 1185 2053 virorum,
1217 2018 1255 2046 et
1276 2009 1423 2046 civium
1452 2009 1662 2055 bonorum,
1693 2019 1731 2048 et
1751 2008 1954 2061 jucundo-

572 2087 661 2111 rum
681 2073 909 2117 hominum,
927 2081 964 2110 et
985 2074 1202 2111 amantium
1224 2075 1316 2118 mei,
1335 2074 1460 2126 copia,
1480 2083 1608 2112 tamen
1630 2083 1708 2112 erat
1730 2087 1847 2112 nemo
1863 2074 1955 2126 qui-

572 2153 666 2176 cum
685 2139 799 2176 effem
820 2138 1024 2183 libentius,
1046 2152 1164 2190 quam
1187 2148 1332 2184 tecum,
1364 2149 1402 2176 et
1422 2140 1551 2192 pauci,
1583 2140 1819 2191 quibuscum
1841 2140 1956 2178 effem

572 2219 680 2258 :eque
700 2205 868 2242 libenter
887 2219 895 2242 z
920 2203 995 2242 hoc
1016 2218 1105 2243 vero
1127 2215 1316 2257 tempore,
1340 2219 1431 2244 cum
1452 2206 1519 2243 alii
1540 2207 1774 2251 interierint,
1796 2206 1862 2244 alii
1883 2206 1955 2244 ab-

573 2271 661 2314 fint,
693 2270 759 2307 alii
788 2269 931 2307 mutati.
958 2270 1157 2308 voluntate
1187 2271 1275 2316 fint,
1307 2285 1446 2316 unum,
1477 2271 1630 2309 medius
1660 2271 1791 2317 fidius,
1825 2281 1957 2310 tecum

573 2336 679 2374 diem
699 2335 887 2372 libentius
908 2335 1118 2387 posuerim,
1150 2350 1267 2388 quam
1293 2336 1368 2374 hoc
1390 2350 1507 2374 omne
1529 2346 1682 2389 tempus
1704 2351 1796 2375 cum
1817 2337 1955 2390 pleris-

573 2416 650 2455 que
670 2415 820 2446 eorum,
844 2401 1081 2453 quibuscum
1103 2403 1191 2440 vivo
1212 2403 1431 2441 necessario.
1476 2403 1575 2442 Noli
1596 2404 1703 2441 enim
1723 2403 1958 2449 existimare,

573 2468 674 2506 mihi
695 2467 948 2505 solitudinem
970 2481 1048 2506 non
1064 2468 1344 2520 jucundiorem
1360 2469 1446 2514 effe,
1464 2483 1540 2522 qua
1556 2478 1684 2508 tamen
1703 2470 1782 2522 ipsa
1802 2470 1860 2509 uti
1876 2483 1959 2508 non.
