2351 2997
565 240 615 278 24
908 229 1594 269 EPISTOLARUM

563 336 722 381 portum
745 337 872 367 tenere
894 342 972 367 non
993 343 1107 382 queas
1125 348 1136 374 3
1168 343 1261 367 cum
1291 343 1380 367 vero
1405 330 1444 367 id
1464 331 1578 383 poffis
1599 339 1748 370 mutata
1767 331 1938 371 velificae

563 394 670 432 tione
682 394 839 447 assequi,
855 394 1018 432 stultum
1034 395 1087 432 est
1101 409 1193 432 eum
1209 403 1337 432 tenere
1353 408 1446 433 cum
1461 397 1638 447 periculo
1651 397 1807 436 cursum
1821 412 1941 451 quem

560 459 723 512 ceperis,
755 460 886 511 potius
908 472 1041 511 qua-m,
1062 472 1108 496 eo
1129 459 1387 504 commutato,
1410 473 1489 511 quo
1508 461 1604 498 velis
1626 461 1783 500 tandem
1801 476 1939 514 pervee

561 525 643 562 nire
662 539 670 562 :
703 525 768 568 sic,
791 537 884 564 cum
904 524 1090 562 omnibus
1110 524 1224 562 nobis
1247 525 1287 562 in
1307 524 1607 563 administranda
1626 527 1828 578 republica
1846 542 1939 580 pro·

559 590 729 641 pofitum
758 589 830 627 effe
859 590 995 628 debeat
1025 590 1080 635 id,
1112 590 1218 643 quod
1238 604 1258 627 a
1279 604 1341 628 me
1363 590 1559 643 saepiffime
1579 591 1729 630 dictum
1750 593 1818 637 est,
1849 595 1940 632 Cum

557 655 733 707 dignitate
752 655 860 694 otium
875 672 889 695 .·
912 670 990 694 non
1011 656 1117 694 idem
1137 656 1286 708 semper
1302 656 1443 702 dicere,
1462 656 1524 694 sed
1544 657 1649 695 idem
1667 659 1815 711 semper
1830 659 1939 711 spec-

556 732 651 768 -tare,
675 724 876 762 debemus.
907 724 1195 775 Qamobrem,
1213 732 1257 761 ut
1276 724 1393 776 paulo
1413 734 1501 762 ante
1522 725 1647 777 posui,
1666 726 1692 763 fi
1712 725 1831 764 efl'ent
1850 740 1940 765 om-

557 789 621 826 nia
641 788 742 826 mihi
764 788 1004 835 solutiffima,
1037 798 1167 827 tamen
1198 790 1240 826 in
1273 789 1474 842 republica
1504 804 1583 828 non
1611 791 1709 828 alius
1737 791 1851 829 effem
1879 801 1938 831 at-

556 869 633 907 que
654 868 758 893 nunc
780 855 879 893 sum.
913 856 1018 893 Cum
1038 868 1128 894 vero
1149 855 1189 892 in
1210 854 1318 893 hunc
1339 855 1491 893 sensum
1511 865 1549 893 et
1570 857 1718 894 alliciar
1739 857 1938 896 beneficiis

555 920 782 965 hominum,
813 931 852 959 et
882 922 1097 974 compellar
1128 921 1310 973 injuriis,
1343 920 1459 959 facile
1490 922 1617 973 patior
1642 936 1685 960 ea
1712 936 1775 960 me
1802 924 1849 961 de
1876 937 1937 962 re-

557 986 717 1038 publica
737 986 876 1024 sentire
895 1000 938 1024 ac
959 987 1100 1032 dicere,
1128 1000 1216 1039 quae
1237 988 1408 1024 maxime
1438 1000 1530 1025 cum
1560 987 1676 1032 mihi,
1708 997 1795 1026 tum
1821 989 1940 1026 etiam

557 1053 782 1105 reipublicae
803 1053 1034 1097 rationibus,
1066 1061 1203 1104 putem
1224 1051 1455 1090 conducere.
1497 1053 1683 1104 Apertius
1704 1062 1835 1091 autem
1855 1052 1938 1092 haec

555 1131 627 1169 ago
648 1131 689 1154 ac
712 1117 862 1170 saepius,
894 1117 1001 1169 quod
1021 1126 1059 1154 et
1080 1116 1275 1168 erater
1295 1130 1419 1162 meus,
1451 1117 1600 1169 legatus
1622 1117 1674 1155 est
1696 1119 1869 1164 Caesaris,
1899 1127 1938 1158 et

555 1183 713 1220 nullum
734 1196 867 1220 meum
889 1183 1103 1220 minimum
1125 1181 1290 1226 dictum,
1322 1195 1401 1219 non
1423 1182 1541 1220 modo
1561 1182 1724 1228 factum,
1755 1197 1826 1235 pro
1848 1185 1937 1223 Cae-

553 1248 630 1286 sare
651 1248 874 1293 interceffit‚
905 1248 1012 1300 quod
1041 1248 1109 1286 ille
1140 1261 1217 1285 non
1248 1248 1301 1284 ita
1330 1247 1470 1284 illustri
1499 1249 1621 1299 gratia
1650 1251 1860 1301 exceperit,
1894 1259 1938 1288 ut

553 1328 625 1366 ego
647 1328 737 1351 eum
758 1313 859 1351 mihi
880 1313 1105 1351 devinctum
1126 1322 1318 1364 putarem.
1352 1314 1487 1364 Itaque
1507 1314 1589 1365 ejus
1611 1315 1720 1351 omni
1741 1323 1779 1352 et
1799 1317 1935 1367 gratia,

553 1394 638 1431 quse
664 1380 815 1417 summa
841 1379 907 1424 est,
940 1388 977 1416 et
1008 1379 1165 1432 opibus,
1197 1392 1291 1430 quas
1325 1379 1514 1430 intelligis
1547 1379 1618 1417 effe
1649 1381 1854 1427 maximas,
1887 1381 1938 1419 fic

552 1445 675 1490 fruor,
707 1454 751 1482 ut
772 1445 884 1482 meis.
918 1445 1006 1482 Nec
1026 1443 1127 1482 mihi
1149 1444 1259 1481 aliter
1278 1443 1443 1496 potuiffe
1464 1444 1596 1481 videor
1615 1444 1825 1483 hominum
1846 1460 1936 1498 per-

552 1511 727 1548 ditorum
757 1511 804 1548 de
832 1524 895 1548 me
920 1511 1078 1548 confilia
1097 1510 1288 1562 frangere,
1320 1510 1389 1547 nifi
1420 1523 1513 1547 cum
1543 1510 1726 1562 praefidiis
1756 1512 1818 1557 iis,
1850 1525 1936 1564 quae

552 1576 702 1629 semper
717 1575 851 1620 habui,
872 1590 976 1614 nunc
997 1576 1115 1613 etiam
1130 1576 1354 1628 potentium
1378 1575 1690 1613 benevolentiam
1706 1577 1935 1629 conjunxis-

552 1643 646 1681 sem.
693 1643 770 1680 His
800 1655 872 1694 ego
901 1642 1087 1686 consiliis,
1120 1642 1145 1679 fi
1167 1650 1204 1679 te
1225 1641 1451 1694 praesentem
1473 1640 1704 1687 habuiffem,
1736 1651 1780 1679 ut
1800 1643 1936 1695 opinio

551 1722 637 1746 mea
655 1707 745 1753 fert,
774 1707 888 1745 essem
909 1707 998 1745 usus
1020 1707 1177 1745 eisdem.
1211 1707 1320 1746 Novi
1340 1707 1447 1744 enim
1467 1708 1765 1759 temperantiam
1786 1717 1824 1745 et
1844 1723 1934 1747 mo-

551 1774 790 1812 derationem
812 1782 956 1812 naturae
977 1783 1074 1812 tuae:
1099 1774 1190 1811 novi
1210 1773 1388 1811 animum
1410 1782 1496 1810 tum
1517 1772 1618 1810 mihi
1639 1773 1931 1819 amicissimum,

551 1850 638 1877 tum
671 1839 779 1877 nulla
809 1841 849 1876 in
882 1848 1037 1876 caeteros
1065 1838 1338 1876 malevolentia
1358 1837 1573 1883 suffusum3
1607 1848 1820 1890 contraque
1841 1853 1934 1877 cum

550 1918 739 1957 magnum
761 1913 798 1941 et
819 1904 1030 1949 excelsum,
1062 1913 1150 1942 tum
1169 1905 1287 1942 etiam
1308 1912 1484 1956 apertum
1506 1912 1544 1941 et
1565 1904 1796 1955 fimplicem.
1838 1905 1933 1942 Vidi

549 1985 623 2023 ego
647 1969 834 2023 quosdam
868 1971 907 2007 in
941 1979 978 2007 te
1012 1969 1120 2014 tales,
1151 1970 1283 2021 quales
1317 1978 1359 2006 tu
1390 1969 1543 2006 cosdem
1565 1970 1605 2006 in
1626 1983 1690 2006 me
1710 1969 1839 2007 videre
1859 1983 1933 2022 po-

550 2037 670 2075 tuisti.
714 2038 813 2088 Qae
834 2050 897 2074 me
917 2045 1137 2081 moverunt,
1170 2035 1374 2073 movissent
1395 2035 1529 2073 cadem
1551 2044 1587 2073 te
1607 2035 1796 2087 profecto.
1845 2035 1932 2081 Sed,

550 2117 789 2155 quocunque
810 2111 984 2155 tempore
1004 2101 1105 2140 mihi
1126 2102 1289 2155 potestas
1312 2101 1505 2154 praesentis
1537 2103 1595 2139 tui
1624 2101 1757 2145 fuerit,
1791 2111 1832 2139 tu
1858 2103 1933 2139 eris

549 2169 730 2206 omnium
752 2167 971 2205 moderator
991 2167 1243 2204 confiliorum
1263 2179 1441 2204 meorum
1460 2181 1470 2204 z
1504 2167 1578 2203 tibi
1599 2167 1672 2204 erit
1692 2166 1834 2211 eidem,
1867 2167 1933 2204 cui

549 2233 648 2271 salus
669 2245 754 2270 mea
773 2231 866 2277 fuit,
897 2232 1015 2270 etiam
1037 2232 1206 2284 dignitas
1229 2245 1344 2269 curae.
1376 2231 1448 2268 Me
1469 2231 1629 2282 quidem
1652 2241 1754 2268 certe
1776 2240 1931 2269 tuarum

548 2299 746 2337 actionum
761 2327 771 2343 ,
809 2297 1086 2336 sententiarum
1104 2327 1115 2343 ,
1152 2298 1401 2335 voluntatum
1418 2325 1429 2341 ,
1466 2310 1596 2334 rerum
1634 2297 1803 2348 denique
1843 2311 1931 2335 om-

549 2365 674 2409 nium,
708 2364 856 2402 socium
878 2365 1145 2416 comitemque
1166 2362 1328 2401 habebis
1348 2378 1356 2400 :
1390 2376 1515 2414 neque
1535 2361 1637 2400 mihi
1658 2363 1698 2400 in
1721 2363 1832 2400 omni
1852 2364 1933 2401 vita

549 2443 606 2468 res
628 2439 708 2467 tam
734 2430 808 2467 erit
828 2429 908 2467 ulla
934 2429 1141 2482 proposita,
1173 2442 1292 2481 quam
1319 2438 1362 2465 ut
1390 2428 1566 2479 quotidie
1593 2426 1862 2465 vehementius
1894 2437 1931 2465 te

549 2496 595 2534 de
616 2509 679 2535 me
700 2495 850 2548 optime
872 2495 1060 2534 meritum
1085 2493 1157 2532 effe
1184 2495 1325 2532 laetere.
1370 2494 1491 2545 Qod
1522 2506 1631 2546 rogas
1665 2502 1710 2532 ut
1740 2506 1826 2531 mea
1856 2493 1931 2531 tibi
