2351 2997
530 206 579 244 92
874 190 1554 229 EPISTOLARUM

534 301 572 329 te
602 289 720 335 socio,
751 289 904 328 defensa
925 289 1167 341 respublica3
1201 287 1403 339 versorque
1423 287 1463 325 in
1484 301 1620 326 eorum
1642 286 1851 340 naufragiis
1873 297 1910 327 et

535 358 730 394 bonorum
746 355 1051 406 direptionibus:
1076 367 1146 390 nec
1163 353 1276 390 audio
1293 353 1432 397 solum,
1451 353 1557 404 quod
1579 353 1703 405 ipsum
1721 353 1810 391 effet
1831 353 1908 391 mi-

534 421 676 466 serum,
710 421 770 457 sed
802 421 919 457 etiam
940 419 1066 461 video,
1098 431 1177 468 quo
1199 416 1299 454 nihil
1330 417 1381 461 est
1405 418 1594 462 acerbius,
1626 432 1761 456 eorum
1782 418 1910 456 fortu-

536 500 601 524 nas
624 486 805 537 dissipari,
837 485 979 534 quibus
1002 496 1070 519 nos
1093 482 1187 518 olim
1210 482 1452 533 adjutoribus
1474 482 1573 519 illud
1595 483 1822 521 incendium
1843 497 1910 521 ex-

537 551 729 588 tinximus
749 564 757 586 :
790 558 827 585 et
848 549 888 585 in
910 561 985 599 qua
1006 547 1100 584 urbe
1122 546 1239 583 modo
1260 547 1394 597 gratia,
1418 547 1657 591 auetoritate,
1680 547 1815 597 gloria,
1840 547 1912 584 fio-

537 615 702 657 ruimus,
735 613 775 649 in
795 626 836 649 ea
857 625 962 649 nunc
985 612 1030 649 iis
1052 610 1212 663 quidem
1233 611 1417 648 omnibus
1439 623 1627 648 caremus.
1674 611 1912 648 obtinemus

538 679 653 731 ipsius
676 678 832 716 Caesaris
855 677 1046 715 summam
1067 690 1155 727 erga
1176 689 1244 712 nos
1266 674 1568 715 humanitatem:
1593 675 1655 713 sed
1675 689 1716 713 ea
1732 675 1819 727 plus
1837 688 1916 717 non

537 743 676 796 potest,
707 756 824 795 quam
855 743 911 779 vis
943 752 979 779 et
1002 741 1167 778 mutatio
1188 742 1368 778 omnium
1389 754 1516 778 rerum
1539 750 1654 792 atque
1674 750 1911 792 temporum.

540 811 677 861 Itaque
705 808 822 845 orbus
853 808 900 845 iis
921 808 1034 845 rebus
1065 806 1264 851 omnibus,
1297 807 1440 857 quibus
1467 815 1504 844 et
1527 815 1660 844 natura
1680 819 1756 850 me,
1788 816 1825 843 et
1846 819 1914 843 vo·-

539 875 683 918 luntas,
706 883 743 910 et
764 872 1017 917 consuetudo,
1039 871 1296 915 assuefecerat,
1319 885 1410 909 cum
1432 872 1593 916 caeteris,
1613 881 1655 909 ut
1675 871 1834 924 quidem
1855 872 1914 908 vi-

540 940 646 983 deor,
679 948 764 976 tum
786 937 886 975 mihi
916 937 994 989 ipse
1015 936 1214 988 displiceo.
1258 937 1386 976 Natus
1408 937 1512 974 enim
1534 937 1579 973 ad
1600 936 1794 988 agendum
1814 936 1916 974 sem-

541 1018 609 1056 per
629 1003 777 1054 aliquid
799 1003 963 1053 dignum
984 1003 1081 1045 viro,
1101 1015 1205 1038 nunc
1227 1014 1304 1038 non
1321 1002 1439 1038 modo
1456 1001 1593 1052 agendi
1615 1001 1805 1039 rationem
1826 1000 1917 1037 nul-

542 1069 620 1105 lam
642 1067 780 1110 habeo,
804 1067 864 1103 sed
886 1080 932 1103 ne
954 1065 1152 1116 cogitandi
1173 1064 1333 1116 quidem
1352 1079 1360 1102 z
1385 1074 1422 1101 et
1443 1065 1511 1115 qui
1532 1074 1641 1102 antea
1661 1073 1726 1102 aut
1746 1064 1918 1102 obscuris

540 1132 787 1175 hominibus,
805 1140 870 1168 aut
890 1132 1008 1168 etiam
1028 1130 1219 1174 sontibus,
1237 1129 1420 1181 opitulari
1441 1139 1630 1181 poteram,
1649 1144 1754 1168 nunc
1775 1131 1819 1168 P.
1839 1130 1919 1168 Ni-

542 1198 666 1250 gidio,
689 1197 757 1233 uni
779 1196 959 1233 omnium
981 1194 1197 1232 doCtiffimo
1217 1204 1255 1232 et
1277 1194 1520 1239 sanffiffimQ
1543 1204 1580 1232 et
1601 1196 1771 1232 maxima
1790 1208 1918 1246 quon-

542 1262 633 1299 dam
653 1261 788 1312 gratia,
819 1269 856 1298 et
878 1258 978 1297 mihi
998 1268 1100 1297 certe
1120 1259 1363 1303 amiciffimo,
1392 1272 1439 1296 ne
1460 1259 1628 1310 benigne
1648 1259 1809 1311 quidem
1829 1259 1918 1311 pol-

544 1327 653 1364 liceri
670 1325 835 1378 poffum.
856 1326 962 1376 Ergo
978 1323 1053 1361 hoc
1069 1333 1247 1375 ereptum
1263 1323 1315 1361 est
1330 1324 1530 1361 literarum
1546 1337 1682 1376 genus.
1703 1324 1919 1375 Reliquum

544 1392 611 1435 est,
644 1400 688 1429 ut
708 1390 896 1433 consoler,
929 1398 966 1426 et
986 1388 1141 1426 afferam
1163 1389 1343 1433 rationes,
1375 1388 1520 1440 quibus
1542 1398 1578 1426 te
1605 1402 1625 1425 a
1645 1378 1829 1426 molestiis
1851 1403 1919 1426 co-

546 1471 614 1494 ner
633 1456 836 1494 abducere.
878 1456 932 1492 At
953 1467 995 1491 ea
1015 1454 1175 1506 quidem
1196 1453 1359 1491 facultas
1381 1454 1441 1492 vel
1462 1455 1535 1499 tui,
1567 1454 1626 1492 vel
1647 1455 1803 1492 alterius
1825 1468 1922 1492 con-

547 1521 709 1565 solandi,
742 1521 781 1557 in
804 1529 840 1557 te
862 1519 1011 1556 summa
1031 1518 1097 1563 est,
1130 1519 1155 1556 fi
1178 1532 1350 1570 unquam
1371 1520 1411 1556 in
1434 1519 1517 1557 ullo
1544 1518 1635 1557 fuit.
1678 1521 1814 1572 Itaque
1840 1533 1925 1557 eam

547 1596 711 1638 partem,
744 1599 828 1636 quae
858 1584 904 1621 ab
935 1584 1122 1636 exquisita
1142 1584 1308 1635 quadam
1329 1585 1476 1621 ratione
1496 1593 1533 1621 et
1555 1584 1727 1622 doetrina
1746 1584 1924 1636 proficis-

547 1653 666 1696 citur,
685 1664 762 1688 non
779 1650 983 1701 attingam,
1001 1650 1075 1686 tibi
1097 1659 1224 1686 totum
1241 1650 1475 1701 relinquam.
1500 1650 1609 1700 Qid
1629 1651 1673 1688 fit
1694 1649 1788 1687 forti
1808 1660 1845 1687 et
1866 1650 1924 1687 sa-

549 1717 674 1769 pienti
694 1715 855 1753 homine
872 1715 1052 1766 dignum,
1071 1715 1165 1766 quid
1182 1716 1362 1766 gravitas,
1381 1715 1476 1766 quid
1493 1715 1660 1753 altitudo
1675 1716 1810 1760 animi,
1829 1715 1926 1767 quid

549 1784 630 1820 acra
650 1791 715 1819 tua
735 1781 827 1825 vita,
845 1781 941 1832 quid
962 1780 1098 1825 studia,
1115 1781 1210 1831 quid
1231 1789 1343 1824 artes,
1362 1780 1505 1831 quibus
1522 1793 1542 1817 a
1561 1781 1726 1832 pueritia
1747 1780 1923 1825 floruisti,

550 1861 570 1883 a
591 1857 627 1883 te
648 1846 838 1897 flagitent,
871 1855 912 1882 tu
934 1845 1098 1882 videbis.
1146 1846 1231 1896 Ego
1253 1844 1358 1896 quod
1379 1845 1598 1896 intelligere
1618 1854 1655 1882 et
1677 1845 1815 1882 sentire
1835 1845 1926 1896 pos-

552 1912 651 1955 sum,
684 1911 774 1962 quia
804 1909 888 1947 sum
918 1910 1070 1953 Romae,
1101 1918 1138 1947 et
1160 1910 1250 1962 quia
1270 1923 1363 1947 curo
1385 1909 1633 1961 attendoque‚
1664 1910 1704 1946 id
1726 1909 1799 1947 tibi
1820 1910 1924 1946 affir-

552 1990 633 2020 mo,
665 1985 702 2012 te
730 1975 769 2012 in
791 1974 869 2012 istis
891 1975 1092 2019 molestiis,
1124 1975 1164 2012 in
1186 1975 1329 2026 quibus
1352 1988 1389 2012 es
1410 1974 1486 2013 hoc
1508 1984 1695 2027 tempore,
1728 1988 1807 2012 non
1837 1975 1927 2015 diu-

554 2042 631 2078 tius
648 2039 847 2078 futurum:
871 2040 912 2077 in
934 2041 980 2077 iis
1002 2049 1146 2085 autem,
1165 2041 1204 2078 in
1226 2041 1370 2092 quibus
1387 2041 1503 2078 etiam
1520 2054 1590 2078 nos
1612 2040 1758 2085 sumus,
1776 2039 1929 2078 fortaffe

553 2106 702 2157 semper
731 2104 828 2142 fore.
873 2105 1019 2142 Videor
1040 2104 1139 2142 mihi
1169 2106 1382 2157 perspicere
1404 2106 1576 2157 primum
1598 2105 1714 2157 ipfius
1735 2105 1928 2150 animum,

554 2172 623 2223 qui
646 2171 862 2222 plurimum
884 2170 1020 2222 potest,
1039 2171 1273 2222 propensum
1295 2172 1340 2208 ad
1361 2171 1522 2209 salutem
1543 2181 1664 2209 tuam.
1688 2171 1781 2209 Non
1803 2171 1930 2208 scribo

552 2237 630 2274 hoc
661 2245 817 2272 temere.
865 2236 956 2285 Qo
986 2236 1116 2273 minus
1147 2235 1349 2274 familiaris
1371 2236 1470 2281 sum,
1502 2235 1577 2274 hoc
1599 2235 1683 2274 sum
1703 2236 1749 2273 ad
1769 2235 1928 2273 investi-

555 2301 725 2353 gandum
747 2299 943 2337 curiofior.
978 2302 1070 2352 Qo
1091 2300 1259 2346 facilius,
1289 2301 1432 2353 quibus
1453 2301 1505 2339 est
1525 2301 1671 2346 iratior,
1702 2300 1931 2353 respondere

555 2366 700 2404 tristius
721 2365 848 2416 poffit,
870 2364 945 2403 hoc
966 2366 1019 2403 est
1039 2365 1165 2404 adhuc
1188 2367 1331 2404 tardior
1351 2367 1396 2404 ad
1417 2376 1454 2404 te
1475 2366 1648 2407 molestia
1667 2366 1929 2406 liberandum.

556 2430 782 2469 Familiares
803 2443 892 2469 vero
913 2432 1009 2483 ejus,
1041 2441 1078 2469 et
1100 2432 1126 2469 ii
1149 2432 1323 2484 quidem,
1355 2433 1423 2485 qui
1455 2432 1515 2470 illi
1534 2431 1805 2484 jucundiffimi
1825 2431 1929 2476 sunt,
