2351 2997
546 283 621 324 174
886 270 1566 311 EPISTOLARUM

838 504 1080 541 ClcssRo
1112 504 1442 541 TREBATIO
1484 504 1521 542 S.
1554 505 1608 544 D.

538 631 673 670 XXII.
699 629 783 702 IL
798 630 831 668 L
844 630 882 667 U
898 630 919 666 S
935 631 967 668 E
984 631 1019 668 R
1035 631 1071 667 A
1086 631 1107 667 S
1137 629 1222 667 heri
1252 629 1353 667 inter
1381 629 1561 682 scyphos,
1591 631 1698 684 quod
1718 632 1905 679 dixeram,

770 695 1066 733 controversiam
1087 694 1171 738 effe,
1202 694 1371 746 poffetne
1391 693 1515 740 heres,
1538 696 1644 747 quod
1664 696 1816 735 furtum
1836 711 1907 736 an-

537 769 597 799 tea
616 759 762 798 factum
783 760 885 804 effer,
916 759 1013 798 furti
1043 762 1142 798 recle
1170 773 1294 811 agere.
1340 760 1491 811 Itaque,
1521 762 1587 799 ets1
1617 762 1781 801 domum
1810 763 1910 802 bene

537 834 653 878 potus
674 825 832 877 seroque
851 825 1051 870 redieram,
1082 834 1211 862 tamen
1232 824 1273 861 id
1293 833 1423 876 caput,
1455 826 1523 864 ubi
1552 826 1634 865 haec
1654 829 1910 866 controversia

536 890 604 935 est,
635 892 779 935 notavi,
801 900 839 928 et
859 890 1097 942 descriptum
1118 890 1191 927 tibi
1211 890 1296 927 mifi
1311 908 1324 934 3
1357 898 1399 927 ut
1421 890 1548 937 scires,
1571 893 1624 938 id,
1646 894 1752 944 quod
1773 903 1815 932 tu
1836 907 1906 932 ne-

538 956 687 994 minem
708 956 851 994 sensifi'e
870 956 1040 1000 dicebas,
1072 956 1158 992 Sex.
1175 955 1342 999 AElium,
1365 955 1440 993 Μ’.
1460 957 1690 1003 Manilium,
1719 959 1783 997 M.
1806 960 1906 998 Bru—

538 1031 624 1060 tum
644 1021 801 1060 senfiffe.
835 1023 922 1073 Ego
942 1032 1072 1060 tamen
1093 1021 1269 1059 Scaevolae
1289 1029 1327 1057 et
1348 1020 1471 1058 Testae
1491 1022 1681 1062 affentior.
1714 1024 1824 1063 Vale.

796 1220 1025 1258 ClcERo
1057 1220 1243 1258 FA1310
1275 1220 1477 1258 GALLO
1519 1222 1556 1259 S.
1589 1222 1643 1259 D.

537 1344 694 1383 XXIII.
713 1342 842 1415 TA
856 1345 896 1382 N
909 1345 946 1382 T
960 1345 998 1382 U
1011 1345 1060 1382 M
1088 1344 1195 1397 quod
1213 1358 1261 1383 ex
1281 1346 1463 1397 Arpinati
1483 1359 1676 1389 veneram,
1694 1359 1786 1384 cum
1807 1346 1908 1385 mihi

827 1422 849 1446 a
881 1418 918 1446 te
951 1408 1072 1446 literae
1106 1409 1263 1447 redditae
1297 1410 1385 1447 sunt
1403 1425 1412 1448 :
1449 1410 1495 1447 ab
1530 1410 1743 1462 eodemque
1776 1413 1909 1463 accepi

537 1475 678 1512 Aviani
699 1475 852 1518 literas;
884 1474 926 1510 in
945 1474 1090 1526 quibus
1110 1473 1187 1512 hoc
1207 1475 1330 1513 inerat
1350 1476 1672 1521 liberalissimum,
1694 1477 1853 1514 nomina
1872 1477 1909 1514 se

537 1539 745 1584 fasturum,
774 1553 866 1576 cum
885 1538 1057 1584 veniffet,
1088 1553 1164 1592 qua
1184 1553 1255 1591 ego
1275 1540 1416 1578 vellem
1435 1541 1512 1578 die.
1544 1542 1636 1586 Fac,
1667 1542 1808 1594 quaeso,
1839 1543 1908 1594 qui

536 1617 608 1656 ego
628 1604 728 1649 sum,
745 1604 816 1642 effe
837 1612 887 1641 te.
920 1603 1038 1641 Estne
1056 1613 1122 1641 aut
1143 1605 1201 1642 tui
1221 1604 1395 1656 pudoris,
1412 1614 1477 1642 aut
1498 1605 1630 1650 nostri,
1648 1607 1822 1658 primum
1842 1620 1907 1644 ro-

536 1682 624 1721 gare
645 1669 691 1707 de
712 1669 792 1713 die,
815 1668 954 1706 deinde
974 1668 1062 1720 plus
1082 1682 1208 1706 annua
1221 1669 1434 1721 postulare?
1458 1670 1530 1707 Sed
1550 1670 1682 1714 essent,
1700 1671 1756 1708 mi
1777 1671 1907 1716 Galle,

536 1734 668 1772 omnia
687 1733 831 1777 facilia,
862 1734 888 1770 fi
908 1742 946 1771 et
965 1747 1008 1771 ea
1027 1742 1219 1771 mercatus
1240 1734 1344 1779 effes,
1375 1748 1459 1786 quae
1479 1748 1551 1788 ego
1571 1734 1844 1780 defiderabam,
1869 1745 1908 1773 et

535 1799 582 1836 ad
602 1812 685 1837 eam
706 1798 912 1843 summam,
944 1811 1063 1850 quam
1082 1798 1295 1837 volueram.
1327 1801 1388 1837 Ac
1409 1809 1537 1837 tamen
1558 1800 1625 1837 ista
1645 1800 1738 1851 ipsa,
1763 1815 1849 1852 quae
1871 1810 1909 1838 te

535 1864 665 1902 emiffe
692 1864 841 1908 scribis,
873 1876 952 1901 non
983 1863 1110 1901 solum
1140 1873 1220 1901 rata
1245 1863 1346 1901 mihi
1375 1874 1502 1909 erunt,
1535 1864 1597 1902 sed
1628 1865 1745 1902 etiam
1771 1875 1904 1917 grata:

535 1929 649 1981 plane
669 1929 775 1965 enirn
802 1927 995 1978 intelligo,
1028 1936 1066 1964 te
1098 1940 1176 1965 non
1208 1927 1326 1965 modo
1354 1928 1494 1973 studio,
1525 1928 1588 1965 sed
1617 1929 1733 1966 etiam
1763 1942 1906 1973 amore,

536 1993 664 2037 usum,
682 2006 766 2043 quae
787 2001 824 2029 te
840 1992 1079 2036 delectarint,
1097 1990 1301 2030 hominem
1319 1994 1381 2044 (ut
1401 2007 1473 2045 ego
1494 1993 1641 2045 semper
1655 1993 1846 2044 judicavi)
1866 1994 1908 2032 in

537 2057 813 2109 omnijudicio
833 2056 1171 2108 elegantiffimum‚
1203 2071 1366 2110 quaeque
1395 2072 1458 2096 me
1487 2058 1603 2110 digna
1622 2059 1783 2110 putaris,
1815 2063 1907 2096 coe-

537 2123 658 2162 misse.
705 2123 777 2160 Sed
806 2122 926 2160 velim
959 2132 1111 2160 maneat
1146 2123 1401 2175 Damasippus
1436 2124 1475 2161 in
1510 2123 1697 2161 sententia
1715 2139 1723 2161 :
1755 2124 1907 2176 prorsus

537 2189 643 2227 enim
663 2201 710 2226 ex
730 2187 809 2225 istis
829 2187 1097 2239 emptionibus
1118 2187 1267 2225 nullam
1289 2188 1471 2226 defidero.
1518 2190 1584 2226 Tu
1605 2198 1734 2226 autem
1754 2189 1909 2240 ignarus

537 2253 705 2292 instituti
727 2253 818 2297 mei,
840 2252 976 2304 quanti
997 2263 1209 2304 ego'genus
1230 2254 1392 2291 omnino
1413 2254 1609 2305 fignorum
1630 2254 1810 2291 omnium
1831 2267 1909 2291 non

538 2318 698 2363 aestimo,
721 2318 820 2355 tanti
840 2317 908 2355 ista
926 2327 1091 2369 quatuor
1110 2327 1176 2355 aut
1196 2318 1371 2370 quinque
1391 2318 1595 2370 sumpsisti.
1633 2318 1801 2356 Bacchas
1822 2319 1908 2356 istas

539 2397 631 2422 cum
652 2383 777 2421 Mufis
799 2382 957 2420 Metelli
977 2396 1190 2434 comparas.
1215 2383 1323 2433 Qid
1344 2383 1488 2421 fimile?
1513 2384 1706 2428 Primum,
1723 2384 1820 2436 ipsas
1837 2397 1909 2436 ego

539 2448 672 2488 Musas
694 2461 895 2500 nunquam
916 2449 1013 2486 tanti
1033 2447 1248 2500 putaffem;
1284 2457 1399 2500 atque
1424 2448 1463 2485 id
1484 2447 1654 2487 feciffem
1675 2448 1798 2487 Mufis
1819 2462 1907 2486 om-

537 2515 654 2553 nibus
693 2512 999 2566 approbantibus
1023 2528 1032 2552 :
1078 2513 1140 2551 sed
1179 2522 1308 2552 tamen
1346 2522 1425 2552 erat
1462 2523 1598 2566 aptum
1637 2513 1905 2558 bibliothecae,
