2351 2997
609 291 685 332 370
981 278 1669 319 EPISTOLARUM

609 377 734 422 aiunt,
766 378 813 415 ab
846 378 1035 430 omnique
1061 379 1340 423 incommodo,
1364 378 1616 423 detrimento,
1648 376 1836 424 molestia,
1868 378 1997 418 fince-

610 457 699 481 rum
720 445 999 496 integrumque
1018 444 1232 483 conserves.
1279 445 1333 482 Et
1363 443 1443 496 ipse
1474 443 1658 495 spondeo,
1690 453 1729 482 et
1754 457 1889 483 omnes
1917 444 1995 483 hoc

612 510 685 546 tibi
708 510 765 546 tui
785 523 856 561 pro
883 523 946 546 me
973 509 1178 561 recipient,
1209 523 1257 547 ex
1287 522 1373 546 mea
1398 509 1587 553 amicitia,
1617 518 1656 546 et
1684 523 1731 547 ex
1762 519 1830 548 tuo
1860 511 1900 548 in
1930 524 1995 549 me

609 575 755 617 officio,
801 574 1024 612 maximum
1057 583 1095 612 te
1129 574 1304 613 fructum
1339 574 1612 626 summamque
1645 575 1888 627 voluptatem
1922 576 1994 615 effe

610 648 831 691 capturum.
869 640 980 678 Vale.

841 839 905 877 M.
939 840 991 877 T.
1025 839 1266 876 CICERO
1308 839 1353 877 P.
1387 839 1593 877 CAEsro
1634 841 1673 878 S.
1705 841 1759 878 D.

614 968 685 1005 LI.
711 967 763 1038 P
781 966 1063 1005 UBLIUM
1095 965 1348 1010 Meffimum,
1379 966 1555 1017 equitem
1587 967 1830 1012 Romanum,
1861 968 1995 1005 omnI-

798 1033 870 1070 bus
910 1032 1023 1070 rebus
1063 1040 1260 1076 ornatum,
1305 1044 1519 1083 meumque
1557 1031 1875 1084 perfamiliarem,
1920 1032 1996 1070 tibi

611 1097 848 1135 commendo
877 1111 919 1135 ea
950 1096 1308 1141 commendatione,
1339 1110 1425 1148 quae
1451 1097 1576 1149 potest
1595 1098 1667 1135 effe
1687 1096 1993 1149 diligentiffima.

610 1162 708 1200 Peto
734 1176 755 1200 a
784 1172 821 1200 te
850 1171 889 1200 et
917 1175 989 1214 pro
1018 1161 1158 1207 nostra,
1190 1171 1228 1199 et
1258 1174 1330 1214 pro
1360 1171 1518 1213 paterna
1546 1162 1734 1207 amicitia,
1766 1171 1809 1199 ut
1838 1175 1929 1199 eum
1953 1162 1996 1200 in

611 1237 718 1265 tuam
747 1227 866 1265 fidem
894 1227 1070 1279 recipias,
1102 1226 1262 1279 ejusque
1294 1240 1376 1264 rem
1406 1226 1631 1279 famamque
1662 1236 1805 1266 tueare.
1852 1227 2001 1265 Virum.

612 1292 777 1338 bonurn,
810 1303 953 1345 tuaque
973 1292 1148 1331 amicitia
1165 1292 1348 1344 dignum,
1372 1292 1446 1330 tibi
1467 1292 1705 1345 adjunxeris,
1736 1291 1837 1331 mihi
1857 1291 2000 1344 gratis-

610 1358 752 1397 simum
770 1357 923 1397 feceris.
956 1358 1069 1397 Vale.

998 1558 1239 1596 CICERO
1280 1558 1441 1595 REG1
1486 1557 1524 1595 S.
1556 1558 1612 1595 D.

615 1689 706 1727 LII.
732 1685 958 1759 AULU
977 1687 998 1724 S
1032 1685 1212 1724 Licinius
1245 1684 1472 1723 Aristoteles
1504 1683 1740 1729 Melitenfis,
1775 1684 1995 1737 antiquiffi-

842 1767 930 1792 mus
951 1752 1004 1790 est
1024 1751 1162 1803 hospes
1183 1764 1309 1796 metm,
1340 1760 1378 1789 et
1400 1759 1581 1803 praeterea
1599 1751 1832 1802 conjunctus
1853 1764 1996 1803 magno

615 1823 683 1860 usu
704 1819 996 1859 familiaritatis.
1044 1818 1143 1855 Haec
1172 1830 1265 1854 cum
1297 1817 1351 1854 ita
1382 1816 1471 1861 sint,
1502 1828 1581 1853 non
1609 1814 1764 1860 dubito,
1795 1816 1892 1867 quin
1921 1815 1996 1853 tibi

613 1888 701 1925 satis
737 1884 1035 1924 commendatus
1070 1883 1129 1920 fit.
1180 1882 1343 1919 Etenim
1374 1895 1422 1918 ex
1457 1880 1594 1918 multis
1629 1880 1837 1932 cognosco,
1869 1894 1998 1918 meam

615 1951 998 1991 commendationem
1020 1948 1238 2000 plurimum
1259 1947 1361 1998 apud
1382 1955 1419 1984 te
1440 1946 1578 1984 valere.
1626 1947 1748 1983 Hunc
1773 1959 1846 1997 ego
1866 1959 1886 1982 a
1907 1947 1999 1983 Cae-

616 2018 691 2055 sare
724 2015 899 2053 liberavi.
947 2014 1146 2064 Frequens
1176 2012 1283 2049 enim
1316 2010 1441 2049 fuerat
1475 2010 1697 2055 nobiscum,
1729 2020 1843 2062 atque
1878 2010 1997 2047 etiam

616 2083 764 2120 diutius
795 2081 835 2118 in
867 2079 978 2117 causa
1007 2078 1073 2123 est,
1105 2090 1223 2129 quarn
1255 2091 1340 2122 nos,
1372 2085 1664 2121 commoratus,
1697 2089 1777 2129 quo
1796 2075 1938 2113 melius
1960 2084 1997 2113 te

617 2149 662 2186 de
683 2161 728 2184 eo
747 2145 1059 2184 existimaturum
1081 2143 1259 2181 arbitror.
1304 2144 1381 2180 Fac
1404 2143 1539 2194 igitur,
1571 2142 1628 2179 mi
1649 2142 1750 2187 Rex,
1779 2150 1824 2180 ut
1845 2140 1997 2179 intelli-

617 2224 680 2266 gat
701 2212 768 2250 has
791 2212 859 2250 fibi
881 2211 1009 2249 literas
1031 2209 1250 2262 plurimum
1270 2207 1467 2262 profuisse.
1500 2208 1612 2246 Vale.
