2351 2997
631 283 723 320 AD
783 280 1247 319 FAMILIARES
1307 280 1438 318 LIB.
1491 281 1562 318 IV.

1739 310 1753 333 l
1766 316 1776 334 s

408 384 520 421 malis
542 380 726 419 laborare.
761 381 831 418 Me
852 381 1026 432 quidem,
1044 380 1110 417 etsi
1134 380 1282 417 nemini
1304 380 1490 424 concedo,
1514 381 1581 432 qui
1603 381 1790 431 majorem

408 462 455 486 ex
471 447 642 499 pernicie
658 456 695 484 et
718 447 818 498 peste
839 447 1064 499 reipublicae
1086 446 1301 484 molestiam
1325 447 1497 491 traxerit,
1518 457 1644 484 tamen
1667 447 1792 483 multa

405 514 488 564 jam
509 512 772 555 consolantur,
796 512 1044 562 maximeque
1066 511 1302 548 conscientia
1322 511 1575 549 consiliorum
1596 524 1789 549 meorum.

409 577 547 614 Multo
567 578 674 614 enim
692 585 779 614 ante
801 586 985 627 tanquam
1003 589 1048 612 ex
1071 576 1199 626 aliqua
1215 576 1368 627 specula
1387 576 1566 628 prospexi
1585 576 1791 628 tempesta-

410 652 490 680 tem
512 642 708 686 futuram3
733 655 857 693 neque
875 641 914 678 id
935 641 1061 678 solum
1078 654 1163 677 mea
1180 641 1328 692 sponte,
1348 641 1409 678 sed
1427 642 1555 678 multo
1572 643 1689 679 etiam
1706 654 1791 678 ma-

410 709 470 760 gis
491 717 676 744 monente
692 716 730 743 et
746 706 999 743 denuntiante
1018 714 1068 743 te.
1100 706 1181 742 Etfi
1198 706 1303 742 enim
1320 705 1429 743 abfui
1447 719 1628 757 magnam
1644 716 1794 758 partem

411 773 634 810 consulatus
656 772 730 816 tui,
762 780 889 809 tamen
912 781 949 808 et
970 771 1102 808 absens
1123 771 1420 822 cognoscebam,
1453 785 1537 823 quae
1558 771 1647 808 effet
1669 780 1733 808 tua
1754 772 1795 808 in

411 837 487 875 hoc
517 836 697 889 pestifero
728 837 832 874 bello
862 836 1032 874 cavendo
1062 846 1100 873 et
1130 836 1374 888 praedicendo
1405 836 1620 880 sententia;
1653 846 1690 873 et
1717 837 1795 888 ipse

411 902 507 940 affui
527 902 664 954 primis
687 902 930 953 temporibus
954 902 1011 939 tui
1033 901 1270 946 consulatus,
1293 915 1385 938 cum
1406 901 1685 939 accuratissime
1706 914 1794 938 mo-

413 967 532 1006 nuisti
558 967 733 1005 senatum
754 967 928 1004 colleefis
950 966 1135 1004 omnibus
1158 966 1271 1004 bellis
1294 967 1494 1011 civilibus,
1525 975 1569 1003 ut
1589 975 1626 1004 et
1654 966 1721 1003 illa
1742 966 1795 1003 ti-

413 1042 580 1078 merent,
611 1047 697 1085 quae
724 1032 1014 1077 meminiffent3
1046 1041 1085 1070 et
1115 1032 1272 1077 scirent,
1304 1046 1397 1070 cum
1426 1033 1652 1084 superiores,
1685 1032 1800 1068 nullo

414 1099 485 1137 tali
506 1098 688 1151 exemplo
708 1107 818 1136 antea
839 1098 879 1135 in
900 1097 1102 1150 republica
1121 1098 1297 1149 cognito,
1327 1107 1407 1135 tam
1428 1097 1602 1135 crudeles
1624 1097 1795 1141 fuiffent,

416 1165 645 1216 quicunque
666 1164 794 1216 postea
814 1164 1100 1215 rempublicam
1121 1163 1355 1216 oppreffiffet
1375 1165 1506 1209 armis,
1538 1164 1666 1201 multo
1691 1164 1797 1200 into-

416 1229 680 1267 lerabiliorem
707 1228 902 1266 futurum.
947 1230 1068 1273 Nam,
1100 1228 1206 1281 quod
1225 1229 1408 1281 exemplo
1429 1229 1487 1274 fit,
1519 1229 1558 1266 id
1578 1229 1696 1266 etiam
1711 1230 1800 1281 jure

416 1294 501 1332 fieri
522 1303 662 1347 putant
681 1310 689 1332 ε
723 1294 785 1331 sed
806 1294 970 1346 aliquid,
993 1304 1109 1346 atque
1129 1294 1222 1331 adeo
1244 1294 1383 1340 multa,
1405 1294 1553 1332 addunt
1573 1303 1611 1332 et
1631 1294 1798 1332 afferunt

417 1360 466 1397 de
486 1359 568 1398 suo.
602 1361 732 1411 Qare
753 1359 970 1397 meminisse
991 1359 1122 1404 debes,
1153 1373 1233 1404 eos,
1265 1360 1334 1411 qui
1354 1361 1622 1398 auctoritatem
1643 1369 1682 1397 et
1701 1373 1799 1397 con-

417 1425 549 1464 filium
571 1434 685 1463 tuum
706 1439 785 1463 non
813 1425 902 1463 sunt
928 1425 1064 1470 secuti,
1096 1425 1160 1463 sua
1191 1425 1357 1463 stultitia
1386 1425 1581 1470 occidiffe,
1613 1439 1705 1463 cum
1737 1435 1803 1463 tua

418 1491 626 1543 prudentia
651 1491 744 1529 salvi
769 1490 841 1528 effe
868 1490 1093 1543 potuissent.
1136 1492 1272 1536 Dices,
1305 1491 1415 1543 Qid
1441 1505 1503 1529 me
1531 1491 1599 1528 ista
1625 1504 1682 1528 res
1703 1504 1800 1528 con-

420 1557 564 1594 solatur
588 1557 629 1593 in
657 1557 774 1594 tantis
803 1557 988 1601 tenebris,
1020 1566 1058 1594 et
1086 1557 1190 1609 quafi
1218 1558 1418 1609 parietinis
1446 1556 1702 1608 reipublicae?
1736 1555 1802 1594 Est

419 1622 584 1660 omnino
600 1622 665 1659 vix
681 1622 930 1660 consolabilis
948 1622 1081 1667 dolor3
1107 1632 1212 1660 tanta
1227 1622 1280 1660 est
1295 1624 1475 1661 omniurn
1493 1636 1622 1660 rerum
1639 1621 1805 1667 amiffio,

420 1696 459 1724 et
491 1686 702 1739 desperatio
734 1687 1001 1739 recuperandi.
1047 1687 1118 1725 Sed
1147 1696 1276 1726 tamen
1303 1697 1341 1725 et
1370 1688 1494 1726 Caesar
1520 1687 1600 1739 ipse
1627 1688 1680 1724 ita
1700 1687 1745 1724 de
1768 1697 1804 1725 te

415 1751 583 1803 judicat,
614 1760 653 1788 et
684 1764 819 1788 omnes
852 1752 953 1789 cives
983 1751 1032 1789 fic
1060 1751 1295 1797 existimant,
1328 1752 1431 1803 quafi
1464 1752 1599 1789 lumen
1627 1751 1801 1803 aliquod,

421 1816 602 1854 extinctis
624 1817 785 1861 caeteris,
817 1817 968 1854 elucere
989 1817 1244 1862 sanstitatem,
1268 1827 1305 1854 et
1326 1817 1589 1869 prudentiam,
1612 1826 1649 1854 et
1671 1817 1803 1868 digni-

425 1891 545 1919 tatem
563 1890 684 1920 tuam.
719 1882 817 1919 Haec
837 1882 909 1920 tibi
926 1882 971 1920 ad
993 1883 1170 1920 levandas
1188 1883 1379 1920 molestias
1398 1897 1537 1934 magna
1552 1883 1622 1920 effe
1644 1883 1799 1921 debent„

424 1947 544 1998 Qod
564 1956 696 1985 autem
716 1960 736 1985 a
756 1948 833 1985 tuis
855 1949 959 1993 abes,
992 1949 1031 1985 id
1052 1962 1097 1986 eo
1118 1949 1241 1986 levius
1269 1948 1475 1987 ferendum
1502 1949 1568 1993 est,
1601 1949 1706 2001 quod
1738 1963 1803 1986 eo-

423 2012 513 2050 dem
540 2022 716 2064 tempore
743 2026 763 2050 a
790 2014 926 2051 multis
958 2023 996 2051 et
1028 2015 1180 2065 magnis
1208 2014 1395 2052 molestiis
1423 2014 1540 2052 abes:
1573 2028 1667 2066 quas
1695 2014 1741 2051 ad
1770 2024 1806 2052 te

425 2091 561 2115 omnes
596 2078 888 2130 perscriberem,
920 2080 990 2117 nifi
1024 2093 1187 2124 vererer,
1220 2094 1267 2117 ne
1302 2094 1344 2117 ea
1375 2080 1624 2131 cognosceres
1656 2079 1802 2123 absem,

427 2157 514 2195 quae
548 2143 639 2194 quia
678 2157 756 2181 non
791 2144 912 2188 vides,
953 2143 1054 2182 mihi
1087 2145 1228 2183 videris
1263 2145 1426 2183 meliore
1460 2145 1531 2183 effe
1565 2145 1804 2189 conditione,

424 2222 543 2260 quam
560 2222 645 2254 nos,
663 2210 732 2261 qui
749 2209 941 2248 videmus,
966 2211 1166 2248 Hactenus
1182 2210 1362 2248 existimo
1384 2211 1550 2248 nostram
1571 2210 1806 2248 consolatio-

427 2287 518 2310 nem
539 2275 638 2311 recte
658 2273 876 2312 adhibitam
896 2274 982 2319 effe,
1013 2275 1142 2327 quoad
1166 2275 1309 2312 certior
1328 2275 1376 2312 ab
1396 2275 1558 2313 homine
1578 2275 1807 2312 amiciffimo

428 2337 536 2375 fieres
558 2338 604 2375 iis
626 2338 672 2375 de
692 2339 821 2383 rebu5‚
844 2339 988 2391 quibus
1009 2339 1127 2377 levari
1147 2340 1296 2392 poffent
1317 2340 1500 2378 molestiae
1522 2327 1610 2378 tuaeſs
1639 2339 1808 2390 Reliqua

427 2403 516 2441 sunt
548 2403 588 2440 in
622 2412 659 2440 te
690 2404 786 2455 ipso,
819 2418 944 2456 neque
976 2404 1077 2443 mihi
1109 2406 1258 2457 ignota,
1290 2419 1361 2443 nec
1389 2406 1554 2444 minima
1575 2406 1720 2449 solatia,
1752 2414 1804 2448 et,

428 2478 472 2506 ut
493 2467 653 2520 quidem
674 2481 746 2520 ego
766 2469 904 2516 sentio,
926 2471 1055 2513 multo
1076 2472 1247 2509 maxima
1265 2486 1273 2509 ε
1307 2486 1393 2524 quae
1413 2485 1486 2523 ego
1506 2471 1585 2523 ipse
1605 2471 1805 2521 experiens

427 2534 618 2586 quotidie,
651 2534 700 2572 fic
720 2534 859 2586 probo,
891 2545 935 2574 ut
961 2549 1004 2574 ea
1022 2535 1124 2575 mihi
1151 2537 1314 2575 salutem
1334 2536 1467 2576 afferre
1487 2536 1702 2574 videantur,
1745 2536 1804 2572 Tc.
