<?xml version="1.0" encoding="UTF-8"?>
<!DOCTYPE html PUBLIC "-//W3C//DTD XHTML 1.0 Transitional//EN"
    "http://www.w3.org/TR/xhtml1/DTD/xhtml1-transitional.dtd">
<html xmlns="http://www.w3.org/1999/xhtml" xml:lang="en" lang="en">
 <head>
  <title>
</title>
<meta http-equiv="Content-Type" content="text/html;charset=utf-8" />
  <meta name='ocr-system' content='tesseract 3.04.00' />
  <meta name='ocr-capabilities' content='ocr_page ocr_carea ocr_par ocr_line ocrx_word'/>
</head>
<body>
  <div class='ocr_page' id='page_1' title='image "./operacumindicibu07ciceuoft_0172.png"; bbox 0 0 2351 2997; ppageno 0'>
   <div class='ocr_carea' id='block_1_1' title="bbox 588 281 1611 335">
    <p class='ocr_par' dir='ltr' id='par_1_1' title="bbox 588 281 1611 335">
     <span class='ocr_line' id='line_1_1' title="bbox 588 281 1611 335; baseline -0.002 -13"><span class='ocrx_word' id='word_1_1' title='bbox 588 295 661 335; x_wconf 81' lang='lat'>152</span> <span class='ocrx_word' id='word_1_2' title='bbox 819 306 823 309; x_wconf 89' lang='lat'><em>-</em></span> <span class='ocrx_word' id='word_1_3' title='bbox 931 281 1611 321; x_wconf 88' lang='lat' dir='ltr'><strong>EPISTOLARUM</strong></span> 
     </span>
    </p>
   </div>
   <div class='ocr_carea' id='block_1_2' title="bbox 578 381 1960 751">
    <p class='ocr_par' dir='ltr' id='par_1_2' title="bbox 578 381 1960 751">
     <span class='ocr_line' id='line_1_2' title="bbox 579 381 1956 434; baseline -0.001 -13"><span class='ocrx_word' id='word_1_4' title='bbox 579 383 653 422; x_wconf 81' lang='lat' dir='ltr'>hac</span> <span class='ocrx_word' id='word_1_5' title='bbox 670 382 779 421; x_wconf 77' lang='lat' dir='ltr'>causa</span> <span class='ocrx_word' id='word_1_6' title='bbox 796 382 895 419; x_wconf 85' lang='lat' dir='ltr'>nihil</span> <span class='ocrx_word' id='word_1_7' title='bbox 918 381 1072 427; x_wconf 87' lang='lat' dir='ltr'>habere,</span> <span class='ocrx_word' id='word_1_8' title='bbox 1090 381 1196 434; x_wconf 92' lang='lat' dir='ltr'>quod</span> <span class='ocrx_word' id='word_1_9' title='bbox 1218 381 1292 418; x_wconf 91' lang='lat' dir='ltr'>tibi</span> <span class='ocrx_word' id='word_1_10' title='bbox 1313 381 1534 418; x_wconf 88' lang='lat' dir='ltr'>timendum</span> <span class='ocrx_word' id='word_1_11' title='bbox 1554 381 1599 418; x_wconf 85' lang='lat' dir='ltr'>fit</span> <span class='ocrx_word' id='word_1_12' title='bbox 1619 387 1755 432; x_wconf 84' lang='lat' dir='ltr'>praeter</span> <span class='ocrx_word' id='word_1_13' title='bbox 1775 393 1956 419; x_wconf 86' lang='lat' dir='ltr'>commu-</span> 
     </span>
     <span class='ocr_line' id='line_1_3' title="bbox 580 445 1957 498; baseline -0.001 -12"><span class='ocrx_word' id='word_1_14' title='bbox 580 462 672 486; x_wconf 85' lang='lat' dir='ltr'>nem</span> <span class='ocrx_word' id='word_1_15' title='bbox 693 448 823 485; x_wconf 81' lang='lat' dir='ltr'>casum</span> <span class='ocrx_word' id='word_1_16' title='bbox 844 447 1012 483; x_wconf 82' lang='lat' dir='ltr'>civitatis</span> <span class='ocrx_word' id='word_1_17' title='bbox 1030 466 1041 491; x_wconf 66' lang='grc' dir='ltr'><strong><em>ς</em></strong></span> <span class='ocrx_word' id='word_1_18' title='bbox 1074 447 1142 498; x_wconf 90' lang='lat' dir='ltr'>qui</span> <span class='ocrx_word' id='word_1_19' title='bbox 1163 446 1229 482; x_wconf 88' lang='lat' dir='ltr'>ets1</span> <span class='ocrx_word' id='word_1_20' title='bbox 1250 445 1302 482; x_wconf 86' lang='lat' dir='ltr'>est</span> <span class='ocrx_word' id='word_1_21' title='bbox 1328 446 1583 496; x_wconf 82' lang='lat' dir='ltr'>graviffimus,</span> <span class='ocrx_word' id='word_1_22' title='bbox 1615 455 1745 483; x_wconf 84' lang='lat' dir='ltr'>tamen</span> <span class='ocrx_word' id='word_1_23' title='bbox 1775 447 1828 484; x_wconf 84' lang='lat' dir='ltr'>ita</span> <span class='ocrx_word' id='word_1_24' title='bbox 1853 447 1957 484; x_wconf 84' lang='lat' dir='ltr'>vixi-</span> 
     </span>
     <span class='ocr_line' id='line_1_4' title="bbox 579 510 1960 564; baseline -0.001 -13"><span class='ocrx_word' id='word_1_25' title='bbox 579 528 683 557; x_wconf 86' lang='lat' dir='ltr'>mus,</span> <span class='ocrx_word' id='word_1_26' title='bbox 714 522 752 549; x_wconf 88' lang='lat' dir='ltr'>et</span> <span class='ocrx_word' id='word_1_27' title='bbox 773 512 811 548; x_wconf 89' lang='lat' dir='ltr'>id</span> <span class='ocrx_word' id='word_1_28' title='bbox 833 512 953 549; x_wconf 67' lang='lat' dir='ltr'>{etatis</span> <span class='ocrx_word' id='word_1_29' title='bbox 970 513 1053 562; x_wconf 88' lang='lat' dir='ltr'>jam</span> <span class='ocrx_word' id='word_1_30' title='bbox 1074 511 1220 553; x_wconf 79' lang='lat' dir='ltr'>sumus,</span> <span class='ocrx_word' id='word_1_31' title='bbox 1252 518 1297 546; x_wconf 87' lang='lat' dir='ltr'>ut</span> <span class='ocrx_word' id='word_1_32' title='bbox 1317 510 1462 554; x_wconf 83' lang='lat' dir='ltr'>onmia,</span> <span class='ocrx_word' id='word_1_33' title='bbox 1494 523 1579 561; x_wconf 85' lang='lat' dir='ltr'>quae</span> <span class='ocrx_word' id='word_1_34' title='bbox 1600 524 1678 548; x_wconf 88' lang='lat' dir='ltr'>non</span> <span class='ocrx_word' id='word_1_35' title='bbox 1698 511 1823 549; x_wconf 84' lang='lat' dir='ltr'>nostra</span> <span class='ocrx_word' id='word_1_36' title='bbox 1843 512 1960 564; x_wconf 83' lang='lat' dir='ltr'>culpa</span> 
     </span>
     <span class='ocr_line' id='line_1_5' title="bbox 581 574 1957 621; baseline -0.001 -5"><span class='ocrx_word' id='word_1_37' title='bbox 581 579 695 616; x_wconf 87' lang='lat' dir='ltr'>nobis</span> <span class='ocrx_word' id='word_1_38' title='bbox 717 577 908 621; x_wconf 78' lang='lat' dir='ltr'>accidant,</span> <span class='ocrx_word' id='word_1_39' title='bbox 926 575 1080 613; x_wconf 85' lang='lat' dir='ltr'>fortiter</span> <span class='ocrx_word' id='word_1_40' title='bbox 1100 575 1198 612; x_wconf 83' lang='lat' dir='ltr'>ferre</span> <span class='ocrx_word' id='word_1_41' title='bbox 1220 574 1442 612; x_wconf 84' lang='lat' dir='ltr'>debeamus.</span> <span class='ocrx_word' id='word_1_42' title='bbox 1477 576 1558 612; x_wconf 89' lang='lat' dir='ltr'>Hic</span> <span class='ocrx_word' id='word_1_43' title='bbox 1580 576 1639 612; x_wconf 90' lang='lat' dir='ltr'>tui</span> <span class='ocrx_word' id='word_1_44' title='bbox 1659 589 1793 614; x_wconf 90' lang='lat' dir='ltr'>omnes</span> <span class='ocrx_word' id='word_1_45' title='bbox 1814 578 1957 621; x_wconf 84' lang='lat' dir='ltr'>valent,</span> 
     </span>
     <span class='ocr_line' id='line_1_6' title="bbox 582 640 1960 694; baseline -0.001 -14"><span class='ocrx_word' id='word_1_46' title='bbox 582 644 809 694; x_wconf 73' lang='lat' dir='ltr'>summaque</span> <span class='ocrx_word' id='word_1_47' title='bbox 830 642 973 693; x_wconf 83' lang='lat' dir='ltr'>pietate</span> <span class='ocrx_word' id='word_1_48' title='bbox 994 650 1030 678; x_wconf 91' lang='lat' dir='ltr'>te</span> <span class='ocrx_word' id='word_1_49' title='bbox 1052 640 1277 684; x_wconf 81' lang='lat' dir='ltr'>defiderant,</span> <span class='ocrx_word' id='word_1_50' title='bbox 1310 649 1347 677; x_wconf 87' lang='lat' dir='ltr'>et</span> <span class='ocrx_word' id='word_1_51' title='bbox 1369 640 1556 691; x_wconf 78' lang='lat' dir='ltr'>diIIgunt,</span> <span class='ocrx_word' id='word_1_52' title='bbox 1588 648 1626 677; x_wconf 90' lang='lat' dir='ltr'>et</span> <span class='ocrx_word' id='word_1_53' title='bbox 1646 640 1796 678; x_wconf 87' lang='lat' dir='ltr'>colunt.</span> <span class='ocrx_word' id='word_1_54' title='bbox 1836 643 1902 679; x_wconf 92' lang='lat' dir='ltr'>Tu</span> <span class='ocrx_word' id='word_1_55' title='bbox 1920 649 1960 678; x_wconf 79' lang='lat' dir='ltr'>et</span> 
     </span>
     <span class='ocr_line' id='line_1_7' title="bbox 578 706 1670 751; baseline -0.004 -4"><span class='ocrx_word' id='word_1_56' title='bbox 578 722 673 747; x_wconf 74' lang='lat' dir='ltr'>cura</span> <span class='ocrx_word' id='word_1_57' title='bbox 694 717 737 746; x_wconf 86' lang='lat' dir='ltr'>ut</span> <span class='ocrx_word' id='word_1_58' title='bbox 758 707 894 751; x_wconf 72' lang='lat' dir='ltr'>valeas,</span> <span class='ocrx_word' id='word_1_59' title='bbox 926 716 964 745; x_wconf 90' lang='lat' dir='ltr'>et</span> <span class='ocrx_word' id='word_1_60' title='bbox 986 716 1021 744; x_wconf 91' lang='lat' dir='ltr'>te</span> <span class='ocrx_word' id='word_1_61' title='bbox 1043 706 1155 744; x_wconf 86' lang='lat' dir='ltr'>istinc</span> <span class='ocrx_word' id='word_1_62' title='bbox 1177 719 1224 743; x_wconf 90' lang='lat' dir='ltr'>ne</span> <span class='ocrx_word' id='word_1_63' title='bbox 1246 715 1388 743; x_wconf 87' lang='lat' dir='ltr'>temere</span> <span class='ocrx_word' id='word_1_64' title='bbox 1409 718 1670 743; x_wconf 53' lang='lat' dir='ltr'>commoveas,</span> 
     </span>
    </p>
   </div>
   <div class='ocr_carea' id='block_1_3' title="bbox 938 908 1597 946">
    <p class='ocr_par' dir='ltr' id='par_1_3' title="bbox 938 908 1597 946">
     <span class='ocr_line' id='line_1_8' title="bbox 938 908 1597 946; baseline -0.003 0"><span class='ocrx_word' id='word_1_65' title='bbox 938 909 1176 946; x_wconf 75' lang='lat' dir='ltr'>CICERO</span> <span class='ocrx_word' id='word_1_66' title='bbox 1216 909 1518 946; x_wconf 82' lang='lat' dir='ltr'><strong>TORANIO</strong></span> <span class='ocrx_word' id='word_1_67' title='bbox 1561 908 1597 944; x_wconf 79' lang='lat' dir='ltr'>S.</span> 
     </span>
    </p>
   </div>
   <div class='ocr_carea' id='block_1_4' title="bbox 582 1033 1960 2524">
    <p class='ocr_par' dir='ltr' id='par_1_4' title="bbox 583 1033 1959 1107">
     <span class='ocr_line' id='line_1_9' title="bbox 583 1033 1959 1107; baseline -0.001 -33"><span class='ocrx_word' id='word_1_68' title='bbox 583 1037 696 1074; x_wconf 84' lang='lat' dir='ltr'>XXI.</span> <span class='ocrx_word' id='word_1_69' title='bbox 722 1036 786 1107; x_wconf 82' lang='lat' dir='ltr'>E</span> <span class='ocrx_word' id='word_1_70' title='bbox 802 1037 840 1073; x_wconf 92' lang='lat' dir='ltr'>T</span> <span class='ocrx_word' id='word_1_71' title='bbox 856 1037 876 1072; x_wconf 89' lang='lat' dir='ltr'>S</span> <span class='ocrx_word' id='word_1_72' title='bbox 896 1037 928 1080; x_wconf 94' lang='lat' dir='ltr'>I,</span> <span class='ocrx_word' id='word_1_73' title='bbox 960 1049 1051 1073; x_wconf 88' lang='lat' dir='ltr'>cum</span> <span class='ocrx_word' id='word_1_74' title='bbox 1072 1035 1153 1072; x_wconf 88' lang='lat' dir='ltr'>haec</span> <span class='ocrx_word' id='word_1_75' title='bbox 1173 1034 1219 1071; x_wconf 91' lang='lat' dir='ltr'>ad</span> <span class='ocrx_word' id='word_1_76' title='bbox 1244 1043 1281 1070; x_wconf 90' lang='lat' dir='ltr'>te</span> <span class='ocrx_word' id='word_1_77' title='bbox 1302 1034 1531 1078; x_wconf 85' lang='lat' dir='ltr'>scribebam,</span> <span class='ocrx_word' id='word_1_78' title='bbox 1564 1044 1629 1071; x_wconf 79' lang='lat' dir='ltr'>aut</span> <span class='ocrx_word' id='word_1_79' title='bbox 1649 1033 1959 1085; x_wconf 83' lang='lat' dir='ltr'>appropinquare</span> 
     </span>
    </p>

    <p class='ocr_par' dir='ltr' id='par_1_5' title="bbox 582 1098 1960 2524">
     <span class='ocr_line' id='line_1_10' title="bbox 816 1098 1960 1152; baseline -0.003 -14"><span class='ocrx_word' id='word_1_80' title='bbox 816 1102 943 1139; x_wconf 83' lang='lat' dir='ltr'>exitus</span> <span class='ocrx_word' id='word_1_81' title='bbox 976 1099 1094 1152; x_wconf 85' lang='lat' dir='ltr'>hujus</span> <span class='ocrx_word' id='word_1_82' title='bbox 1122 1100 1435 1137; x_wconf 83' lang='lat' dir='ltr'>calamitofiffimi</span> <span class='ocrx_word' id='word_1_83' title='bbox 1468 1099 1577 1144; x_wconf 87' lang='lat' dir='ltr'>belli,</span> <span class='ocrx_word' id='word_1_84' title='bbox 1610 1108 1674 1136; x_wconf 86' lang='lat' dir='ltr'>aut</span> <span class='ocrx_word' id='word_1_85' title='bbox 1696 1100 1780 1150; x_wconf 85' lang='lat' dir='ltr'>jam</span> <span class='ocrx_word' id='word_1_86' title='bbox 1810 1098 1960 1150; x_wconf 85' lang='lat' dir='ltr'>aliquid</span> 
     </span>
     <span class='ocr_line' id='line_1_11' title="bbox 583 1164 1960 1215; baseline -0.003 -10"><span class='ocrx_word' id='word_1_87' title='bbox 583 1169 711 1204; x_wconf 61' lang='lat' dir='ltr'>aetum</span> <span class='ocrx_word' id='word_1_88' title='bbox 732 1176 770 1205; x_wconf 92' lang='lat' dir='ltr'>et</span> <span class='ocrx_word' id='word_1_89' title='bbox 795 1166 1033 1209; x_wconf 65' lang='lat' dir='ltr'>confectum,</span> <span class='ocrx_word' id='word_1_90' title='bbox 1065 1165 1282 1208; x_wconf 82' lang='lat' dir='ltr'>videbatur,</span> <span class='ocrx_word' id='word_1_91' title='bbox 1315 1174 1443 1202; x_wconf 88' lang='lat' dir='ltr'>tamen</span> <span class='ocrx_word' id='word_1_92' title='bbox 1471 1164 1647 1215; x_wconf 79' lang='lat' dir='ltr'>quotidie</span> <span class='ocrx_word' id='word_1_93' title='bbox 1673 1176 1960 1202; x_wconf 88' lang='lat' dir='ltr'>commemora-</span> 
     </span>
     <span class='ocr_line' id='line_1_12' title="bbox 584 1229 1960 1278; baseline -0.002 -8"><span class='ocrx_word' id='word_1_94' title='bbox 584 1232 688 1278; x_wconf 82' lang='lat' dir='ltr'>bam,</span> <span class='ocrx_word' id='word_1_95' title='bbox 722 1242 758 1270; x_wconf 89' lang='lat' dir='ltr'>te</span> <span class='ocrx_word' id='word_1_96' title='bbox 779 1246 903 1270; x_wconf 88' lang='lat' dir='ltr'>unum</span> <span class='ocrx_word' id='word_1_97' title='bbox 925 1233 965 1268; x_wconf 89' lang='lat' dir='ltr'>in</span> <span class='ocrx_word' id='word_1_98' title='bbox 986 1241 1095 1268; x_wconf 87' lang='lat' dir='ltr'>tanto</span> <span class='ocrx_word' id='word_1_99' title='bbox 1115 1231 1289 1268; x_wconf 86' lang='lat' dir='ltr'>exercitu</span> <span class='ocrx_word' id='word_1_100' title='bbox 1310 1229 1411 1268; x_wconf 86' lang='lat' dir='ltr'>mihi</span> <span class='ocrx_word' id='word_1_101' title='bbox 1432 1229 1542 1267; x_wconf 78' lang='lat' dir='ltr'>fuifl‘e</span> <span class='ocrx_word' id='word_1_102' title='bbox 1562 1230 1801 1273; x_wconf 71' lang='lat' dir='ltr'>assensorem,</span> <span class='ocrx_word' id='word_1_103' title='bbox 1832 1238 1871 1267; x_wconf 89' lang='lat' dir='ltr'>et</span> <span class='ocrx_word' id='word_1_104' title='bbox 1897 1243 1960 1267; x_wconf 90' lang='lat' dir='ltr'>me</span> 
     </span>
     <span class='ocr_line' id='line_1_13' title="bbox 584 1295 1959 1349; baseline -0.004 -13"><span class='ocrx_word' id='word_1_105' title='bbox 584 1299 685 1342; x_wconf 64' lang='lat' dir='ltr'>tibi,</span> <span class='ocrx_word' id='word_1_106' title='bbox 718 1298 892 1349; x_wconf 86' lang='lat' dir='ltr'>solosque</span> <span class='ocrx_word' id='word_1_107' title='bbox 915 1311 983 1334; x_wconf 89' lang='lat' dir='ltr'>nos</span> <span class='ocrx_word' id='word_1_108' title='bbox 1006 1296 1150 1341; x_wconf 82' lang='lat' dir='ltr'>vidiffe,</span> <span class='ocrx_word' id='word_1_109' title='bbox 1184 1305 1376 1347; x_wconf 85' lang='lat' dir='ltr'>quantum</span> <span class='ocrx_word' id='word_1_110' title='bbox 1397 1295 1486 1332; x_wconf 80' lang='lat' dir='ltr'>effet</span> <span class='ocrx_word' id='word_1_111' title='bbox 1512 1296 1550 1332; x_wconf 91' lang='lat' dir='ltr'>in</span> <span class='ocrx_word' id='word_1_112' title='bbox 1573 1309 1618 1332; x_wconf 90' lang='lat' dir='ltr'>co</span> <span class='ocrx_word' id='word_1_113' title='bbox 1646 1295 1751 1332; x_wconf 89' lang='lat' dir='ltr'>bello</span> <span class='ocrx_word' id='word_1_114' title='bbox 1778 1295 1886 1338; x_wconf 73' lang='lat' dir='ltr'>mali,</span> <span class='ocrx_word' id='word_1_115' title='bbox 1919 1295 1959 1332; x_wconf 89' lang='lat' dir='ltr'>in</span> 
     </span>
     <span class='ocr_line' id='line_1_14' title="bbox 583 1359 1957 1415; baseline -0.002 -15"><span class='ocrx_word' id='word_1_116' title='bbox 583 1378 676 1415; x_wconf 88' lang='lat' dir='ltr'>quo,</span> <span class='ocrx_word' id='word_1_117' title='bbox 710 1363 772 1415; x_wconf 82' lang='lat' dir='ltr'>spe</span> <span class='ocrx_word' id='word_1_118' title='bbox 804 1363 908 1415; x_wconf 75' lang='lat' dir='ltr'>pacis</span> <span class='ocrx_word' id='word_1_119' title='bbox 940 1362 1107 1406; x_wconf 77' lang='lat' dir='ltr'>exclusa,</span> <span class='ocrx_word' id='word_1_120' title='bbox 1140 1361 1219 1412; x_wconf 80' lang='lat' dir='ltr'>ipsa</span> <span class='ocrx_word' id='word_1_121' title='bbox 1250 1362 1408 1398; x_wconf 66' lang='lat' dir='ltr'>victoria</span> <span class='ocrx_word' id='word_1_122' title='bbox 1434 1359 1565 1397; x_wconf 78' lang='lat' dir='ltr'>futura</span> <span class='ocrx_word' id='word_1_123' title='bbox 1592 1360 1681 1398; x_wconf 76' lang='lat' dir='ltr'>efl&#39;et</span> <span class='ocrx_word' id='word_1_124' title='bbox 1708 1359 1957 1404; x_wconf 84' lang='lat' dir='ltr'>acerbiffima‚</span> 
     </span>
     <span class='ocr_line' id='line_1_15' title="bbox 582 1425 1957 1481; baseline -0.004 -15"><span class='ocrx_word' id='word_1_125' title='bbox 582 1443 669 1481; x_wconf 71' lang='lat' dir='ltr'>quae</span> <span class='ocrx_word' id='word_1_126' title='bbox 697 1439 762 1466; x_wconf 76' lang='lat' dir='ltr'>aut</span> <span class='ocrx_word' id='word_1_127' title='bbox 790 1429 993 1466; x_wconf 85' lang='lat' dir='ltr'>interitum</span> <span class='ocrx_word' id='word_1_128' title='bbox 1021 1427 1181 1464; x_wconf 81' lang='lat' dir='ltr'>allatura</span> <span class='ocrx_word' id='word_1_129' title='bbox 1201 1426 1303 1470; x_wconf 82' lang='lat' dir='ltr'>effet,</span> <span class='ocrx_word' id='word_1_130' title='bbox 1336 1426 1361 1462; x_wconf 88' lang='lat' dir='ltr'>fi</span> <span class='ocrx_word' id='word_1_131' title='bbox 1382 1426 1504 1462; x_wconf 61' lang='lat' dir='ltr'>victus</span> <span class='ocrx_word' id='word_1_132' title='bbox 1526 1425 1630 1469; x_wconf 74' lang='lat' dir='ltr'>effes,</span> <span class='ocrx_word' id='word_1_133' title='bbox 1663 1434 1727 1462; x_wconf 79' lang='lat' dir='ltr'>aut</span> <span class='ocrx_word' id='word_1_134' title='bbox 1748 1425 1773 1462; x_wconf 90' lang='lat' dir='ltr'>s1</span> <span class='ocrx_word' id='word_1_135' title='bbox 1795 1425 1957 1470; x_wconf 84' lang='lat' dir='ltr'>viciffes,</span> 
     </span>
     <span class='ocr_line' id='line_1_16' title="bbox 586 1489 1957 1544; baseline -0.004 -13"><span class='ocrx_word' id='word_1_136' title='bbox 586 1495 822 1531; x_wconf 72' lang='lat' dir='ltr'>servitutem.</span> <span class='ocrx_word' id='word_1_137' title='bbox 862 1494 996 1544; x_wconf 71' lang='lat' dir='ltr'>Itaque</span> <span class='ocrx_word' id='word_1_138' title='bbox 1017 1506 1103 1542; x_wconf 83' lang='lat' dir='ltr'>ego,</span> <span class='ocrx_word' id='word_1_139' title='bbox 1136 1504 1254 1542; x_wconf 86' lang='lat' dir='ltr'>quem</span> <span class='ocrx_word' id='word_1_140' title='bbox 1277 1500 1361 1527; x_wconf 89' lang='lat' dir='ltr'>turn</span> <span class='ocrx_word' id='word_1_141' title='bbox 1383 1489 1501 1527; x_wconf 80' lang='lat' dir='ltr'>fortes</span> <span class='ocrx_word' id='word_1_142' title='bbox 1524 1490 1583 1526; x_wconf 89' lang='lat' dir='ltr'>illi</span> <span class='ocrx_word' id='word_1_143' title='bbox 1605 1490 1675 1526; x_wconf 82' lang='lat' dir='ltr'>viri</span> <span class='ocrx_word' id='word_1_144' title='bbox 1697 1499 1735 1526; x_wconf 91' lang='lat' dir='ltr'>et</span> <span class='ocrx_word' id='word_1_145' title='bbox 1755 1489 1957 1541; x_wconf 79' lang='lat' dir='ltr'>sapientes,</span> 
     </span>
     <span class='ocr_line' id='line_1_17' title="bbox 586 1555 1957 1606; baseline -0.004 -10"><span class='ocrx_word' id='word_1_146' title='bbox 586 1559 755 1597; x_wconf 85' lang='lat' dir='ltr'>Domitii</span> <span class='ocrx_word' id='word_1_147' title='bbox 777 1568 814 1595; x_wconf 91' lang='lat' dir='ltr'>et</span> <span class='ocrx_word' id='word_1_148' title='bbox 836 1557 1011 1601; x_wconf 78' lang='lat' dir='ltr'>Lentuli,</span> <span class='ocrx_word' id='word_1_149' title='bbox 1030 1556 1216 1594; x_wconf 85' lang='lat' dir='ltr'>timidum</span> <span class='ocrx_word' id='word_1_150' title='bbox 1233 1555 1304 1593; x_wconf 85' lang='lat' dir='ltr'>effe</span> <span class='ocrx_word' id='word_1_151' title='bbox 1325 1555 1520 1598; x_wconf 85' lang='lat' dir='ltr'>dicebant,</span> <span class='ocrx_word' id='word_1_152' title='bbox 1542 1556 1661 1606; x_wconf 73' lang='lat' dir='ltr'>(eram</span> <span class='ocrx_word' id='word_1_153' title='bbox 1683 1555 1815 1606; x_wconf 81' lang='lat' dir='ltr'>plane:</span> <span class='ocrx_word' id='word_1_154' title='bbox 1840 1555 1957 1592; x_wconf 88' lang='lat' dir='ltr'>time-</span> 
     </span>
     <span class='ocr_line' id='line_1_18' title="bbox 584 1619 1960 1672; baseline -0.004 -11"><span class='ocrx_word' id='word_1_155' title='bbox 584 1625 673 1662; x_wconf 85' lang='lat' dir='ltr'>bam</span> <span class='ocrx_word' id='word_1_156' title='bbox 694 1624 814 1668; x_wconf 86' lang='lat' dir='ltr'>enim,</span> <span class='ocrx_word' id='word_1_157' title='bbox 848 1637 893 1660; x_wconf 91' lang='lat' dir='ltr'>ne</span> <span class='ocrx_word' id='word_1_158' title='bbox 923 1623 1120 1660; x_wconf 90' lang='lat' dir='ltr'>evenirent</span> <span class='ocrx_word' id='word_1_159' title='bbox 1147 1635 1189 1659; x_wconf 88' lang='lat' dir='ltr'>ea</span> <span class='ocrx_word' id='word_1_160' title='bbox 1218 1635 1303 1672; x_wconf 78' lang='lat' dir='ltr'>quae</span> <span class='ocrx_word' id='word_1_161' title='bbox 1332 1620 1575 1669; x_wconf 81' lang='lat' dir='ltr'>acciderunt)</span> <span class='ocrx_word' id='word_1_162' title='bbox 1606 1620 1709 1656; x_wconf 80' lang='lat' dir='ltr'>idem</span> <span class='ocrx_word' id='word_1_163' title='bbox 1732 1633 1837 1657; x_wconf 85' lang='lat' dir='ltr'>nunc</span> <span class='ocrx_word' id='word_1_164' title='bbox 1858 1619 1960 1657; x_wconf 89' lang='lat' dir='ltr'>nihil</span> 
     </span>
     <span class='ocr_line' id='line_1_19' title="bbox 584 1685 1958 1738; baseline -0.005 -10"><span class='ocrx_word' id='word_1_165' title='bbox 584 1691 719 1734; x_wconf 88' lang='lat' dir='ltr'>timeo,</span> <span class='ocrx_word' id='word_1_166' title='bbox 738 1699 775 1727; x_wconf 89' lang='lat' dir='ltr'>et</span> <span class='ocrx_word' id='word_1_167' title='bbox 796 1689 840 1727; x_wconf 85' lang='lat' dir='ltr'>ad</span> <span class='ocrx_word' id='word_1_168' title='bbox 862 1702 1019 1726; x_wconf 88' lang='lat' dir='ltr'>omnem</span> <span class='ocrx_word' id='word_1_169' title='bbox 1041 1697 1225 1725; x_wconf 88' lang='lat' dir='ltr'>eventurn</span> <span class='ocrx_word' id='word_1_170' title='bbox 1246 1697 1398 1738; x_wconf 81' lang='lat' dir='ltr'>paratus</span> <span class='ocrx_word' id='word_1_171' title='bbox 1421 1686 1519 1723; x_wconf 87' lang='lat' dir='ltr'>sum.</span> <span class='ocrx_word' id='word_1_172' title='bbox 1553 1687 1657 1722; x_wconf 83' lang='lat' dir='ltr'>Cum</span> <span class='ocrx_word' id='word_1_173' title='bbox 1679 1685 1828 1737; x_wconf 77' lang='lat' dir='ltr'>aliquid</span> <span class='ocrx_word' id='word_1_174' title='bbox 1849 1685 1958 1723; x_wconf 89' lang='lat' dir='ltr'>vide-</span> 
     </span>
     <span class='ocr_line' id='line_1_20' title="bbox 584 1750 1958 1804; baseline -0.004 -12"><span class='ocrx_word' id='word_1_175' title='bbox 584 1755 697 1792; x_wconf 80' lang='lat' dir='ltr'>batur</span> <span class='ocrx_word' id='word_1_176' title='bbox 715 1754 840 1791; x_wconf 77' lang='lat' dir='ltr'>caveri</span> <span class='ocrx_word' id='word_1_177' title='bbox 861 1752 978 1804; x_wconf 84' lang='lat' dir='ltr'>poffe,</span> <span class='ocrx_word' id='word_1_178' title='bbox 1002 1762 1086 1790; x_wconf 87' lang='lat' dir='ltr'>tum</span> <span class='ocrx_word' id='word_1_179' title='bbox 1108 1752 1147 1788; x_wconf 91' lang='lat' dir='ltr'>id</span> <span class='ocrx_word' id='word_1_180' title='bbox 1169 1752 1317 1803; x_wconf 83' lang='lat' dir='ltr'>negligi</span> <span class='ocrx_word' id='word_1_181' title='bbox 1338 1750 1542 1787; x_wconf 75' lang='lat' dir='ltr'>dolebam:</span> <span class='ocrx_word' id='word_1_182' title='bbox 1573 1763 1678 1787; x_wconf 89' lang='lat' dir='ltr'>nunc</span> <span class='ocrx_word' id='word_1_183' title='bbox 1699 1763 1803 1794; x_wconf 86' lang='lat' dir='ltr'>vero,</span> <span class='ocrx_word' id='word_1_184' title='bbox 1826 1750 1958 1787; x_wconf 81' lang='lat' dir='ltr'>eversis</span> 
     </span>
     <span class='ocr_line' id='line_1_21' title="bbox 582 1815 1958 1868; baseline -0.004 -11"><span class='ocrx_word' id='word_1_185' title='bbox 582 1819 767 1857; x_wconf 86' lang='lat' dir='ltr'>omnibus</span> <span class='ocrx_word' id='word_1_186' title='bbox 790 1819 918 1862; x_wconf 84' lang='lat' dir='ltr'>rebus,</span> <span class='ocrx_word' id='word_1_187' title='bbox 950 1831 1042 1855; x_wconf 84' lang='lat' dir='ltr'>cum</span> <span class='ocrx_word' id='word_1_188' title='bbox 1063 1817 1224 1854; x_wconf 87' lang='lat' dir='ltr'>confilio</span> <span class='ocrx_word' id='word_1_189' title='bbox 1244 1816 1382 1868; x_wconf 89' lang='lat' dir='ltr'>profici</span> <span class='ocrx_word' id='word_1_190' title='bbox 1405 1815 1503 1852; x_wconf 88' lang='lat' dir='ltr'>nihil</span> <span class='ocrx_word' id='word_1_191' title='bbox 1526 1815 1653 1866; x_wconf 65' lang='lat' dir='ltr'>possit,</span> <span class='ocrx_word' id='word_1_192' title='bbox 1685 1828 1761 1852; x_wconf 90' lang='lat' dir='ltr'>una</span> <span class='ocrx_word' id='word_1_193' title='bbox 1781 1815 1878 1852; x_wconf 83' lang='lat' dir='ltr'>ratio</span> <span class='ocrx_word' id='word_1_194' title='bbox 1898 1815 1958 1852; x_wconf 81' lang='lat' dir='ltr'>vi-</span> 
     </span>
     <span class='ocr_line' id='line_1_22' title="bbox 582 1880 1957 1937; baseline -0.005 -14"><span class='ocrx_word' id='word_1_195' title='bbox 582 1885 708 1929; x_wconf 84' lang='lat' dir='ltr'>detur,</span> <span class='ocrx_word' id='word_1_196' title='bbox 731 1883 924 1937; x_wconf 65' lang='lat' dir='ltr'>quidqui‘d</span> <span class='ocrx_word' id='word_1_197' title='bbox 945 1883 1128 1926; x_wconf 88' lang='lat' dir='ltr'>evenerit,</span> <span class='ocrx_word' id='word_1_198' title='bbox 1150 1881 1249 1919; x_wconf 88' lang='lat' dir='ltr'>ferre</span> <span class='ocrx_word' id='word_1_199' title='bbox 1270 1881 1492 1924; x_wconf 79' lang='lat' dir='ltr'>moderate3</span> <span class='ocrx_word' id='word_1_200' title='bbox 1525 1880 1734 1932; x_wconf 65' lang='lat' dir='ltr'>praesertim</span> <span class='ocrx_word' id='word_1_201' title='bbox 1756 1893 1848 1917; x_wconf 91' lang='lat' dir='ltr'>cum</span> <span class='ocrx_word' id='word_1_202' title='bbox 1869 1893 1957 1917; x_wconf 89' lang='lat' dir='ltr'>om-</span> 
     </span>
     <span class='ocr_line' id='line_1_23' title="bbox 584 1945 1957 1991; baseline -0.005 -3"><span class='ocrx_word' id='word_1_203' title='bbox 584 1952 696 1989; x_wconf 89' lang='lat' dir='ltr'>nium</span> <span class='ocrx_word' id='word_1_204' title='bbox 723 1964 851 1988; x_wconf 88' lang='lat' dir='ltr'>rerum</span> <span class='ocrx_word' id='word_1_205' title='bbox 882 1963 985 1986; x_wconf 86' lang='lat' dir='ltr'>mors</span> <span class='ocrx_word' id='word_1_206' title='bbox 1014 1949 1059 1986; x_wconf 88' lang='lat' dir='ltr'>fit</span> <span class='ocrx_word' id='word_1_207' title='bbox 1090 1958 1338 1991; x_wconf 79' lang='lat' dir='ltr'>extremum3</span> <span class='ocrx_word' id='word_1_208' title='bbox 1371 1956 1409 1983; x_wconf 77' lang='lat' dir='ltr'>et</span> <span class='ocrx_word' id='word_1_209' title='bbox 1438 1945 1539 1983; x_wconf 89' lang='lat' dir='ltr'>mihi</span> <span class='ocrx_word' id='word_1_210' title='bbox 1567 1947 1634 1983; x_wconf 88' lang='lat' dir='ltr'>fim</span> <span class='ocrx_word' id='word_1_211' title='bbox 1656 1945 1847 1990; x_wconf 83' lang='lat' dir='ltr'>conscius,</span> <span class='ocrx_word' id='word_1_212' title='bbox 1879 1959 1957 1991; x_wconf 90' lang='lat' dir='ltr'>me,</span> 
     </span>
     <span class='ocr_line' id='line_1_24' title="bbox 583 2010 1956 2068; baseline -0.004 -16"><span class='ocrx_word' id='word_1_213' title='bbox 583 2015 711 2068; x_wconf 82' lang='lat' dir='ltr'>quoad</span> <span class='ocrx_word' id='word_1_214' title='bbox 731 2015 900 2057; x_wconf 86' lang='lat' dir='ltr'>licuerit,</span> <span class='ocrx_word' id='word_1_215' title='bbox 919 2013 1101 2064; x_wconf 84' lang='lat' dir='ltr'>dignitati</span> <span class='ocrx_word' id='word_1_216' title='bbox 1122 2012 1346 2064; x_wconf 62' lang='lat' dir='ltr'>reipublicae</span> <span class='ocrx_word' id='word_1_217' title='bbox 1367 2010 1621 2055; x_wconf 81' lang='lat' dir='ltr'>c011suluiffe;</span> <span class='ocrx_word' id='word_1_218' title='bbox 1645 2020 1697 2055; x_wconf 89' lang='lat' dir='ltr'>et,</span> <span class='ocrx_word' id='word_1_219' title='bbox 1720 2010 1792 2047; x_wconf 80' lang='lat' dir='ltr'>hac</span> <span class='ocrx_word' id='word_1_220' title='bbox 1813 2010 1956 2055; x_wconf 77' lang='lat' dir='ltr'>amissa,</span> 
     </span>
     <span class='ocr_line' id='line_1_25' title="bbox 583 2075 1958 2128; baseline -0.004 -10"><span class='ocrx_word' id='word_1_221' title='bbox 583 2081 746 2118; x_wconf 76' lang='lat' dir='ltr'>salutem</span> <span class='ocrx_word' id='word_1_222' title='bbox 767 2080 930 2116; x_wconf 86' lang='lat' dir='ltr'>retinere</span> <span class='ocrx_word' id='word_1_223' title='bbox 950 2078 1123 2115; x_wconf 79' lang='lat' dir='ltr'>voluifi‘e.</span> <span class='ocrx_word' id='word_1_224' title='bbox 1157 2078 1255 2114; x_wconf 78' lang='lat' dir='ltr'>Haec</span> <span class='ocrx_word' id='word_1_225' title='bbox 1275 2077 1419 2128; x_wconf 87' lang='lat' dir='ltr'>scripfi,</span> <span class='ocrx_word' id='word_1_226' title='bbox 1438 2089 1514 2113; x_wconf 92' lang='lat' dir='ltr'>non</span> <span class='ocrx_word' id='word_1_227' title='bbox 1538 2084 1580 2113; x_wconf 86' lang='lat' dir='ltr'>ut</span> <span class='ocrx_word' id='word_1_228' title='bbox 1600 2075 1647 2112; x_wconf 90' lang='lat' dir='ltr'>de</span> <span class='ocrx_word' id='word_1_229' title='bbox 1667 2089 1730 2113; x_wconf 87' lang='lat' dir='ltr'>me</span> <span class='ocrx_word' id='word_1_230' title='bbox 1751 2075 1829 2126; x_wconf 89' lang='lat' dir='ltr'>ipse</span> <span class='ocrx_word' id='word_1_231' title='bbox 1851 2075 1958 2113; x_wconf 84' lang='lat' dir='ltr'>dice-</span> 
     </span>
     <span class='ocr_line' id='line_1_26' title="bbox 585 2140 1959 2196; baseline -0.004 -13"><span class='ocrx_word' id='word_1_232' title='bbox 585 2159 681 2189; x_wconf 87' lang='lat' dir='ltr'>rem,</span> <span class='ocrx_word' id='word_1_233' title='bbox 703 2145 765 2183; x_wconf 89' lang='lat' dir='ltr'>sed</span> <span class='ocrx_word' id='word_1_234' title='bbox 787 2154 830 2182; x_wconf 90' lang='lat' dir='ltr'>ut</span> <span class='ocrx_word' id='word_1_235' title='bbox 851 2153 907 2189; x_wconf 90' lang='lat' dir='ltr'>tu,</span> <span class='ocrx_word' id='word_1_236' title='bbox 931 2144 999 2196; x_wconf 90' lang='lat' dir='ltr'>qui</span> <span class='ocrx_word' id='word_1_237' title='bbox 1019 2142 1328 2195; x_wconf 65' lang='lat' dir='ltr'>conjunctiffima</span> <span class='ocrx_word' id='word_1_238' title='bbox 1348 2141 1454 2178; x_wconf 86' lang='lat' dir='ltr'>fuisti</span> <span class='ocrx_word' id='word_1_239' title='bbox 1474 2155 1633 2178; x_wconf 86' lang='lat' dir='ltr'>mecum</span> <span class='ocrx_word' id='word_1_240' title='bbox 1653 2150 1691 2178; x_wconf 91' lang='lat' dir='ltr'>et</span> <span class='ocrx_word' id='word_1_241' title='bbox 1712 2140 1900 2178; x_wconf 83' lang='lat' dir='ltr'>sententia</span> <span class='ocrx_word' id='word_1_242' title='bbox 1920 2149 1959 2178; x_wconf 88' lang='lat' dir='ltr'>et</span> 
     </span>
     <span class='ocr_line' id='line_1_27' title="bbox 584 2205 1959 2261; baseline -0.004 -12"><span class='ocrx_word' id='word_1_243' title='bbox 584 2212 799 2255; x_wconf 80' lang='lat' dir='ltr'>voluntate,</span> <span class='ocrx_word' id='word_1_244' title='bbox 832 2209 965 2247; x_wconf 86' lang='lat' dir='ltr'>eadem</span> <span class='ocrx_word' id='word_1_245' title='bbox 992 2209 1195 2261; x_wconf 85' lang='lat' dir='ltr'>cogitares.</span> <span class='ocrx_word' id='word_1_246' title='bbox 1242 2208 1390 2259; x_wconf 77' lang='lat' dir='ltr'>Magna</span> <span class='ocrx_word' id='word_1_247' title='bbox 1409 2207 1514 2245; x_wconf 89' lang='lat' dir='ltr'>enim</span> <span class='ocrx_word' id='word_1_248' title='bbox 1535 2206 1748 2244; x_wconf 81' lang='lat' dir='ltr'>consolatio</span> <span class='ocrx_word' id='word_1_249' title='bbox 1768 2205 1834 2250; x_wconf 87' lang='lat' dir='ltr'>est,</span> <span class='ocrx_word' id='word_1_250' title='bbox 1866 2219 1959 2244; x_wconf 86' lang='lat' dir='ltr'>cum</span> 
     </span>
     <span class='ocr_line' id='line_1_28' title="bbox 584 2270 1958 2322; baseline -0.004 -9"><span class='ocrx_word' id='word_1_251' title='bbox 584 2275 796 2319; x_wconf 86' lang='lat' dir='ltr'>recordare,</span> <span class='ocrx_word' id='word_1_252' title='bbox 827 2274 943 2311; x_wconf 79' lang='lat' dir='ltr'>etiam</span> <span class='ocrx_word' id='word_1_253' title='bbox 966 2273 990 2311; x_wconf 90' lang='lat' dir='ltr'>fi</span> <span class='ocrx_word' id='word_1_254' title='bbox 1012 2273 1118 2311; x_wconf 86' lang='lat' dir='ltr'>secus</span> <span class='ocrx_word' id='word_1_255' title='bbox 1139 2271 1336 2316; x_wconf 85' lang='lat' dir='ltr'>acciderit,</span> <span class='ocrx_word' id='word_1_256' title='bbox 1358 2280 1396 2309; x_wconf 89' lang='lat' dir='ltr'>te</span> <span class='ocrx_word' id='word_1_257' title='bbox 1418 2280 1545 2309; x_wconf 78' lang='lat' dir='ltr'>tamen</span> <span class='ocrx_word' id='word_1_258' title='bbox 1567 2273 1665 2308; x_wconf 61' lang='lat' dir='ltr'>secie</span> <span class='ocrx_word' id='word_1_259' title='bbox 1686 2284 1850 2322; x_wconf 88' lang='lat' dir='ltr'>vereque</span> <span class='ocrx_word' id='word_1_260' title='bbox 1872 2270 1958 2308; x_wconf 91' lang='lat' dir='ltr'>sen-</span> 
     </span>
     <span class='ocr_line' id='line_1_29' title="bbox 583 2335 1958 2392; baseline -0.006 -12"><span class='ocrx_word' id='word_1_261' title='bbox 583 2341 676 2380; x_wconf 85' lang='lat' dir='ltr'>fiffe.</span> <span class='ocrx_word' id='word_1_262' title='bbox 720 2341 852 2392; x_wconf 87' lang='lat' dir='ltr'>Atque</span> <span class='ocrx_word' id='word_1_263' title='bbox 883 2339 1035 2376; x_wconf 82' lang='lat' dir='ltr'>utinam</span> <span class='ocrx_word' id='word_1_264' title='bbox 1066 2338 1181 2375; x_wconf 88' lang='lat' dir='ltr'>liceat</span> <span class='ocrx_word' id='word_1_265' title='bbox 1207 2336 1414 2389; x_wconf 85' lang='lat' dir='ltr'>aliquando</span> <span class='ocrx_word' id='word_1_266' title='bbox 1444 2336 1576 2387; x_wconf 83' lang='lat' dir='ltr'>aliquo</span> <span class='ocrx_word' id='word_1_267' title='bbox 1606 2335 1831 2388; x_wconf 88' lang='lat' dir='ltr'>reipublicae</span> <span class='ocrx_word' id='word_1_268' title='bbox 1862 2335 1958 2373; x_wconf 75' lang='lat' dir='ltr'>statu</span> 
     </span>
     <span class='ocr_line' id='line_1_30' title="bbox 583 2400 1958 2455; baseline -0.005 -11"><span class='ocrx_word' id='word_1_269' title='bbox 583 2419 654 2444; x_wconf 86' lang='lat' dir='ltr'>nos</span> <span class='ocrx_word' id='word_1_270' title='bbox 689 2404 782 2450; x_wconf 86' lang='lat' dir='ltr'>frui,</span> <span class='ocrx_word' id='word_1_271' title='bbox 824 2404 926 2441; x_wconf 86' lang='lat' dir='ltr'>inter</span> <span class='ocrx_word' id='word_1_272' title='bbox 960 2403 1105 2455; x_wconf 89' lang='lat' dir='ltr'>nosque</span> <span class='ocrx_word' id='word_1_273' title='bbox 1138 2401 1313 2440; x_wconf 82' lang='lat' dir='ltr'>conferre</span> <span class='ocrx_word' id='word_1_274' title='bbox 1347 2400 1629 2439; x_wconf 85' lang='lat' dir='ltr'>sollicitudines</span> <span class='ocrx_word' id='word_1_275' title='bbox 1664 2400 1822 2444; x_wconf 87' lang='lat' dir='ltr'>nostras,</span> <span class='ocrx_word' id='word_1_276' title='bbox 1864 2413 1958 2452; x_wconf 85' lang='lat' dir='ltr'>quas</span> 
     </span>
     <span class='ocr_line' id='line_1_31' title="bbox 583 2465 1959 2524; baseline -0.005 -14"><span class='ocrx_word' id='word_1_277' title='bbox 583 2470 818 2524; x_wconf 85' lang='lat' dir='ltr'>pertulimus</span> <span class='ocrx_word' id='word_1_278' title='bbox 847 2478 950 2515; x_wconf 89' lang='lat' dir='ltr'>tum,</span> <span class='ocrx_word' id='word_1_279' title='bbox 981 2481 1074 2507; x_wconf 88' lang='lat' dir='ltr'>cum</span> <span class='ocrx_word' id='word_1_280' title='bbox 1106 2467 1239 2506; x_wconf 82' lang='lat' dir='ltr'>timidi</span> <span class='ocrx_word' id='word_1_281' title='bbox 1268 2466 1516 2520; x_wconf 88' lang='lat' dir='ltr'>putabamur,</span> <span class='ocrx_word' id='word_1_282' title='bbox 1548 2467 1640 2518; x_wconf 89' lang='lat' dir='ltr'>quia</span> <span class='ocrx_word' id='word_1_283' title='bbox 1662 2465 1890 2504; x_wconf 82' lang='lat' dir='ltr'>dicebamus</span> <span class='ocrx_word' id='word_1_284' title='bbox 1917 2478 1959 2502; x_wconf 84' lang='lat' dir='ltr'>ea</span> 
     </span>
    </p>
   </div>
  </div>
 </body>
</html>
