2351 2997
608 215 700 254 AD
760 201 1226 250 FAMILIARES
1286 198 1419 237 LIB.
1471 196 1523 235 X.
1684 193 1759 246 265

382 319 490 371 spero
514 313 697 368 equidem
730 308 905 360 reliqua:
938 304 1014 342 hoc
1035 315 1124 340 vero
1145 307 1296 337 certum
1317 295 1475 339 habeto,
1507 293 1575 331 nisi
1606 292 1673 330 ille
1693 305 1760 328 ve-

381 394 533 421 teranos
568 378 743 418 celeriter
777 368 1068 424 conscripsisset,
1104 363 1353 418 legionesque
1388 361 1471 398 duce
1507 359 1553 396 de
1587 356 1762 396 exercitu

383 446 550 486 Antonii
578 443 624 481 ad
653 443 736 494 ejus
766 439 802 477 se
828 436 1098 476 auetoritatem
1130 427 1395 471 contuliffent,
1426 434 1542 477 atque
1573 423 1605 460 is
1635 434 1761 473 oppo--

383 513 475 550 situs
496 509 585 548 effet
607 518 728 546 terror
748 503 940 546 Antonio,
973 498 1074 538 nihil
1097 495 1320 534 Antonium
1341 490 1508 534 sceleris,
1540 487 1641 526 nihil
1671 499 1761 523 cru-

383 575 569 619 delitatis,
602 570 892 625 praeteriturum
912 564 1038 603 fuisse.
1085 562 1183 599 Haec
1214 558 1289 596 tibi
1318 556 1384 593 etfi
1412 553 1542 592 audita
1568 551 1638 590 effe
1659 550 1763 588 arbim

384 640 526 684 trahar,
558 637 665 677 volui
687 645 817 673 tamen
845 631 996 670 notiora
1022 627 1108 665 effe.
1155 624 1273 662 Plura
1301 620 1482 663 scribam,
1514 619 1539 656 fi
1573 617 1661 669 plus
1692 614 1765 653 otii

384 705 571 744 habuero.
605 701 714 740 Vale.

700 900 941 937 CICERO
982 894 1193 931 Ammo
1235 888 1457 924 BALBO,

393 1031 548 1071 XXIX.
574 1029 694 1102 DE
717 1039 804 1064 meo
825 1023 951 1062 studio
971 1032 1060 1071 erga
1079 1017 1241 1055 salutem
1257 1023 1295 1052 et
1315 1007 1631 1051 incolumitatem
1648 1014 1769 1049 tuam,

683 1091 798 1130 credo
826 1099 864 1128 te
894 1085 1073 1139 cognosse
1100 1096 1147 1120 ex
1176 1080 1299 1118 literis
1325 1087 1512 1117 tuorum;
1544 1072 1690 1124 quibus
1712 1083 1774 1108 me

395 1161 696 1208 cumulatiffime
723 1155 942 1196 satisfeciffe
974 1159 1080 1190 certo
1110 1148 1214 1186 scio:
1249 1159 1319 1183 nec
1346 1142 1408 1181 his
1429 1138 1617 1183 concedo,
1648 1150 1774 1189 quan-

397 1242 516 1282 quam
536 1227 624 1265 sunt
645 1222 826 1275 singulari
856 1221 897 1257 in
926 1228 962 1256 te
990 1212 1274 1256 benevolentia,
1305 1218 1350 1247 ut
1379 1218 1416 1246 te
1447 1205 1594 1244 salvum
1620 1202 1776 1245 malint,

397 1307 516 1346 quam
536 1306 623 1344 ego.
657 1290 722 1328 Illi
742 1286 844 1326 mihi
865 1283 1010 1322 necesse
1030 1280 1083 1318 est
1103 1277 1332 1319 concedant,
1366 1282 1409 1311 ut
1430 1271 1504 1309 tibi
1524 1269 1628 1322 plus,
1659 1280 1777 1319 quam

397 1359 482 1411 ipsi,
514 1357 590 1395 hoc
619 1365 794 1406 tempore
821 1349 991 1404 prodeffe
1018 1345 1184 1398 poffim;
1217 1340 1323 1394 quod
1354 1337 1516 1391 quidem
1548 1347 1619 1372 nec
1651 1331 1780 1370 destiti

397 1424 535 1468 facere,
567 1435 638 1460 nec
672 1418 872 1457 desistam:
904 1424 943 1453 et
971 1414 1056 1465 jam
1090 1411 1130 1448 in
1165 1408 1335 1446 maxima
1368 1418 1408 1442 re
1441 1401 1533 1446 feci,
1564 1409 1603 1437 et
1634 1396 1779 1437 funda-

401 1497 532 1528 menta
558 1486 638 1540 jeci
669 1484 800 1523 salutis
834 1490 923 1519 tuae.
974 1479 1041 1516 Tu
1071 1474 1132 1513 fac
1165 1473 1270 1511 bono
1301 1470 1433 1508 animo
1465 1477 1688 1518 magnoque
1717 1463 1780 1507 fis,

401 1566 541 1605 meque
573 1551 647 1590 tibi
678 1549 788 1588 nulla
818 1535 858 1586 re
890 1543 1119 1584 defuturum
1151 1538 1223 1577 effe
1254 1534 1441 1576 confidas.
1488 1529 1619 1570 Pridie
1645 1529 1781 1568 Nonas

403 1617 620 1671 Qintiles.

754 1816 979 1854 GALBA
1021 1809 1342 1847 CICERONi
1396 1800 1433 1837 S,

407 1948 540 1988 XXX.
565 1939 789 2019 SEPTI
791 1942 846 1981 M
850 1939 997 1979 O-DE
1009 1938 1042 1976 C
1048 1936 1131 1974 [Μ
1134 1935 1167 1972 O
1197 1929 1351 1971 Kalend.
1374 1927 1486 1970 Maii,
1507 1938 1572 1977 quo
1590 1922 1643 1961 die
1663 1923 1747 1961 Pan
1763 1923 1786 1958 ξε

651 2010 688 2047 in
708 2006 830 2059 castris
850 2003 977 2046 Hirtii
992 2010 1074 2040 erat
1077 2000 1254 2053 futurus,
1275 2009 1353 2035 cum
1373 2007 1438 2047 quo
1458 2003 1518 2044 ego
1538 2002 1650 2033 eram,
1681 1986 1706 2041 ί
1707 1999 1790 2024 nam

408 2079 441 2119 ei
456 2078 596 2118 obviam
608 2071 839 2128 procff’ram
858 2069 968 2108 millia
982 2065 1143 2121 paſjicum
1162 2071 1316 2106 centum,
1338 2074 1403 2114 quo
1423 2056 1602 2097 maturius
1621 2048 1790 2103 veniret)

410 2142 591 2183 Antonius
610 2138 756 2192 legiones
776 2135 897 2176 eduxit
917 2133 1018 2177 duas,
1033 2128 1230 2183 fecundam
1258 2135 1292 2165 et
1315 2119 1723 2178 quintam·tricesimam,
1755 2124 1791 2155 et

409 2210 566 2249 cohortes
590 2203 787 2259 praetorias
818 2201 918 2244 duas,
951 2211 1056 2237 unam
1073 2197 1198 2248 suam,
1228 2192 1381 2231 alteram
1410 2188 1537 2232 Silani,
1567 2192 1795 2224 evocatorum

405 2265 566 2328 partem.
597 2272 660 2310 Ita
680 2267 819 2307 obviam
839 2264 942 2320 venit
960 2262 1068 2306 nobis,
1099 2258 1192 2314 quod
1213 2272 1273 2297 nos
1293 2263 1448 2310 quatuor
1466 2252 1612 2305 legiones
1639 2249 1795 2288 tironum

413 2336 665 2389 haberesblum
684 2332 955 2388 arbitrabatur,
1003 2327 1075 2367 Sed
1088 2327 1206 2368 ηοᾰῖιι,
1237 2337 1301 2376 quo
1328 2320 1444 2360 tutius
1461 2317 1586 2357 venire
1606 2316 1648 2353 *in
1680 2312 1796 2364 cestra

407 2402 589 2458 poſjemus,
633 2399 798 2452 legionem
830 2395 1030 2439 Martiam,
1073 2391 1134 2430 cui
1166 2404 1226 2443 ego
1259 2385 1403 2441 praa-‘ff’
1424 2383 1594 2437 solebam,
1640 2388 1675 2418 et
1709 2377 1798 2415 duas

414 2470 574 2510 cohortes
598 2463 812 2518 praetorias,
841 2462 984 2516 miserat
1019 2456 1170 2500 Hirtius
1205 2453 1315 2494 nohis.
1363 2453 1458 2490 Cam*
1484 2447 1615 2501 equites
1646 2440 1803 2484 Antonii

498 2534 636 2573 ToM.
668 2529 763 2569 VII.
1424 2516 1456 2553 L
1487 2514 1499 2551 l
