2351 2997
597 270 690 307 AD
748 267 1212 307 FAMILIARES
1272 270 1405 309 LIB.
1456 272 1528 310 XI.
1683 289 1754 326 291

370 375 463 421 paro
477 380 487 405 .·
496 367 600 420 spero
620 381 672 404 me
691 381 756 405 non
769 367 941 420 pffmum
963 367 1152 406 exercitum
1172 367 1376 407 habiturum
1397 369 1449 407 ad
1465 384 1578 408 omnes
1598 370 1694 422 cqfics
1721 381 1754 408 et

379 433 525 486 impetus
546 432 733 470 hominum.
766 434 829 471 De
848 434 1014 480 exercitu,
1047 448 1146 487 quem
1168 436 1252 472 Pan
1269 450 1292 472 a
1312 435 1449 482 habuit,
1483 436 1647 488 legionem
1669 436 1757 473 mihi

378 497 506 551 Caesar
525 511 591 535 non
612 498 773 536 remittit.
811 498 880 536 Ad
895 499 960 536 has
980 499 1102 537 literas
1104 499 1233 552 statim
1255 501 1344 538 mihi
1362 501 1519 553 rescribe,
1553 512 1756 555 tuo-rumque

379 562 529 615 aliquem
551 563 664 609 mitte,
681 564 720 616 st
748 563 836 616 quid
857 563 1070 602 reconditmn
1098 565 1213 616 magis
1233 566 1317 614 erit,
1352 580 1470 620 meque
1477 566 1575 619 scire
1595 575 1677 619 opus
1697 566 1755 617 ‘ff‘’

372 627 529 681 putaris.
560 629 660 667 Vale.
692 643 759 666 vm.
785 629 874 667 Kal.
895 628 988 682 Jcm.
1013 629 1205 682 Eporedia.

573 828 637 867 M.
669 829 723 867 T.
757 829 806 866 C.
839 829 894 866 D.
927 829 1139 867 BRUTO
1182 829 1312 868 Imp.
1355 831 1392 869 S.
1426 831 1471 869 P.
1505 831 1558 869 D.

377 957 493 994 XXL
518 955 659 1027 DII
690 957 750 995 isti
773 957 930 1009 Segulio
951 956 1213 1002 malefaciant,
1239 958 1395 997 homini
1417 959 1648 1011 nequiffimo
1669 973 1757 997 om-

618 1023 744 1067 nium,
764 1023 833 1074 qui
855 1022 957 1067 sunt,
976 1023 1044 1074 qui
1066 1022 1240 1068 fuerunt,
1258 1025 1328 1076 qui
1349 1024 1474 1062 futuri
1495 1025 1595 1063 sunt.
1620 1026 1756 1075 Qid?

379 1096 421 1124 tu
442 1087 558 1125 illum
580 1096 712 1126 tecum
733 1088 873 1133 solum,
905 1097 971 1126 aut
991 1102 1084 1126 cum
1106 1089 1265 1134 Caesare,
1288 1092 1357 1142 qui
1379 1092 1577 1128 neminem
1599 1101 1758 1143 praeter-

377 1152 539 1197 miserit,
571 1153 735 1204 quicum
766 1153 875 1204 loqui
906 1154 1092 1205 potuerit,
1124 1155 1188 1191 cui
1220 1168 1299 1192 non
1328 1156 1460 1193 eadem
1490 1156 1557 1193 ista
1581 1156 1756 1194 dixerit?

377 1218 439 1255 Te
460 1226 604 1263 tamen,
635 1218 692 1255 mi
714 1219 846 1263 Brute,
870 1219 919 1256 fic
941 1232 1044 1263 amo,
1067 1229 1109 1256 ut
1130 1219 1266 1265 debeo,
1290 1221 1396 1273 quod
1416 1221 1531 1266 istud,
1564 1222 1758 1274 quidquid

376 1281 467 1319 effet
485 1296 692 1334 nugarum,
710 1297 772 1320 me
794 1283 888 1320 scire
904 1283 1079 1321 voluisti:
1104 1284 1258 1336 signum
1278 1287 1385 1323 enim
1406 1299 1595 1338 magnum
1615 1287 1758 1324 amoris

376 1348 527 1387 dedisti.
561 1350 666 1387 Nam
687 1350 794 1401 quod
814 1350 919 1387 idem
941 1350 1136 1401 Segulius,
1159 1360 1357 1390 veteranos
1377 1354 1501 1404 queri,
1530 1353 1635 1404 quod
1657 1363 1698 1390 tu
1720 1363 1759 1391 et

377 1413 501 1451 Caesar
521 1414 562 1451 in
583 1414 813 1452 decemviris
835 1428 913 1452 non
934 1415 1057 1453 effetis
1075 1434 1086 1460 ;
1111 1415 1263 1454 utinam
1284 1431 1331 1455 ne
1351 1432 1423 1469 ego
1444 1418 1605 1470 quidem
1626 1418 1756 1457 effem.

377 1479 486 1530 Qid
506 1479 613 1516 enim
634 1479 857 1517 molestius?
882 1479 954 1517 Sed
976 1489 1105 1518 tamen
1126 1494 1219 1519 cum
1240 1495 1312 1534 ego
1333 1481 1536 1528 sensissem,
1559 1483 1605 1520 de
1626 1484 1673 1521 iis
1690 1484 1759 1535 qui

374 1545 569 1582 exercitus
590 1543 793 1590 haberent,
825 1545 1056 1584 sententiam
1080 1545 1173 1584 ferri
1193 1557 1399 1600 oportere;
1431 1548 1552 1587 iidem
1580 1549 1657 1594 illi,
1689 1549 1759 1601 qui

375 1607 516 1654 solent,
534 1610 807 1648 reclamarunt.
841 1612 977 1663 Itaque
997 1613 1152 1665 excepti
1172 1614 1290 1651 etiam
1310 1614 1412 1660 estis,
1430 1629 1493 1653 me
1507 1614 1760 1653 vehementer

375 1684 631 1727 repugnante.
678 1676 877 1727 roirca
910 1677 1115 1729 Segulium
1150 1679 1409 1730 negligamus,
1446 1681 1515 1732 qui
1548 1694 1605 1718 res
1640 1694 1757 1719 novas

375 1741 535 1793 quaerit;
559 1755 637 1779 non
658 1755 737 1793 quo
757 1752 926 1780 veterem
946 1743 1175 1789 comederit,
1196 1745 1367 1796 (nullam
1387 1747 1493 1784 enirn
1514 1745 1671 1796 habuit)
1696 1747 1759 1784 sed

363 1803 477 1844 *hanc
498 1806 620 1859 ipsam
647 1816 843 1845 recentem
871 1821 1012 1846 novam
1039 1809 1250 1848 devoravit.
1297 1811 1417 1863 Qod
1446 1820 1576 1850 autem
1605 1812 1756 1857 scribis,

377 1881 429 1917 te,
460 1873 567 1925 quod
587 1886 658 1925 pro
678 1882 716 1911 te
740 1874 823 1926 ipso
853 1887 932 1912 non
952 1873 1085 1920 facias,
1116 1876 1157 1912 id
1178 1889 1248 1928 pro
1268 1890 1345 1921 me,
1377 1886 1421 1915 ut
1453 1878 1499 1915 de
1528 1892 1592 1915 me
1620 1879 1758 1918 timeas

376 1937 553 1990 aliquid,
585 1939 696 1976 omni
718 1948 769 1984 te,
792 1940 850 1977 vir
870 1939 1034 1992 optime,
1057 1940 1238 1993 mihique
1257 1942 1444 1980 cariffime
1465 1945 1598 1988 Brute,
1627 1943 1674 1981 de
1694 1957 1759 1983 me

376 2013 485 2041 metu
506 2004 645 2042 libero.
679 2006 767 2056 Ego
786 2005 908 2051 enim,
932 2020 1017 2058 quae
1038 2007 1232 2058 provideri
1253 2017 1453 2059 poterunt,
1485 2022 1564 2046 non
1584 2008 1696 2047 fallar
1717 2010 1758 2047 in

375 2070 444 2114 iis;
467 2084 553 2122 quae
573 2071 796 2108 cautionem
818 2085 896 2109 non
917 2070 1135 2118 habebunt,
1154 2073 1200 2110 de
1221 2073 1282 2112 his
1303 2088 1383 2112 non
1403 2075 1456 2113 ita
1476 2076 1586 2113 valde
1605 2076 1755 2116 laboro.

377 2135 459 2172 Sim
480 2135 586 2172 enim
607 2135 831 2187 impudenS,
863 2137 888 2174 fi
909 2137 998 2188 plus
1020 2138 1227 2189 postulem,
1259 2153 1377 2192 quam
1398 2140 1555 2179 homini
1581 2155 1602 2179 a
1628 2156 1757 2180 rerum

377 2209 512 2238 natura
533 2201 655 2238 tribui
676 2201 813 2253 potest.
860 2203 979 2253 Qod
1010 2203 1111 2241 mihi
1142 2205 1321 2257 praecipis
1354 2216 1397 2244 ut
1426 2221 1596 2252 caveam,
1629 2221 1676 2245 ne
1704 2208 1757 2245 ti-

377 2266 520 2303 mendo
541 2268 663 2318 magis
685 2267 822 2304 timere
842 2281 985 2320 cogar,
1017 2279 1056 2306 et
1083 2269 1272 2321 sapienter
1298 2280 1336 2309 et
1366 2273 1593 2311 amicissime
1619 2274 1758 2326 praeci-

376 2332 451 2383 pis.
499 2331 570 2368 Sed
601 2332 719 2370 velim
750 2333 824 2370 tibi
854 2334 1091 2385 persuadeas,
1123 2349 1215 2373 cum
1246 2346 1282 2374 te
1302 2337 1450 2376 constet
1471 2339 1660 2376 excellere
1680 2338 1757 2376 hoc

375 2408 514 2447 genere
535 2397 706 2453 virtutis,
739 2406 782 2434 ut
803 2411 1004 2450 nunquam
1025 2401 1267 2445 extimescas,
1291 2415 1494 2454 nunquam
1517 2405 1754 2455 perturbere,

377 2474 440 2498 me
474 2460 568 2499 huic
601 2471 676 2500 tuae
708 2463 845 2500 virtuti
877 2465 1055 2515 proxime
1086 2467 1301 2505 accedereq
1327 2469 1597 2519 Qamobrem
1633 2482 1757 2520 neque

377 2535 553 2564 metuam
574 2527 807 2580 quidquam,
837 2537 876 2566 et
901 2531 1044 2568 cavebo
1072 2532 1217 2569 omnia.
1265 2533 1337 2569 Sed
1368 2533 1469 2577 vide,
1500 2547 1548 2571 ne
1569 2543 1634 2571 tua
1656 2535 1755 2585 jam,

1314 2597 1457 2635 002
