2351 2997
603 285 695 324 AD
751 281 1223 322 FAMILIARES
1281 283 1415 323 LIB.
1465 285 1560 323 VII.
1698 299 1765 339 171

702 516 932 554 C1cERo
962 518 1286 556 TREBATIO
1329 519 1365 556 S.
1400 519 1453 556 D.

391 642 548 681 XVIII.
569 641 685 714 AC
700 644 732 681 C
747 644 780 682 E
797 645 857 682 ΡΙ
887 658 907 681 a
927 653 964 682 te
984 644 1135 696 aliquot
1155 645 1332 696 epistolas
1355 659 1434 682 uno
1454 654 1644 698 tempore,
1675 658 1769 697 quas

678 717 720 746 tu
742 709 895 746 diverfis
918 710 1161 760 temporibus
1183 709 1352 754 dederas,
1384 711 1424 747 in
1445 711 1588 762 quibus
1610 725 1673 748 me
1694 724 1769 748 cae-

391 782 471 811 tera
486 774 743 812 delectarunt:
763 774 1031 825 significabant
1047 774 1168 819 enim,
1185 784 1222 812 te
1237 775 1348 812 istam
1364 775 1549 813 militiam
1561 778 1643 828 jam
1656 776 1771 813 firmo

390 840 522 876 animo
536 838 648 883 ferre,
663 848 701 876 et
717 838 788 876 effe
803 838 946 877 fortem
960 840 1088 877 virum
1101 848 1142 877 et
1158 839 1417 878 constantem:
1437 855 1523 893 quae
1538 855 1610 893 ego
1625 841 1770 894 paulis-

390 916 459 955 per
478 904 519 940 in
541 912 578 941 te
597 904 651 941 ita
671 903 890 949 defideravi‚
923 917 1000 941 non
1024 905 1297 942 imbecillitate
1317 905 1438 942 animi
1460 907 1532 950 tui,
1565 905 1627 943 sed
1648 906 1770 956 magis

391 977 436 1006 ut
456 968 641 1006 defiderio
662 968 780 1006 nostri
799 978 837 1006 te
854 969 1006 1007 aestuare
1023 978 1215 1022 putarem.
1244 971 1373 1021 Qare
1389 984 1519 1023 perge,
1538 980 1581 1008 ut
1597 970 1768 1023 coepisti:

391 1033 486 1072 forti
506 1035 637 1072 animo
658 1034 767 1072 istam
789 1035 909 1072 tolera
929 1036 1128 1073 militiam.
1163 1036 1310 1080 Multa,
1333 1035 1433 1074 mihi
1455 1037 1581 1082 crede,
1599 1037 1770 1088 affeque-

391 1113 458 1137 re:
491 1113 563 1152 ego
592 1100 698 1137 enim
729 1101 921 1138 renovabo
950 1101 1348 1146 commendationem,
1380 1101 1442 1139 sed
1474 1111 1662 1155 tempore.
1709 1104 1772 1142 Sic

391 1162 549 1208 habeto,
581 1177 659 1201 non
681 1163 753 1201 tibi
776 1164 913 1216 majori
934 1164 1004 1202 effe
1025 1179 1139 1209 curae,
1172 1174 1216 1202 ut
1245 1165 1312 1203 iste
1342 1174 1431 1203 tuus
1461 1179 1481 1203 a
1509 1180 1572 1204 me
1593 1166 1771 1206 discessus

391 1241 512 1280 quam
546 1227 864 1267 fruftuofiffimus
900 1229 974 1267 tibi
1009 1230 1068 1275 fit,
1104 1243 1223 1282 quam
1258 1230 1374 1269 mihi.
1425 1232 1575 1283 Itaque,
1616 1233 1772 1284 quando

390 1294 520 1332 vestrae
540 1295 739 1332 cautiones
761 1295 925 1333 infirmae
946 1295 1049 1340 sunt,
1081 1296 1305 1333 Graeculam
1329 1296 1404 1334 tibi
1433 1297 1519 1335 mifi
1549 1299 1772 1336 cautionem

391 1358 646 1412 chirographi
667 1361 759 1398 mei.
794 1362 862 1398 Tu
883 1374 945 1398 me
965 1360 1084 1399 velim
1104 1361 1152 1398 de
1173 1361 1320 1399 ratione
1341 1362 1488 1400 Gallici
1511 1362 1605 1401 belli
1626 1364 1769 1401 certio·

391 1437 473 1461 rem
494 1423 626 1462 facias.
665 1426 753 1476 Ego
773 1425 879 1462 enim
901 1425 1143 1477 ignaviffimo
1163 1426 1307 1478 cuique
1327 1428 1539 1465 maximam
1560 1428 1678 1466 fidem
1698 1428 1770 1466 ha-

393 1490 479 1528 beo.
513 1490 599 1535 Sed,
631 1498 675 1528 ut
695 1490 742 1527 ad
762 1490 939 1543 epistolas
961 1499 1044 1529 tuas
1066 1491 1231 1537 redeam,
1255 1500 1390 1530 caetera
1410 1493 1511 1530 belle
1530 1509 1538 1531 :
1571 1494 1671 1532 illud
1692 1495 1769 1532 mi-

392 1568 481 1593 ror:
505 1556 593 1607 quis
615 1555 710 1593 solet
730 1555 867 1593 eodem
887 1556 1069 1609 exemplo
1088 1556 1218 1609 plures
1239 1557 1341 1602 dare,
1364 1558 1431 1609 qui
1453 1558 1517 1596 sua
1537 1573 1655 1596 manu
1676 1560 1770 1598 scri-

392 1620 452 1658 bit
471 1621 483 1658 ?
516 1621 622 1658 Nam
649 1621 756 1673 quod
775 1621 815 1658 in
836 1621 1097 1674 palimpsesto,
1128 1621 1244 1660 laudo
1264 1623 1447 1674 equidem
1468 1624 1740 1676 parfimoniam
1759 1641 1768 1664 ε

393 1686 456 1723 sed
486 1687 621 1731 miror,
651 1686 748 1738 quid
768 1687 808 1723 in
830 1687 898 1724 illa
916 1687 1093 1725 chartula
1113 1687 1246 1733 fuerit,
1278 1689 1384 1741 quod
1416 1690 1542 1728 delere
1571 1692 1769 1737 malueris,

394 1764 512 1803 quam
532 1750 615 1789 haec
636 1751 814 1796 scribere,
847 1752 915 1790 nifi
937 1752 1037 1790 forte
1059 1761 1142 1790 tuas
1163 1753 1366 1792 formulas.
1413 1755 1508 1792 Non
1538 1756 1645 1793 enim
1673 1766 1772 1809 puto

393 1825 432 1854 te
453 1830 555 1854 meas
577 1817 753 1869 epistolas
775 1817 914 1862 delere,
933 1827 977 1855 ut
997 1831 1156 1870 reponas
1178 1827 1276 1857 tuas.
1309 1820 1372 1856 An
1390 1818 1466 1857 hoc
1482 1820 1689 1872 fignificas,
1708 1823 1771 1860 ni-

392 1880 452 1919 hil
474 1881 583 1919 fieri?
606 1881 748 1933 frigere
769 1884 833 1920 te?
856 1897 902 1920 ne
923 1882 1097 1921 chartam
1113 1884 1274 1936 quidem
1297 1885 1369 1922 tibi
1392 1885 1660 1937 suppeditare?
1683 1890 1773 1939 Jam

393 1946 462 1984 ista
493 1956 559 1984 tua
589 1948 705 1999 culpa
736 1948 803 1993 est,
834 1949 903 2000 qui
935 1950 1207 1987 verecundiam
1241 1959 1372 1987 tecum
1403 1952 1604 1997 extuleris,
1635 1962 1673 1991 et
1694 1968 1773 1992 non

394 2012 460 2050 hic
482 2012 688 2051 nobiscum
710 2014 925 2065 reliqueris.
974 2016 1060 2066 Ego
1089 2024 1124 2052 te
1155 2015 1290 2060 Balbo,
1322 2029 1414 2053 cum
1441 2016 1487 2053 ad
1508 2031 1574 2055 vos
1595 2019 1773 2070 proficis-

393 2087 517 2122 cetur,
536 2092 642 2116 more
663 2080 844 2117 Romano
865 2080 1164 2118 commendabo.
1198 2082 1279 2126 Tu,
1298 2081 1322 2118 fi
1346 2081 1594 2120 intervallum
1617 2085 1773 2136 longius

392 2143 467 2180 erit
488 2156 659 2181 mearum
681 2144 896 2188 literarum,
919 2134 967 2182 rie
987 2146 1032 2183 fis
1053 2146 1262 2184 admiratus
1282 2161 1290 2184 :
1314 2160 1417 2184 eram
1438 2148 1544 2185 enim
1566 2149 1772 2189 abfuturus

394 2208 525 2245 mense
546 2209 691 2260 Aprili.
729 2209 811 2246 Has
833 2209 962 2247 literas
984 2210 1112 2262 scripsi
1135 2211 1174 2248 in
1197 2211 1425 2264 Pomptino,
1457 2226 1548 2251 cum
1570 2215 1615 2251 ad
1636 2216 1773 2254 villam

394 2273 566 2310 Metrilii
587 2273 832 2311 Philemonis
853 2274 1086 2313 divertissem
1105 2291 1114 2314 ε
1146 2289 1194 2314 ex
1221 2291 1297 2329 qua
1311 2278 1393 2328 jam
1419 2278 1613 2317 audieram
1634 2280 1771 2319 fremi-

394 2347 483 2377 tum
520 2338 728 2377 clientium
762 2353 955 2386 meorum,
991 2354 1088 2392 quos
1124 2341 1285 2393 quidem
1325 2352 1367 2379 tu
1403 2342 1503 2380 mihi
1542 2346 1769 2385 conciliasti.

396 2403 503 2441 Nam
525 2403 690 2441 Ulubris
712 2403 871 2442 honoris
893 2406 971 2444 mei
991 2406 1100 2443 causa
1121 2407 1201 2443 vim
1227 2408 1440 2445 maximam
1467 2410 1773 2448 ranunculorum

398 2468 434 2506 se
467 2469 677 2506 commoffe
706 2469 917 2510 consta-bat.
965 2473 1070 2510 Cura
1101 2481 1144 2510 ut
1175 2474 1312 2512 valeas.
1349 2487 1409 2511 vl.
1446 2474 1530 2513 idus
1564 2476 1692 2527 April.
1728 2477 1773 2513 de

398 2534 626 2585 Pomptino„

1386 2605 1474 2642 Y2
