2351 2997
617 267 709 304 AD
767 263 1232 303 FAMILIARES
1291 266 1425 306 LIB.
1475 269 1548 307 IV.
1725 273 1774 325 87

393 378 512 417 reque
527 364 761 416 principem,
780 364 997 402 necestitate
1013 365 1216 404 cedentem
1234 368 1426 419 tempori;
1449 368 1504 405 sin
1521 377 1650 407 autem
1668 371 1776 408 nulla

393 430 453 474 fit,
483 428 591 467 hunc
619 437 749 466 tamen
777 429 1015 480 aptiffimum
1042 430 1113 468 effe
1144 431 1261 468 etiam
1289 432 1336 469 ad
1362 433 1602 471 exulandum
1622 435 1771 475 locum.

393 494 434 532 Si
454 494 561 532 enim
588 493 809 532 libertatem
830 494 1058 547 sequimur,
1090 496 1159 548 qui
1180 497 1289 534 locus
1311 496 1387 535 hoc
1409 498 1613 537 dominatu
1633 511 1741 539 vacat
1759 503 1773 539 ?

392 559 448 597 fin
478 559 793 611 qualemcunque
822 560 956 598 locum
973 579 984 605 3
1017 574 1101 612 quae
1125 561 1178 598 est
1198 561 1408 600 domestica
1427 563 1512 601 sede
1526 565 1741 616 jucundior
1759 568 1772 604 ?

393 624 465 662 Sed
486 623 588 662 mihi
608 624 734 669 crede,
766 625 883 662 etiam
904 625 936 662 is
957 627 1026 677 qui
1046 626 1179 663 omnia
1199 635 1320 672 tenet,
1346 627 1448 665 favet
1468 629 1637 680 ingeniis
1657 646 1665 668 :
1698 645 1771 669 no-

392 690 588 728 bilitatem
609 704 698 728 vero
718 698 756 728 et
777 690 985 741 dignitates
1006 690 1233 736 hominum,
1251 702 1443 744 quantum
1464 694 1499 730 ei
1520 707 1578 731 res
1599 704 1637 732 et
1657 696 1773 748 ipfius

391 756 502 793 causa
522 756 717 800 concedit,
749 755 1012 807 amplectitur.
1045 757 1117 794 Sed
1137 758 1263 809 plura,
1295 772 1413 810 quam
1434 759 1652 798 statueram.
1690 763 1772 799 Re—

390 820 464 858 deo
493 834 585 872 ergo
614 820 660 857 ad
690 833 815 858 unum
849 820 964 865 illud,
996 835 1059 859 me
1094 831 1208 860 tuum
1243 822 1342 861 effe:
1375 822 1459 861 fore
1493 837 1586 862 cum
1622 825 1714 870 tuis,
1746 827 1771 865 fi

390 885 511 923 modo
530 894 644 923 erunt
666 885 752 930 tui;
784 885 839 922 sm
869 886 1016 931 minus,
1048 900 1111 925 me
1139 896 1241 925 certe
1270 888 1312 925 in
1342 889 1527 928 omnibus
1549 890 1662 928 rebus
1684 891 1771 930 satis

390 950 526 989 nostrae
546 951 816 1003 conjunctioni
836 952 1038 1005 amorique
1057 952 1268 992 facturum.
1304 954 1415 992 Vale.

644 1151 708 1190 M.
741 1152 794 1190 T.
828 1153 877 1190 C.
910 1152 973 1190 M.
1007 1152 1351 1192 MARCELLO
1393 1156 1430 1193 S.
1463 1155 1518 1193 D.

392 1276 466 1315 IX.
485 1275 550 1347 E
566 1277 604 1314 T
620 1277 641 1314 S
657 1278 675 1315 I
704 1280 905 1332 perpaucis
926 1288 1014 1317 ante
1035 1279 1172 1318 diebus
1194 1280 1373 1319 dederam
1395 1283 1461 1334 Q
1474 1282 1615 1320 Mucio
1642 1283 1772 1322 literas

567 1341 614 1379 ad
630 1351 667 1380 te
682 1343 862 1395 pluribus
879 1344 1005 1382 verbis
1022 1344 1196 1397 scriptas,
1215 1346 1360 1397 quibus
1378 1346 1672 1394 declaraveram,
1692 1363 1772 1402 quo

391 1416 430 1445 te
446 1408 577 1446 animo
593 1407 787 1447 censerem
803 1409 874 1447 effe
890 1418 1081 1462 oportere,
1099 1419 1138 1447 et
1154 1410 1251 1462 quid
1273 1412 1346 1449 tibi
1366 1411 1590 1451 faciendum
1606 1415 1771 1453 arbitra-

390 1486 473 1519 ἵει-5
496 1482 625 1512 tamen
646 1487 739 1512 cum
759 1474 1027 1528 Theophilus,
1045 1475 1209 1514 libertus
1231 1485 1337 1522 tuus,
1354 1477 1676 1529 proficisceretur,
1698 1494 1770 1518 cu-

383 1538 451 1589 jus
471 1553 544 1591 ego
564 1538 683 1577 fidem
702 1553 791 1592 erga
810 1549 848 1578 te
868 1540 1259 1592 benevolentiamque
1278 1542 1558 1594 perspexeram,
1576 1544 1653 1582 fine
1674 1545 1771 1583 meis

390 1603 513 1642 literis
533 1618 625 1642 eum
644 1604 690 1641 ad
712 1613 748 1642 te
768 1606 898 1643 venire
918 1606 1043 1644 nolui.
1076 1605 1220 1644 Iisdem
1239 1607 1362 1658 igitur
1379 1607 1425 1645 de
1440 1608 1555 1646 rebus
1572 1609 1690 1647 etiam
1711 1619 1771 1648 at-

388 1681 466 1718 que
485 1669 602 1706 etiam
622 1668 771 1713 hortor,
803 1669 948 1721 quibus
970 1670 1232 1722 superioribus
1253 1672 1376 1709 literis
1397 1671 1574 1710 hortatus
1596 1673 1695 1719 sum,
1727 1684 1773 1712 ut

390 1734 431 1770 in
451 1747 493 1770 ea
514 1734 727 1786 republica,
745 1748 990 1787 quaecunque
1005 1735 1071 1780 est,
1090 1749 1208 1787 quam
1225 1736 1400 1788 primum
1416 1737 1511 1775 velis
1528 1738 1611 1776 effe.
1637 1738 1772 1777 Multa

390 1798 539 1836 videbis
559 1798 725 1844 fortaffe,
748 1813 833 1851 quae
855 1801 976 1845 nolis,
1000 1809 1078 1838 non
1099 1800 1212 1853 plura
1232 1810 1376 1846 tamen,
1399 1815 1517 1853 quam
1538 1803 1646 1841 audis
1667 1818 1769 1856 quo-

386 1863 499 1901 tidie.
532 1864 626 1901 Non
648 1863 701 1901 est
722 1878 835 1916 porro
857 1875 971 1902 tuum
992 1879 1071 1903 uno
1092 1865 1200 1903 sensu
1222 1866 1347 1904 solum
1368 1867 1575 1905 oculorum
1596 1870 1767 1914 moveri3

387 1941 482 1965 cum
503 1928 608 1966 idem
628 1929 730 1966 illud
750 1930 907 1968 auribus
928 1931 1134 1982 percipias,
1153 1930 1260 1983 quod
1280 1932 1397 1969 etiam
1418 1934 1550 1984 majus
1565 1934 1686 1971 videri
1707 1935 1769 1972 so-

388 1993 458 2037 -let,
489 1995 621 2031 minus
642 1994 828 2033 laborare.
865 1997 921 2033 At
949 1996 1023 2032 tibi
1050 1996 1119 2047 ipfi
1141 1996 1354 2034 dicendum
1374 1997 1446 2034 erit
1468 1997 1632 2049 aliquid,
1665 1999 1770 2051 quod

389 2071 468 2095 non
489 2058 653 2104 sentias;
685 2069 750 2097 aut
770 2059 1009 2105 faciendum,
1033 2060 1138 2112 quod
1159 2075 1237 2099 non
1259 2062 1414 2113 probes.
1449 2063 1642 2108 Primum,
1666 2073 1769 2102 tem-

387 2123 475 2174 pori
496 2123 643 2169 cedere,
666 2124 705 2162 id
725 2125 791 2170 est,
814 2126 1024 2163 neceffitati
1043 2140 1188 2179 parere,
1211 2127 1360 2179 semper
1380 2128 1560 2180 sapientis
1582 2129 1634 2166 est
1653 2128 1768 2167 habi-

389 2197 490 2227 tum.
524 2177 697 2234 Deinde,
711 2204 788 2228 non
810 2190 941 2236 habet,
961 2202 1004 2229 ut
1025 2206 1129 2230 nunc
1150 2192 1312 2244 quidem
1333 2193 1399 2238 est,
1418 2194 1457 2230 id
1479 2194 1565 2231 vitii
1587 2207 1659 2233 res.
1690 2196 1768 2233 Di-

388 2267 475 2292 cere
495 2253 646 2293 fortaffe
666 2269 752 2307 quae
773 2257 925 2302 sentias,
948 2271 1026 2295 non
1048 2258 1142 2296 licet
1160 2274 1168 2296 :
1203 2268 1326 2296 tacere
1347 2260 1460 2311 plane
1481 2260 1589 2298 licet.
1624 2261 1769 2299 Omnia

388 2320 496 2357 enim
517 2319 641 2359 delata
659 2321 705 2358 ad
726 2336 849 2360 unum
871 2323 973 2361 sunt.
1018 2325 1055 2362 Is
1077 2325 1202 2362 utitur
1223 2326 1398 2370 confilio,
1430 2340 1478 2363 ne
1498 2326 1656 2363 suorum
1677 2329 1767 2378 qui-

390 2384 495 2430 dem,
519 2384 581 2422 sed
601 2385 682 2424 suo.
715 2387 833 2438 Qod
855 2402 932 2427 non
954 2390 1084 2428 multo
1104 2391 1210 2428 secus
1233 2391 1354 2436 fieret,
1383 2391 1408 2428 fi
1431 2392 1462 2429 is
1484 2392 1769 2444 rempublicam

392 2458 552 2494 teneret,
584 2464 702 2503 quem
722 2452 843 2490 secuti
864 2454 1011 2492 sumus.
1057 2456 1137 2500 An,
1170 2457 1239 2508 qui
1260 2456 1300 2493 in
1324 2456 1442 2500 bello,
1475 2470 1567 2493 cum
1588 2456 1769 2493 omnium

391 2515 563 2553 nostrum
585 2517 841 2568 conjunctum
861 2520 950 2558 effet
969 2520 1191 2574 periculum
1219 2522 1301 2567 sue,
1334 2531 1530 2561 certorum
1556 2521 1768 2561 hominum
