<?xml version="1.0" encoding="UTF-8"?>
<!DOCTYPE html PUBLIC "-//W3C//DTD XHTML 1.0 Transitional//EN"
    "http://www.w3.org/TR/xhtml1/DTD/xhtml1-transitional.dtd">
<html xmlns="http://www.w3.org/1999/xhtml" xml:lang="en" lang="en">
 <head>
  <title>
</title>
<meta http-equiv="Content-Type" content="text/html;charset=utf-8" />
  <meta name='ocr-system' content='tesseract 3.04.00' />
  <meta name='ocr-capabilities' content='ocr_page ocr_carea ocr_par ocr_line ocrx_word'/>
</head>
<body>
  <div class='ocr_page' id='page_1' title='image "./operacumindicibu07ciceuoft_0521.png"; bbox 0 0 2351 2997; ppageno 0'>
   <div class='ocr_carea' id='block_1_1' title="bbox 661 222 1688 270">
    <p class='ocr_par' dir='ltr' id='par_1_1' title="bbox 661 222 1688 270">
     <span class='ocr_line' id='line_1_1' title="bbox 661 222 1688 270; baseline -0.002 0"><span class='ocrx_word' id='word_1_1' title='bbox 661 222 1688 270; x_wconf 91' lang='lat' dir='ltr'>EPISTOLARUM</span> 
     </span>
    </p>
   </div>
   <div class='ocr_carea' id='block_1_2' title="bbox 593 366 1762 425">
    <p class='ocr_par' dir='ltr' id='par_1_2' title="bbox 593 366 1762 425">
     <span class='ocr_line' id='line_1_2' title="bbox 593 366 1762 425; baseline -0.003 0"><span class='ocrx_word' id='word_1_2' title='bbox 593 369 757 425; x_wconf 88' lang='lat' dir='ltr'>AD</span> <span class='ocrx_word' id='word_1_3' title='bbox 869 366 1762 425; x_wconf 88' lang='lat' dir='ltr'><strong>FAMILIARES</strong></span> 
     </span>
    </p>
   </div>
   <div class='ocr_carea' id='block_1_3' title="bbox 850 501 1223 569">
    <p class='ocr_par' dir='ltr' id='par_1_3' title="bbox 850 501 1223 569">
     <span class='ocr_line' id='line_1_3' title="bbox 850 501 1223 569; baseline -0.003 0"><span class='ocrx_word' id='word_1_4' title='bbox 850 501 1223 569; x_wconf 69' lang='lat' dir='ltr'><strong>LIBER</strong></span> 
     </span>
    </p>
   </div>
   <div class='ocr_carea' id='block_1_4' title="bbox 573 654 858 695">
    <p class='ocr_par' dir='ltr' id='par_1_4' title="bbox 573 654 858 695">
     <span class='ocr_line' id='line_1_4' title="bbox 573 654 858 695; baseline 0 -2"><span class='ocrx_word' id='word_1_5' title='bbox 573 655 681 695; x_wconf 86' lang='lat' dir='ltr'>Edit.</span> <span class='ocrx_word' id='word_1_6' title='bbox 714 654 858 693; x_wconf 84' lang='lat' dir='ltr'>Olivet.</span> 
     </span>
    </p>
   </div>
   <div class='ocr_carea' id='block_1_5' title="bbox 426 755 914 833">
    <p class='ocr_par' dir='ltr' id='par_1_5' title="bbox 426 755 914 833">
     <span class='ocr_line' id='line_1_5' title="bbox 426 755 914 833; baseline -0.01 -7"><span class='ocrx_word' id='word_1_7' title='bbox 426 766 497 832; x_wconf 53' lang='lat' dir='ltr'>I3³33</span> <span class='ocrx_word' id='word_1_8' title='bbox 532 755 558 823; x_wconf 66' lang='grc'><strong>12</strong></span> <span class='ocrx_word' id='word_1_9' title='bbox 583 796 741 823; x_wconf 80' lang='lat' dir='ltr'>constiterat</span> <span class='ocrx_word' id='word_1_10' title='bbox 757 795 777 823; x_wconf 95' lang='lat' dir='ltr'>P</span> <span class='ocrx_word' id='word_1_11' title='bbox 792 797 914 833; x_wconf 74' lang='lat' dir='ltr'>constaret</span> 
     </span>
    </p>
   </div>
   <div class='ocr_carea' id='block_1_6' title="bbox 445 835 1156 1821">
    <p class='ocr_par' dir='ltr' id='par_1_6' title="bbox 519 835 748 868">
     <span class='ocr_line' id='line_1_6' title="bbox 519 835 748 868; baseline 0 -5"><span class='ocrx_word' id='word_1_12' title='bbox 519 849 559 856; x_wconf 92' lang='lat'>·—</span> <span class='ocrx_word' id='word_1_13' title='bbox 581 836 669 863; x_wconf 83' lang='lat' dir='ltr'>animi</span> <span class='ocrx_word' id='word_1_14' title='bbox 682 836 707 868; x_wconf 58' lang='lat' dir='ltr'>xla</span> <span class='ocrx_word' id='word_1_15' title='bbox 722 835 748 863; x_wconf 82' lang='lat' dir='ltr'>d.</span> 
     </span>
    </p>

    <p class='ocr_par' dir='ltr' id='par_1_7' title="bbox 545 877 686 911">
     <span class='ocr_line' id='line_1_7' title="bbox 545 877 686 911; baseline 0.007 -9"><span class='ocrx_word' id='word_1_16' title='bbox 545 884 557 911; x_wconf 84' lang='lat'>3</span> <span class='ocrx_word' id='word_1_17' title='bbox 583 885 616 902; x_wconf 88' lang='lat' dir='ltr'>an</span> <span class='ocrx_word' id='word_1_18' title='bbox 633 888 645 902; x_wconf 76' lang='grc' dir='ltr'><em>υ</em></span> <span class='ocrx_word' id='word_1_19' title='bbox 660 877 686 904; x_wconf 89' lang='lat' dir='ltr'>d.</span> 
     </span>
    </p>

    <p class='ocr_par' dir='ltr' id='par_1_8' title="bbox 538 914 897 952">
     <span class='ocr_line' id='line_1_8' title="bbox 538 914 897 952; baseline -0.006 -10"><span class='ocrx_word' id='word_1_20' title='bbox 538 925 557 950; x_wconf 81' lang='lat'><strong>4</strong></span> <span class='ocrx_word' id='word_1_21' title='bbox 579 914 707 952; x_wconf 85' lang='lat' dir='ltr'>accepisti</span> <span class='ocrx_word' id='word_1_22' title='bbox 722 915 741 942; x_wconf 92' lang='lat' dir='ltr'>P</span> <span class='ocrx_word' id='word_1_23' title='bbox 755 927 768 941; x_wconf 82' lang='lat' dir='ltr'><em>v</em></span> <span class='ocrx_word' id='word_1_24' title='bbox 784 915 897 950; x_wconf 64' lang='lat' dir='ltr'>recepisti</span> 
     </span>
    </p>

    <p class='ocr_par' dir='ltr' id='par_1_9' title="bbox 544 955 708 991">
     <span class='ocr_line' id='line_1_9' title="bbox 544 955 708 991; baseline -0.012 -9"><span class='ocrx_word' id='word_1_25' title='bbox 544 964 557 991; x_wconf 79' lang='grc'><em>5</em></span> <span class='ocrx_word' id='word_1_26' title='bbox 583 962 631 982; x_wconf 83' lang='lat' dir='ltr'>tua</span> <span class='ocrx_word' id='word_1_27' title='bbox 647 955 666 981; x_wconf 91' lang='lat' dir='ltr'>P</span> <span class='ocrx_word' id='word_1_28' title='bbox 682 955 708 981; x_wconf 84' lang='lat' dir='ltr'>d.</span> 
     </span>
    </p>

    <p class='ocr_par' dir='ltr' id='par_1_10' title="bbox 542 992 779 1030">
     <span class='ocr_line' id='line_1_10' title="bbox 542 992 779 1030; baseline 0 -10"><span class='ocrx_word' id='word_1_29' title='bbox 542 1003 558 1028; x_wconf 93' lang='lat'>7</span> <span class='ocrx_word' id='word_1_30' title='bbox 579 993 657 1030; x_wconf 75' lang='lat' dir='ltr'>quod</span> <span class='ocrx_word' id='word_1_31' title='bbox 674 992 701 1028; x_wconf 70' lang='grc' dir='ltr'>ψ</span> <span class='ocrx_word' id='word_1_32' title='bbox 715 993 779 1030; x_wconf 79' lang='lat' dir='ltr'><em>quid</em></span> 
     </span>
    </p>

    <p class='ocr_par' dir='ltr' id='par_1_11' title="bbox 527 1030 1151 1071">
     <span class='ocr_line' id='line_1_11' title="bbox 527 1030 1151 1071; baseline -0.003 -11"><span class='ocrx_word' id='word_1_33' title='bbox 527 1041 561 1060; x_wconf 85' lang='grc' dir='ltr'>ιο</span> <span class='ocrx_word' id='word_1_34' title='bbox 582 1042 663 1071; x_wconf 82' lang='lat' dir='ltr'>agam</span> <span class='ocrx_word' id='word_1_35' title='bbox 683 1041 767 1062; x_wconf 84' lang='lat' dir='ltr'>nunc.</span> <span class='ocrx_word' id='word_1_36' title='bbox 794 1033 835 1060; x_wconf 85' lang='lat' dir='ltr'>Ac</span> <span class='ocrx_word' id='word_1_37' title='bbox 853 1032 871 1059; x_wconf 88' lang='lat' dir='ltr'>P</span> <span class='ocrx_word' id='word_1_38' title='bbox 886 1046 911 1066; x_wconf 82' lang='lat' dir='ltr'>v,</span> <span class='ocrx_word' id='word_1_39' title='bbox 924 1030 950 1067; x_wconf 72' lang='grc' dir='ltr'>ψ</span> <span class='ocrx_word' id='word_1_40' title='bbox 964 1043 1050 1070; x_wconf 83' lang='lat' dir='ltr'>agam.</span> <span class='ocrx_word' id='word_1_41' title='bbox 1074 1031 1151 1059; x_wconf 77' lang='lat' dir='ltr'><em>Nunc</em></span> 
     </span>
    </p>

    <p class='ocr_par' dir='ltr' id='par_1_12' title="bbox 628 1074 666 1100">
     <span class='ocr_line' id='line_1_12' title="bbox 628 1074 666 1100; baseline 0 0"><span class='ocrx_word' id='word_1_42' title='bbox 628 1074 666 1100; x_wconf 83' lang='lat' dir='ltr'>ad</span> 
     </span>
    </p>

    <p class='ocr_par' dir='ltr' id='par_1_13' title="bbox 526 1109 871 1147">
     <span class='ocr_line' id='line_1_13' title="bbox 526 1109 871 1147; baseline -0.003 -8"><span class='ocrx_word' id='word_1_43' title='bbox 526 1120 560 1147; x_wconf 84' lang='lat'>¹4</span> <span class='ocrx_word' id='word_1_44' title='bbox 582 1112 700 1139; x_wconf 86' lang='lat' dir='ltr'>Patrone</span> <span class='ocrx_word' id='word_1_45' title='bbox 721 1109 747 1145; x_wconf 69' lang='grc' dir='ltr'>ψ</span> <span class='ocrx_word' id='word_1_46' title='bbox 760 1113 871 1139; x_wconf 81' lang='lat' dir='ltr'>Patrono</span> 
     </span>
    </p>

    <p class='ocr_par' dir='ltr' id='par_1_14' title="bbox 525 1151 919 1188">
     <span class='ocr_line' id='line_1_14' title="bbox 525 1151 919 1188; baseline -0.003 -9"><span class='ocrx_word' id='word_1_47' title='bbox 525 1160 557 1188; x_wconf 81' lang='lat'>15</span> <span class='ocrx_word' id='word_1_48' title='bbox 582 1151 761 1179; x_wconf 86' lang='lat' dir='ltr'>vehementer</span> <span class='ocrx_word' id='word_1_49' title='bbox 775 1151 799 1185; x_wconf 68' lang='grc' dir='ltr'>ψ</span> <span class='ocrx_word' id='word_1_50' title='bbox 813 1151 919 1179; x_wconf 79' lang='lat' dir='ltr'>multum</span> 
     </span>
    </p>

    <p class='ocr_par' dir='ltr' id='par_1_15' title="bbox 525 1190 850 1226">
     <span class='ocr_line' id='line_1_15' title="bbox 525 1190 850 1226; baseline 0 -8"><span class='ocrx_word' id='word_1_51' title='bbox 525 1193 557 1218; x_wconf 86' lang='lat'>18</span> <span class='ocrx_word' id='word_1_52' title='bbox 581 1190 690 1219; x_wconf 87' lang='lat' dir='ltr'>suorum</span> <span class='ocrx_word' id='word_1_53' title='bbox 707 1192 850 1226; x_wconf 81' lang='lat' dir='ltr'>vsoct&#39;orum</span> 
     </span>
    </p>

    <p class='ocr_par' dir='ltr' id='par_1_16' title="bbox 521 1231 864 1298">
     <span class='ocr_line' id='line_1_16' title="bbox 526 1231 831 1268; baseline 0 -10"><span class='ocrx_word' id='word_1_54' title='bbox 526 1239 560 1268; x_wconf 86' lang='lat'>19</span> <span class='ocrx_word' id='word_1_55' title='bbox 582 1231 675 1259; x_wconf 79' lang='lat' dir='ltr'>Etiam</span> <span class='ocrx_word' id='word_1_56' title='bbox 691 1232 715 1265; x_wconf 73' lang='grc' dir='ltr'>ψ</span> <span class='ocrx_word' id='word_1_57' title='bbox 731 1232 831 1268; x_wconf 74' lang='lat' dir='ltr'>Etjam</span> 
     </span>
     <span class='ocr_line' id='line_1_17' title="bbox 521 1270 864 1298; baseline -0.003 0"><span class='ocrx_word' id='word_1_58' title='bbox 521 1285 561 1291; x_wconf 89' lang='lat'>—</span> <span class='ocrx_word' id='word_1_59' title='bbox 583 1271 699 1298; x_wconf 72' lang='lat' dir='ltr'>Phaedro</span> <span class='ocrx_word' id='word_1_60' title='bbox 715 1284 727 1298; x_wconf 77' lang='grc' dir='ltr'><em>υ</em></span> <span class='ocrx_word' id='word_1_61' title='bbox 742 1270 864 1298; x_wconf 74' lang='lat' dir='ltr'>Phaedrio</span> 
     </span>
    </p>

    <p class='ocr_par' dir='ltr' id='par_1_17' title="bbox 445 1309 887 1347">
     <span class='ocr_line' id='line_1_18' title="bbox 445 1309 887 1347; baseline -0.005 -9"><span class='ocrx_word' id='word_1_62' title='bbox 445 1319 502 1347; x_wconf 86' lang='lat'>334</span> <span class='ocrx_word' id='word_1_63' title='bbox 545 1319 559 1347; x_wconf 83' lang='lat'>5</span> <span class='ocrx_word' id='word_1_64' title='bbox 583 1309 715 1347; x_wconf 81' lang='lat' dir='ltr'>impediri</span> <span class='ocrx_word' id='word_1_65' title='bbox 730 1310 755 1343; x_wconf 64' lang='grc' dir='ltr'>ψ</span> <span class='ocrx_word' id='word_1_66' title='bbox 769 1311 887 1346; x_wconf 49' lang='lat' dir='ltr'>impedire</span> 
     </span>
    </p>

    <p class='ocr_par' dir='ltr' id='par_1_18' title="bbox 520 1349 846 1416">
     <span class='ocr_line' id='line_1_19' title="bbox 524 1349 846 1383; baseline 0 -7"><span class='ocrx_word' id='word_1_67' title='bbox 524 1364 564 1370; x_wconf 89' lang='lat'><strong>—</strong></span> <span class='ocrx_word' id='word_1_68' title='bbox 584 1349 663 1376; x_wconf 83' lang='lat' dir='ltr'>Idem</span> <span class='ocrx_word' id='word_1_69' title='bbox 678 1363 702 1381; x_wconf 76' lang='lat' dir='ltr'>v,</span> <span class='ocrx_word' id='word_1_70' title='bbox 718 1350 743 1383; x_wconf 70' lang='grc' dir='ltr'>ψ</span> <span class='ocrx_word' id='word_1_71' title='bbox 758 1349 846 1377; x_wconf 80' lang='lat' dir='ltr'><em>Eidem</em></span> 
     </span>
     <span class='ocr_line' id='line_1_20' title="bbox 520 1391 682 1416; baseline 0.006 -1"><span class='ocrx_word' id='word_1_72' title='bbox 520 1403 560 1410; x_wconf 95' lang='lat'>—</span> <span class='ocrx_word' id='word_1_73' title='bbox 582 1396 612 1416; x_wconf 89' lang='lat' dir='ltr'>ut</span> <span class='ocrx_word' id='word_1_74' title='bbox 627 1402 640 1415; x_wconf 85' lang='lat' dir='ltr'><em>v</em></span> <span class='ocrx_word' id='word_1_75' title='bbox 655 1391 682 1416; x_wconf 84' lang='lat' dir='ltr'>d.</span> 
     </span>
    </p>

    <p class='ocr_par' dir='ltr' id='par_1_19' title="bbox 542 1426 1006 1465">
     <span class='ocr_line' id='line_1_21' title="bbox 542 1426 1006 1465; baseline -0.009 -10"><span class='ocrx_word' id='word_1_76' title='bbox 542 1430 557 1456; x_wconf 88' lang='lat'>8</span> <span class='ocrx_word' id='word_1_77' title='bbox 580 1427 597 1455; x_wconf 87' lang='lat' dir='ltr'>fi</span> <span class='ocrx_word' id='word_1_78' title='bbox 610 1428 668 1464; x_wconf 86' lang='lat' dir='ltr'>jam</span> <span class='ocrx_word' id='word_1_79' title='bbox 684 1427 768 1465; x_wconf 85' lang='lat' dir='ltr'>plane</span> <span class='ocrx_word' id='word_1_80' title='bbox 783 1434 830 1455; x_wconf 87' lang='lat' dir='ltr'>tua</span> <span class='ocrx_word' id='word_1_81' title='bbox 846 1428 919 1463; x_wconf 69' lang='lat' dir='ltr'>nsua</span> <span class='ocrx_word' id='word_1_82' title='bbox 928 1426 1006 1462; x_wconf 72' lang='lat' dir='ltr'>plane</span> 
     </span>
    </p>

    <p class='ocr_par' dir='ltr' id='par_1_20' title="bbox 522 1467 1010 1539">
     <span class='ocr_line' id='line_1_22' title="bbox 527 1467 1010 1495; baseline -0.004 -1"><span class='ocrx_word' id='word_1_83' title='bbox 527 1476 562 1495; x_wconf 89' lang='lat'>10</span> <span class='ocrx_word' id='word_1_84' title='bbox 583 1467 631 1494; x_wconf 87' lang='lat' dir='ltr'>des</span> <span class='ocrx_word' id='word_1_85' title='bbox 736 1467 938 1495; x_wconf 82' lang='lat' dir='ltr'>humanitatem</span> <span class='ocrx_word' id='word_1_86' title='bbox 955 1479 967 1492; x_wconf 82' lang='grc' dir='ltr'><strong>υ</strong></span> <span class='ocrx_word' id='word_1_87' title='bbox 982 1467 1010 1492; x_wconf 82' lang='lat' dir='ltr'>d.</span> 
     </span>
     <span class='ocr_line' id='line_1_23' title="bbox 522 1507 749 1539; baseline -0.004 -5"><span class='ocrx_word' id='word_1_88' title='bbox 522 1522 563 1529; x_wconf 90' lang='lat'>—-</span> <span class='ocrx_word' id='word_1_89' title='bbox 584 1514 661 1534; x_wconf 86' lang='lat' dir='ltr'>tuam</span> <span class='ocrx_word' id='word_1_90' title='bbox 682 1507 707 1539; x_wconf 70' lang='grc' dir='ltr'>ψ</span> <span class='ocrx_word' id='word_1_91' title='bbox 722 1508 749 1533; x_wconf 91' lang='lat' dir='ltr'>d.</span> 
     </span>
    </p>

    <p class='ocr_par' dir='ltr' id='par_1_21' title="bbox 528 1545 790 1582">
     <span class='ocr_line' id='line_1_24' title="bbox 528 1545 790 1582; baseline -0.011 -8"><span class='ocrx_word' id='word_1_92' title='bbox 528 1555 564 1582; x_wconf 85' lang='lat'>14</span> <span class='ocrx_word' id='word_1_93' title='bbox 583 1546 711 1574; x_wconf 86' lang='lat' dir='ltr'>Patronis</span> <span class='ocrx_word' id='word_1_94' title='bbox 731 1546 752 1573; x_wconf 91' lang='lat' dir='ltr'>P</span> <span class='ocrx_word' id='word_1_95' title='bbox 765 1545 790 1571; x_wconf 89' lang='lat' dir='ltr'>d.</span> 
     </span>
    </p>

    <p class='ocr_par' dir='ltr' id='par_1_22' title="bbox 528 1584 959 1623">
     <span class='ocr_line' id='line_1_25' title="bbox 528 1584 959 1623; baseline -0.002 -11"><span class='ocrx_word' id='word_1_96' title='bbox 528 1595 559 1623; x_wconf 80' lang='lat'>¹5</span> <span class='ocrx_word' id='word_1_97' title='bbox 583 1586 738 1613; x_wconf 86' lang='lat' dir='ltr'>orationem</span> <span class='ocrx_word' id='word_1_98' title='bbox 753 1591 781 1612; x_wconf 87' lang='lat' dir='ltr'>et</span> <span class='ocrx_word' id='word_1_99' title='bbox 795 1584 820 1617; x_wconf 71' lang='grc' dir='ltr'>ψ</span> <span class='ocrx_word' id='word_1_100' title='bbox 834 1586 959 1612; x_wconf 76' lang='lat' dir='ltr'>orationis</span> 
     </span>
    </p>

    <p class='ocr_par' dir='ltr' id='par_1_23' title="bbox 529 1634 855 1662">
     <span class='ocr_line' id='line_1_26' title="bbox 529 1634 855 1662; baseline -0.003 -10"><span class='ocrx_word' id='word_1_101' title='bbox 529 1635 563 1662; x_wconf 83' lang='lat'>19</span> <span class='ocrx_word' id='word_1_102' title='bbox 585 1634 670 1661; x_wconf 80' lang='lat' dir='ltr'>quam</span> <span class='ocrx_word' id='word_1_103' title='bbox 684 1638 697 1652; x_wconf 86' lang='grc' dir='ltr'><strong><em>ν</em></strong></span> <span class='ocrx_word' id='word_1_104' title='bbox 710 1634 855 1662; x_wconf 79' lang='lat' dir='ltr'><em>quanquam</em></span> 
     </span>
    </p>

    <p class='ocr_par' dir='ltr' id='par_1_24' title="bbox 527 1665 990 1701">
     <span class='ocr_line' id='line_1_27' title="bbox 527 1665 990 1701; baseline -0.004 -8"><span class='ocrx_word' id='word_1_105' title='bbox 527 1674 565 1693; x_wconf 88' lang='lat'>20</span> <span class='ocrx_word' id='word_1_106' title='bbox 585 1665 795 1693; x_wconf 79' lang='lat' dir='ltr'>contentionem</span> <span class='ocrx_word' id='word_1_107' title='bbox 804 1666 990 1701; x_wconf 79' lang='lat' dir='ltr'><em>generationem</em></span> 
     </span>
    </p>

    <p class='ocr_par' dir='ltr' id='par_1_25' title="bbox 526 1703 927 1741">
     <span class='ocr_line' id='line_1_28' title="bbox 526 1703 927 1741; baseline -0.005 -9"><span class='ocrx_word' id='word_1_108' title='bbox 526 1714 559 1732; x_wconf 90' lang='grc'>21</span> <span class='ocrx_word' id='word_1_109' title='bbox 586 1703 749 1741; x_wconf 82' lang='lat' dir='ltr'>caeterisque</span> <span class='ocrx_word' id='word_1_110' title='bbox 763 1718 776 1732; x_wconf 84' lang='lat' dir='ltr'><em>v</em></span> <span class='ocrx_word' id='word_1_111' title='bbox 792 1705 927 1741; x_wconf 73' lang='lat' dir='ltr'>caterique</span> 
     </span>
    </p>

    <p class='ocr_par' dir='ltr' id='par_1_26' title="bbox 525 1741 1156 1821">
     <span class='ocr_line' id='line_1_29' title="bbox 525 1741 1062 1777; baseline -0.006 -5"><span class='ocrx_word' id='word_1_112' title='bbox 525 1759 564 1765; x_wconf 89' lang='lat'>--</span> <span class='ocrx_word' id='word_1_113' title='bbox 585 1743 736 1777; x_wconf 63' lang='lat' dir='ltr'>delefitant,</span> <span class='ocrx_word' id='word_1_114' title='bbox 752 1753 807 1771; x_wconf 89' lang='lat' dir='ltr'>non</span> <span class='ocrx_word' id='word_1_115' title='bbox 823 1756 835 1770; x_wconf 83' lang='grc' dir='ltr'><strong>υ</strong></span> <span class='ocrx_word' id='word_1_116' title='bbox 849 1743 964 1771; x_wconf 63' lang='lat' dir='ltr'>delcetat.</span> <span class='ocrx_word' id='word_1_117' title='bbox 993 1741 1062 1770; x_wconf 81' lang='lat' dir='ltr'>Nam</span> 
     </span>
     <span class='ocr_line' id='line_1_30' title="bbox 527 1782 1156 1821; baseline -0.002 -10"><span class='ocrx_word' id='word_1_118' title='bbox 527 1792 565 1820; x_wconf 85' lang='lat'>24</span> <span class='ocrx_word' id='word_1_119' title='bbox 585 1783 775 1821; x_wconf 81' lang='lat' dir='ltr'>Pomponium</span> <span class='ocrx_word' id='word_1_120' title='bbox 808 1782 937 1811; x_wconf 86' lang='lat' dir='ltr'>Atticum</span> <span class='ocrx_word' id='word_1_121' title='bbox 967 1796 979 1810; x_wconf 86' lang='grc' dir='ltr'><em>υ</em></span> <span class='ocrx_word' id='word_1_122' title='bbox 1014 1784 1156 1819; x_wconf 78' lang='lat' dir='ltr'>Pompeium</span> 
     </span>
    </p>
   </div>
   <div class='ocr_carea' id='block_1_7' title="bbox 645 1481 723 1489">
    <p class='ocr_par' dir='ltr' id='par_1_27' title="bbox 645 1481 723 1489">
     <span class='ocr_line' id='line_1_31' title="bbox 645 1481 723 1489; baseline 0 0"><span class='ocrx_word' id='word_1_123' title='bbox 645 1481 723 1489; x_wconf 95' lang='lat' dir='ltr'> </span> 
     </span>
    </p>
   </div>
   <div class='ocr_carea' id='block_1_8' title="bbox 451 1824 1030 2454">
    <p class='ocr_par' dir='ltr' id='par_1_28' title="bbox 451 1824 1030 2454">
     <span class='ocr_line' id='line_1_32' title="bbox 631 1824 753 1851; baseline 0.008 -1"><span class='ocrx_word' id='word_1_124' title='bbox 631 1824 753 1851; x_wconf 82' lang='lat' dir='ltr'>Athicum</span> 
     </span>
     <span class='ocr_line' id='line_1_33' title="bbox 528 1861 961 1900; baseline -0.002 -10"><span class='ocrx_word' id='word_1_125' title='bbox 528 1873 564 1900; x_wconf 92' lang='grc'>32</span> <span class='ocrx_word' id='word_1_126' title='bbox 585 1863 754 1890; x_wconf 85' lang='lat' dir='ltr'>illiberalem</span> <span class='ocrx_word' id='word_1_127' title='bbox 770 1863 789 1890; x_wconf 81' lang='lat'>1&gt;</span> <span class='ocrx_word' id='word_1_128' title='bbox 803 1875 816 1889; x_wconf 80' lang='lat' dir='ltr'><em>v</em></span> <span class='ocrx_word' id='word_1_129' title='bbox 831 1861 961 1890; x_wconf 78' lang='lat' dir='ltr'>liberalem</span> 
     </span>
     <span class='ocr_line' id='line_1_34' title="bbox 529 1901 818 1940; baseline -0.003 -11"><span class='ocrx_word' id='word_1_130' title='bbox 529 1912 566 1940; x_wconf 85' lang='lat'>34</span> <span class='ocrx_word' id='word_1_131' title='bbox 588 1902 689 1930; x_wconf 84' lang='lat' dir='ltr'>scribas</span> <span class='ocrx_word' id='word_1_132' title='bbox 705 1901 818 1937; x_wconf 78' lang='lat' dir='ltr'>ufiribis</span> 
     </span>
     <span class='ocr_line' id='line_1_35' title="bbox 451 1942 889 1981; baseline -0.005 -11"><span class='ocrx_word' id='word_1_133' title='bbox 451 1951 505 1981; x_wconf 74' lang='lat'>335</span> <span class='ocrx_word' id='word_1_134' title='bbox 554 1951 562 1970; x_wconf 87' lang='lat'>1</span> <span class='ocrx_word' id='word_1_135' title='bbox 589 1943 819 1979; x_wconf 70' lang='grc' dir='ltr'>ὑπομνηματισμόν</span> <span class='ocrx_word' id='word_1_136' title='bbox 834 1954 847 1969; x_wconf 79' lang='lat' dir='ltr'><em>v</em></span> <span class='ocrx_word' id='word_1_137' title='bbox 862 1942 889 1968; x_wconf 84' lang='lat' dir='ltr'>d.</span> 
     </span>
     <span class='ocr_line' id='line_1_36' title="bbox 549 1981 772 2009; baseline 0.004 -1"><span class='ocrx_word' id='word_1_138' title='bbox 549 1991 565 2009; x_wconf 90' lang='lat'>2</span> <span class='ocrx_word' id='word_1_139' title='bbox 587 1982 664 2009; x_wconf 82' lang='lat' dir='ltr'>Prius</span> <span class='ocrx_word' id='word_1_140' title='bbox 680 1995 693 2009; x_wconf 83' lang='grc' dir='ltr'><em>υ</em></span> <span class='ocrx_word' id='word_1_141' title='bbox 708 1981 772 2009; x_wconf 81' lang='lat' dir='ltr'>Plus</span> 
     </span>
     <span class='ocr_line' id='line_1_37' title="bbox 545 2020 1030 2048; baseline 0 0"><span class='ocrx_word' id='word_1_142' title='bbox 545 2020 562 2048; x_wconf 88' lang='lat'><strong>6</strong></span> <span class='ocrx_word' id='word_1_143' title='bbox 585 2020 656 2048; x_wconf 71' lang='lat' dir='ltr'>Caio</span> <span class='ocrx_word' id='word_1_144' title='bbox 672 2020 784 2048; x_wconf 82' lang='lat' dir='ltr'>Aviano</span> <span class='ocrx_word' id='word_1_145' title='bbox 799 2021 819 2047; x_wconf 85' lang='lat' dir='ltr'>P</span> <span class='ocrx_word' id='word_1_146' title='bbox 835 2021 902 2048; x_wconf 80' lang='lat' dir='ltr'>Gaio</span> <span class='ocrx_word' id='word_1_147' title='bbox 915 2021 1030 2048; x_wconf 76' lang='lat' dir='ltr'><em>Avicina</em></span> 
     </span>
     <span class='ocr_line' id='line_1_38' title="bbox 525 2060 874 2088; baseline 0 -1"><span class='ocrx_word' id='word_1_148' title='bbox 525 2075 565 2081; x_wconf 94' lang='lat'>—-</span> <span class='ocrx_word' id='word_1_149' title='bbox 586 2060 718 2087; x_wconf 83' lang='lat' dir='ltr'>Evandro</span> <span class='ocrx_word' id='word_1_150' title='bbox 733 2073 745 2087; x_wconf 80' lang='grc' dir='ltr'>υ</span> <span class='ocrx_word' id='word_1_151' title='bbox 761 2060 874 2088; x_wconf 81' lang='lat' dir='ltr'>Suandro</span> 
     </span>
     <span class='ocr_line' id='line_1_39' title="bbox 548 2099 825 2137; baseline -0.004 -10"><span class='ocrx_word' id='word_1_152' title='bbox 548 2110 566 2137; x_wconf 94' lang='lat'><strong>9</strong></span> <span class='ocrx_word' id='word_1_153' title='bbox 588 2099 614 2127; x_wconf 72' lang='lat' dir='ltr'>ei</span> <span class='ocrx_word' id='word_1_154' title='bbox 628 2113 641 2127; x_wconf 90' lang='lat' dir='ltr'><em>v</em></span> <span class='ocrx_word' id='word_1_155' title='bbox 651 2099 787 2136; x_wconf 84' lang='lat' dir='ltr'>paululum</span> <span class='ocrx_word' id='word_1_156' title='bbox 801 2102 825 2127; x_wconf 70' lang='grc' dir='ltr'><em>ἀ</em></span> 
     </span>
     <span class='ocr_line' id='line_1_40' title="bbox 534 2140 719 2177; baseline -0.005 -10"><span class='ocrx_word' id='word_1_157' title='bbox 534 2149 570 2167; x_wconf 86' lang='grc' dir='ltr'>ιο</span> <span class='ocrx_word' id='word_1_158' title='bbox 591 2140 617 2166; x_wconf 87' lang='lat' dir='ltr'>ei</span> <span class='ocrx_word' id='word_1_159' title='bbox 633 2140 652 2166; x_wconf 92' lang='lat' dir='ltr'>P</span> <span class='ocrx_word' id='word_1_160' title='bbox 667 2141 719 2177; x_wconf 74' lang='lat' dir='ltr'>ejur</span> 
     </span>
     <span class='ocr_line' id='line_1_41' title="bbox 528 2179 906 2215; baseline 0 -9"><span class='ocrx_word' id='word_1_161' title='bbox 528 2194 568 2200; x_wconf 92' lang='grc'>--</span> <span class='ocrx_word' id='word_1_162' title='bbox 588 2179 739 2215; x_wconf 79' lang='lat' dir='ltr'>remigrare</span> <span class='ocrx_word' id='word_1_163' title='bbox 754 2192 767 2206; x_wconf 79' lang='grc' dir='ltr'><strong><em>υ</em></strong></span> <span class='ocrx_word' id='word_1_164' title='bbox 782 2180 906 2215; x_wconf 78' lang='lat' dir='ltr'>remigare</span> 
     </span>
     <span class='ocr_line' id='line_1_42' title="bbox 534 2218 840 2253; baseline -0.007 -6"><span class='ocrx_word' id='word_1_165' title='bbox 534 2228 565 2247; x_wconf 86' lang='lat'>12</span> <span class='ocrx_word' id='word_1_166' title='bbox 588 2218 694 2245; x_wconf 82' lang='lat' dir='ltr'>interfit</span> <span class='ocrx_word' id='word_1_167' title='bbox 712 2231 726 2245; x_wconf 80' lang='lat' dir='ltr'><strong><em>v</em></strong></span> <span class='ocrx_word' id='word_1_168' title='bbox 741 2218 840 2253; x_wconf 78' lang='lat' dir='ltr'>interest</span> 
     </span>
     <span class='ocr_line' id='line_1_43' title="bbox 535 2257 730 2293; baseline -0.005 -8"><span class='ocrx_word' id='word_1_169' title='bbox 535 2268 570 2293; x_wconf 88' lang='lat'>14</span> <span class='ocrx_word' id='word_1_170' title='bbox 591 2257 663 2285; x_wconf 84' lang='lat' dir='ltr'>Vale</span> <span class='ocrx_word' id='word_1_171' title='bbox 678 2271 690 2284; x_wconf 78' lang='grc' dir='ltr'><strong>υ</strong></span> <span class='ocrx_word' id='word_1_172' title='bbox 703 2259 730 2284; x_wconf 87' lang='lat' dir='ltr'>d.</span> 
     </span>
     <span class='ocr_line' id='line_1_44' title="bbox 534 2297 894 2333; baseline -0.006 -8"><span class='ocrx_word' id='word_1_173' title='bbox 534 2298 569 2325; x_wconf 88' lang='grc'>16</span> <span class='ocrx_word' id='word_1_174' title='bbox 592 2297 704 2325; x_wconf 85' lang='lat' dir='ltr'>Fufium</span> <span class='ocrx_word' id='word_1_175' title='bbox 722 2297 741 2324; x_wconf 85' lang='lat' dir='ltr'>F</span> <span class='ocrx_word' id='word_1_176' title='bbox 760 2297 894 2333; x_wconf 73' lang='lat' dir='ltr'><em>vFuffium</em></span> 
     </span>
     <span class='ocr_line' id='line_1_45' title="bbox 529 2337 752 2364; baseline -0.004 0"><span class='ocrx_word' id='word_1_177' title='bbox 529 2352 569 2359; x_wconf 93' lang='lat'>—</span> <span class='ocrx_word' id='word_1_178' title='bbox 590 2346 675 2364; x_wconf 89' lang='lat' dir='ltr'>unum</span> <span class='ocrx_word' id='word_1_179' title='bbox 692 2337 712 2363; x_wconf 88' lang='lat' dir='ltr'>F</span> <span class='ocrx_word' id='word_1_180' title='bbox 726 2337 752 2364; x_wconf 82' lang='lat' dir='ltr'>d.</span> 
     </span>
     <span class='ocr_line' id='line_1_46' title="bbox 530 2376 849 2404; baseline -0.003 0"><span class='ocrx_word' id='word_1_181' title='bbox 530 2392 571 2399; x_wconf 92' lang='lat'><em>-</em></span> <span class='ocrx_word' id='word_1_182' title='bbox 591 2376 701 2404; x_wconf 88' lang='lat' dir='ltr'>intimis</span> <span class='ocrx_word' id='word_1_183' title='bbox 717 2376 737 2404; x_wconf 87' lang='lat' dir='ltr'>P</span> <span class='ocrx_word' id='word_1_184' title='bbox 752 2377 849 2404; x_wconf 76' lang='lat' dir='ltr'>vicinis</span> 
     </span>
     <span class='ocr_line' id='line_1_47' title="bbox 532 2414 1017 2454; baseline -0.006 -8"><span class='ocrx_word' id='word_1_185' title='bbox 532 2426 570 2446; x_wconf 89' lang='lat'>20</span> <span class='ocrx_word' id='word_1_186' title='bbox 591 2414 683 2454; x_wconf 86' lang='lat' dir='ltr'><strong>Ipsum</strong></span> <span class='ocrx_word' id='word_1_187' title='bbox 699 2424 833 2454; x_wconf 82' lang='lat' dir='ltr'>praeterea</span> <span class='ocrx_word' id='word_1_188' title='bbox 847 2415 868 2444; x_wconf 85' lang='lat' dir='ltr'>F</span> <span class='ocrx_word' id='word_1_189' title='bbox 882 2416 1017 2453; x_wconf 82' lang='lat' dir='ltr'>Propterea</span> 
     </span>
    </p>
   </div>
   <div class='ocr_carea' id='block_1_9' title="bbox 1328 528 1464 568">
    <p class='ocr_par' dir='ltr' id='par_1_29' title="bbox 1328 528 1464 568">
     <span class='ocr_line' id='line_1_48' title="bbox 1328 528 1464 568; baseline -0.015 0"><span class='ocrx_word' id='word_1_190' title='bbox 1328 528 1464 568; x_wconf 91' lang='lat' dir='ltr'><strong>XIII.</strong></span> 
     </span>
    </p>
   </div>
   <div class='ocr_carea' id='block_1_10' title="bbox 1446 647 1791 703">
    <p class='ocr_par' dir='ltr' id='par_1_30' title="bbox 1446 647 1791 703">
     <span class='ocr_line' id='line_1_49' title="bbox 1446 647 1791 703; baseline 0 -14"><span class='ocrx_word' id='word_1_191' title='bbox 1446 651 1559 689; x_wconf 86' lang='lat' dir='ltr'><strong>MSS.</strong></span> <span class='ocrx_word' id='word_1_192' title='bbox 1589 652 1622 689; x_wconf 88' lang='lat' dir='ltr'><strong>F</strong></span> <span class='ocrx_word' id='word_1_193' title='bbox 1646 652 1675 689; x_wconf 89' lang='grc' dir='ltr'>Ρ</span> <span class='ocrx_word' id='word_1_194' title='bbox 1702 647 1791 703; x_wconf 71' lang='grc' dir='ltr'>υ,ψ</span> 
     </span>
    </p>
   </div>
   <div class='ocr_carea' id='block_1_11' title="bbox 1229 792 1914 949">
    <p class='ocr_par' dir='ltr' id='par_1_31' title="bbox 1229 792 1914 949">
     <span class='ocr_line' id='line_1_50' title="bbox 1229 792 1488 831; baseline 0.004 -12"><span class='ocrx_word' id='word_1_195' title='bbox 1229 803 1241 830; x_wconf 87' lang='lat'><strong>3</strong></span> <span class='ocrx_word' id='word_1_196' title='bbox 1249 803 1262 831; x_wconf 82' lang='lat'>5</span> <span class='ocrx_word' id='word_1_197' title='bbox 1289 801 1319 820; x_wconf 90' lang='lat'>21</span> <span class='ocrx_word' id='word_1_198' title='bbox 1346 792 1418 820; x_wconf 90' lang='lat' dir='ltr'>Vale</span> <span class='ocrx_word' id='word_1_199' title='bbox 1432 805 1446 820; x_wconf 79' lang='lat' dir='ltr'><em>v</em></span> <span class='ocrx_word' id='word_1_200' title='bbox 1460 794 1488 820; x_wconf 89' lang='lat' dir='ltr'>d.</span> 
     </span>
     <span class='ocr_line' id='line_1_51' title="bbox 1287 831 1914 869; baseline 0.002 -10"><span class='ocrx_word' id='word_1_201' title='bbox 1287 842 1324 868; x_wconf 84' lang='lat'>24</span> <span class='ocrx_word' id='word_1_202' title='bbox 1345 831 1538 869; x_wconf 80' lang='lat' dir='ltr'>municipibus</span> <span class='ocrx_word' id='word_1_203' title='bbox 1553 831 1746 862; x_wconf 82' lang='lat' dir='ltr'>Volaterranis</span> <span class='ocrx_word' id='word_1_204' title='bbox 1773 846 1787 862; x_wconf 78' lang='lat' dir='ltr'><em>v</em></span> <span class='ocrx_word' id='word_1_205' title='bbox 1807 834 1914 861; x_wconf 85' lang='lat' dir='ltr'>munici-</span> 
     </span>
     <span class='ocr_line' id='line_1_52' title="bbox 1393 872 1625 909; baseline 0.013 -11"><span class='ocrx_word' id='word_1_206' title='bbox 1393 875 1469 909; x_wconf 83' lang='lat' dir='ltr'>cipiis</span> <span class='ocrx_word' id='word_1_207' title='bbox 1484 873 1511 898; x_wconf 88' lang='lat' dir='ltr'><em>V</em></span> <span class='ocrx_word' id='word_1_208' title='bbox 1508 872 1625 901; x_wconf 60' lang='lat' dir='ltr'>alteram}</span> 
     </span>
     <span class='ocr_line' id='line_1_53' title="bbox 1287 912 1486 949; baseline -0.01 -9"><span class='ocrx_word' id='word_1_209' title='bbox 1287 921 1302 940; x_wconf 87' lang='lat'><strong>2</strong></span> <span class='ocrx_word' id='word_1_210' title='bbox 1308 921 1321 949; x_wconf 79' lang='grc'><em>5</em></span> <span class='ocrx_word' id='word_1_211' title='bbox 1345 921 1407 939; x_wconf 89' lang='lat' dir='ltr'>meo</span> <span class='ocrx_word' id='word_1_212' title='bbox 1422 912 1446 945; x_wconf 71' lang='grc' dir='ltr'>ψ</span> <span class='ocrx_word' id='word_1_213' title='bbox 1460 913 1486 939; x_wconf 83' lang='lat' dir='ltr'>a&#39;.</span> 
     </span>
    </p>
   </div>
   <div class='ocr_carea' id='block_1_12' title="bbox 1208 951 1687 989">
    <p class='ocr_par' dir='ltr' id='par_1_32' title="bbox 1208 951 1687 989">
     <span class='ocr_line' id='line_1_54' title="bbox 1208 951 1687 989; baseline 0 -10"><span class='ocrx_word' id='word_1_214' title='bbox 1208 951 1263 989; x_wconf 85' lang='lat'>336</span> <span class='ocrx_word' id='word_1_215' title='bbox 1310 961 1319 979; x_wconf 95' lang='grc'>1</span> <span class='ocrx_word' id='word_1_216' title='bbox 1345 951 1528 980; x_wconf 63' lang='lat' dir='ltr'>retulerunt„</span> <span class='ocrx_word' id='word_1_217' title='bbox 1544 953 1687 980; x_wconf 75' lang='lat' dir='ltr'>retulerant</span> 
     </span>
    </p>
   </div>
   <div class='ocr_carea' id='block_1_13' title="bbox 1287 991 1919 1580">
    <p class='ocr_par' dir='ltr' id='par_1_33' title="bbox 1308 991 1867 1029">
     <span class='ocr_line' id='line_1_55' title="bbox 1308 991 1867 1029; baseline 0.002 -11"><span class='ocrx_word' id='word_1_218' title='bbox 1308 1000 1323 1018; x_wconf 90' lang='lat'>2</span> <span class='ocrx_word' id='word_1_219' title='bbox 1346 999 1396 1018; x_wconf 83' lang='lat' dir='ltr'>nec</span> <span class='ocrx_word' id='word_1_220' title='bbox 1410 991 1440 1018; x_wconf 89' lang='lat' dir='ltr'>in</span> <span class='ocrx_word' id='word_1_221' title='bbox 1455 991 1599 1020; x_wconf 75' lang='lat' dir='ltr'>laboribus</span> <span class='ocrx_word' id='word_1_222' title='bbox 1614 1005 1636 1026; x_wconf 78' lang='lat' dir='ltr'>v,</span> <span class='ocrx_word' id='word_1_223' title='bbox 1652 993 1676 1024; x_wconf 71' lang='grc' dir='ltr'>ψ</span> <span class='ocrx_word' id='word_1_224' title='bbox 1690 991 1867 1029; x_wconf 79' lang='lat' dir='ltr'>laboribusque</span> 
     </span>
    </p>

    <p class='ocr_par' dir='ltr' id='par_1_34' title="bbox 1306 1030 1483 1068">
     <span class='ocr_line' id='line_1_56' title="bbox 1306 1030 1483 1068; baseline 0.023 -12"><span class='ocrx_word' id='word_1_225' title='bbox 1306 1040 1323 1068; x_wconf 93' lang='lat'><strong>9</strong></span> <span class='ocrx_word' id='word_1_226' title='bbox 1345 1030 1407 1058; x_wconf 86' lang='lat' dir='ltr'>sunt</span> <span class='ocrx_word' id='word_1_227' title='bbox 1422 1031 1442 1057; x_wconf 97' lang='lat' dir='ltr'>P</span> <span class='ocrx_word' id='word_1_228' title='bbox 1457 1032 1483 1060; x_wconf 91' lang='lat' dir='ltr'>d.</span> 
     </span>
    </p>

    <p class='ocr_par' dir='ltr' id='par_1_35' title="bbox 1290 1070 1453 1107">
     <span class='ocr_line' id='line_1_57' title="bbox 1290 1070 1453 1107; baseline 0 -10"><span class='ocrx_word' id='word_1_229' title='bbox 1290 1079 1322 1107; x_wconf 81' lang='lat'>¹3</span> <span class='ocrx_word' id='word_1_230' title='bbox 1346 1070 1376 1097; x_wconf 89' lang='lat' dir='ltr'>in</span> <span class='ocrx_word' id='word_1_231' title='bbox 1391 1070 1415 1103; x_wconf 71' lang='grc' dir='ltr'>ψ</span> <span class='ocrx_word' id='word_1_232' title='bbox 1429 1070 1453 1097; x_wconf 81' lang='lat' dir='ltr'>d.</span> 
     </span>
    </p>

    <p class='ocr_par' dir='ltr' id='par_1_36' title="bbox 1291 1109 1917 1177">
     <span class='ocr_line' id='line_1_58' title="bbox 1291 1109 1917 1147; baseline 0.005 -11"><span class='ocrx_word' id='word_1_233' title='bbox 1291 1118 1326 1145; x_wconf 87' lang='lat'>14</span> <span class='ocrx_word' id='word_1_234' title='bbox 1346 1109 1562 1138; x_wconf 76' lang='lat' dir='ltr'>Volaterranum</span> <span class='ocrx_word' id='word_1_235' title='bbox 1575 1123 1588 1138; x_wconf 79' lang='grc' dir='ltr'><em>ν</em></span> <span class='ocrx_word' id='word_1_236' title='bbox 1599 1109 1758 1139; x_wconf 75' lang='lat' dir='ltr'>Volreranum</span> <span class='ocrx_word' id='word_1_237' title='bbox 1767 1110 1791 1145; x_wconf 69' lang='grc' dir='ltr'>ψ</span> <span class='ocrx_word' id='word_1_238' title='bbox 1800 1110 1917 1147; x_wconf 55' lang='grc' dir='ltr'>γοίαίενξ</span> 
     </span>
     <span class='ocr_line' id='line_1_59' title="bbox 1397 1159 1502 1177; baseline 0.01 -1"><span class='ocrx_word' id='word_1_239' title='bbox 1397 1159 1502 1177; x_wconf 69' lang='grc' dir='ltr'><em>ΥαΙΙΕΠΜ</em></span> 
     </span>
    </p>

    <p class='ocr_par' dir='ltr' id='par_1_37' title="bbox 1293 1187 1649 1224">
     <span class='ocr_line' id='line_1_60' title="bbox 1293 1187 1649 1224; baseline 0.008 -9"><span class='ocrx_word' id='word_1_240' title='bbox 1293 1189 1326 1215; x_wconf 88' lang='grc'>18</span> <span class='ocrx_word' id='word_1_241' title='bbox 1349 1187 1456 1216; x_wconf 85' lang='lat' dir='ltr'>secutus</span> <span class='ocrx_word' id='word_1_242' title='bbox 1472 1190 1497 1223; x_wconf 68' lang='grc' dir='ltr'>ψ</span> <span class='ocrx_word' id='word_1_243' title='bbox 1511 1189 1649 1224; x_wconf 70' lang='lat' dir='ltr'>constemus</span> 
     </span>
    </p>

    <p class='ocr_par' dir='ltr' id='par_1_38' title="bbox 1291 1227 1572 1265">
     <span class='ocr_line' id='line_1_61' title="bbox 1291 1227 1572 1265; baseline 0.007 -11"><span class='ocrx_word' id='word_1_244' title='bbox 1291 1238 1326 1255; x_wconf 84' lang='lat'>22</span> <span class='ocrx_word' id='word_1_245' title='bbox 1350 1227 1451 1265; x_wconf 82' lang='lat' dir='ltr'>scripta</span> <span class='ocrx_word' id='word_1_246' title='bbox 1467 1229 1486 1256; x_wconf 88' lang='lat' dir='ltr'>P</span> <span class='ocrx_word' id='word_1_247' title='bbox 1501 1230 1572 1257; x_wconf 58' lang='lat' dir='ltr'>dina</span> 
     </span>
    </p>

    <p class='ocr_par' dir='ltr' id='par_1_39' title="bbox 1291 1267 1535 1303">
     <span class='ocr_line' id='line_1_62' title="bbox 1291 1267 1535 1303; baseline 0.004 -8"><span class='ocrx_word' id='word_1_248' title='bbox 1291 1277 1328 1303; x_wconf 85' lang='lat'>24</span> <span class='ocrx_word' id='word_1_249' title='bbox 1349 1267 1433 1295; x_wconf 71' lang='lat' dir='ltr'>etiam</span> <span class='ocrx_word' id='word_1_250' title='bbox 1449 1268 1469 1295; x_wconf 94' lang='lat' dir='ltr'>P</span> <span class='ocrx_word' id='word_1_251' title='bbox 1484 1282 1497 1296; x_wconf 77' lang='lat' dir='ltr'><em>v</em></span> <span class='ocrx_word' id='word_1_252' title='bbox 1510 1270 1535 1296; x_wconf 83' lang='lat' dir='ltr'>d.</span> 
     </span>
    </p>

    <p class='ocr_par' dir='ltr' id='par_1_40' title="bbox 1290 1306 1732 1337">
     <span class='ocr_line' id='line_1_63' title="bbox 1290 1306 1732 1337; baseline 0.007 -3"><span class='ocrx_word' id='word_1_253' title='bbox 1290 1306 1326 1334; x_wconf 84' lang='lat'>26</span> <span class='ocrx_word' id='word_1_254' title='bbox 1347 1307 1545 1336; x_wconf 85' lang='lat' dir='ltr'>Volaterranos</span> <span class='ocrx_word' id='word_1_255' title='bbox 1560 1322 1572 1336; x_wconf 83' lang='lat' dir='ltr'><em>v</em></span> <span class='ocrx_word' id='word_1_256' title='bbox 1589 1309 1732 1337; x_wconf 56' lang='lat' dir='ltr'>Volumnus</span> 
     </span>
    </p>

    <p class='ocr_par' dir='ltr' id='par_1_41' title="bbox 1289 1355 1498 1385">
     <span class='ocr_line' id='line_1_64' title="bbox 1289 1355 1498 1385; baseline 0.01 -12"><span class='ocrx_word' id='word_1_257' title='bbox 1289 1355 1325 1382; x_wconf 85' lang='lat'>27</span> <span class='ocrx_word' id='word_1_258' title='bbox 1348 1356 1401 1384; x_wconf 78' lang='lat' dir='ltr'>ego</span> <span class='ocrx_word' id='word_1_259' title='bbox 1417 1360 1429 1374; x_wconf 82' lang='lat' dir='ltr'><em>v</em></span> <span class='ocrx_word' id='word_1_260' title='bbox 1442 1358 1498 1385; x_wconf 77' lang='lat' dir='ltr'>ergo</span> 
     </span>
    </p>

    <p class='ocr_par' dir='ltr' id='par_1_42' title="bbox 1291 1386 1604 1424">
     <span class='ocr_line' id='line_1_65' title="bbox 1291 1386 1604 1424; baseline 0.013 -12"><span class='ocrx_word' id='word_1_261' title='bbox 1291 1395 1322 1422; x_wconf 89' lang='grc'>31</span> <span class='ocrx_word' id='word_1_262' title='bbox 1349 1386 1450 1422; x_wconf 84' lang='lat' dir='ltr'>opibus</span> <span class='ocrx_word' id='word_1_263' title='bbox 1466 1401 1479 1415; x_wconf 83' lang='lat' dir='ltr'><em>v</em></span> <span class='ocrx_word' id='word_1_264' title='bbox 1493 1388 1604 1424; x_wconf 73' lang='lat' dir='ltr'>operibus</span> 
     </span>
    </p>

    <p class='ocr_par' dir='ltr' id='par_1_43' title="bbox 1287 1425 1919 1502">
     <span class='ocr_line' id='line_1_66' title="bbox 1287 1425 1919 1467; baseline 0.009 -15"><span class='ocrx_word' id='word_1_265' title='bbox 1287 1440 1327 1446; x_wconf 91' lang='lat'>—</span> <span class='ocrx_word' id='word_1_266' title='bbox 1349 1425 1513 1455; x_wconf 84' lang='lat' dir='ltr'>facultatem</span> <span class='ocrx_word' id='word_1_267' title='bbox 1543 1428 1562 1456; x_wconf 91' lang='lat' dir='ltr'>P</span> <span class='ocrx_word' id='word_1_268' title='bbox 1590 1428 1726 1455; x_wconf 80' lang='lat' dir='ltr'>bonitatem</span> <span class='ocrx_word' id='word_1_269' title='bbox 1759 1430 1919 1467; x_wconf 75' lang='lat' dir='ltr'>(potestatem</span> 
     </span>
     <span class='ocr_line' id='line_1_67' title="bbox 1387 1466 1530 1502; baseline 0 -8"><span class='ocrx_word' id='word_1_270' title='bbox 1387 1466 1448 1502; x_wconf 67' lang='grc' dir='ltr'>βψ.</span> <span class='ocrx_word' id='word_1_271' title='bbox 1464 1469 1530 1501; x_wconf 83' lang='lat' dir='ltr'><em>lin.)</em></span> 
     </span>
    </p>

    <p class='ocr_par' dir='ltr' id='par_1_44' title="bbox 1287 1505 1542 1534">
     <span class='ocr_line' id='line_1_68' title="bbox 1287 1505 1542 1534; baseline 0.016 -4"><span class='ocrx_word' id='word_1_272' title='bbox 1287 1519 1327 1525; x_wconf 92' lang='lat'><strong>—</strong></span> <span class='ocrx_word' id='word_1_273' title='bbox 1347 1505 1401 1532; x_wconf 86' lang='lat' dir='ltr'>hoc</span> <span class='ocrx_word' id='word_1_274' title='bbox 1418 1506 1437 1532; x_wconf 85' lang='lat' dir='ltr'>P</span> <span class='ocrx_word' id='word_1_275' title='bbox 1452 1509 1479 1534; x_wconf 82' lang='lat' dir='ltr'>in</span> <span class='ocrx_word' id='word_1_276' title='bbox 1498 1508 1542 1534; x_wconf 82' lang='lat' dir='ltr'>hoc</span> 
     </span>
    </p>

    <p class='ocr_par' dir='ltr' id='par_1_45' title="bbox 1291 1545 1738 1580">
     <span class='ocr_line' id='line_1_69' title="bbox 1291 1545 1738 1580; baseline 0.009 -10"><span class='ocrx_word' id='word_1_277' title='bbox 1291 1553 1324 1580; x_wconf 87' lang='lat'>3²</span> <span class='ocrx_word' id='word_1_278' title='bbox 1352 1545 1550 1573; x_wconf 76' lang='lat' dir='ltr'>Volaterranos</span> <span class='ocrx_word' id='word_1_279' title='bbox 1566 1560 1579 1574; x_wconf 72' lang='grc' dir='ltr'><strong><em>υ</em></strong></span> <span class='ocrx_word' id='word_1_280' title='bbox 1594 1546 1738 1574; x_wconf 68' lang='lat' dir='ltr'>Volteramu</span> 
     </span>
    </p>
   </div>
   <div class='ocr_carea' id='block_1_14' title="bbox 1211 1583 1727 1621">
    <p class='ocr_par' dir='ltr' id='par_1_46' title="bbox 1211 1583 1727 1621">
     <span class='ocr_line' id='line_1_70' title="bbox 1211 1583 1727 1621; baseline 0.008 -12"><span class='ocrx_word' id='word_1_281' title='bbox 1211 1593 1265 1621; x_wconf 79' lang='lat'>337</span> <span class='ocrx_word' id='word_1_282' title='bbox 1309 1593 1328 1619; x_wconf 89' lang='lat'>4</span> <span class='ocrx_word' id='word_1_283' title='bbox 1349 1583 1540 1613; x_wconf 83' lang='lat' dir='ltr'>Volaterranis</span> <span class='ocrx_word' id='word_1_284' title='bbox 1556 1599 1569 1613; x_wconf 81' lang='lat' dir='ltr'><em>v</em></span> <span class='ocrx_word' id='word_1_285' title='bbox 1585 1585 1727 1614; x_wconf 78' lang='lat' dir='ltr'>Volteranis</span> 
     </span>
    </p>
   </div>
   <div class='ocr_carea' id='block_1_15' title="bbox 1215 1623 1796 2454">
    <p class='ocr_par' dir='ltr' id='par_1_47' title="bbox 1215 1623 1796 2454">
     <span class='ocr_line' id='line_1_71' title="bbox 1310 1623 1529 1661; baseline 0.014 -12"><span class='ocrx_word' id='word_1_286' title='bbox 1310 1633 1324 1661; x_wconf 80' lang='lat'>5</span> <span class='ocrx_word' id='word_1_287' title='bbox 1349 1633 1445 1651; x_wconf 84' lang='lat' dir='ltr'>eorum</span> <span class='ocrx_word' id='word_1_288' title='bbox 1461 1623 1488 1658; x_wconf 65' lang='grc' dir='ltr'>ψ</span> <span class='ocrx_word' id='word_1_289' title='bbox 1502 1626 1529 1652; x_wconf 85' lang='lat' dir='ltr'>d.</span> 
     </span>
     <span class='ocr_line' id='line_1_72' title="bbox 1311 1662 1698 1701; baseline 0.01 -12"><span class='ocrx_word' id='word_1_290' title='bbox 1311 1664 1327 1690; x_wconf 85' lang='lat'><strong>6</strong></span> <span class='ocrx_word' id='word_1_291' title='bbox 1350 1662 1491 1699; x_wconf 77' lang='lat' dir='ltr'>possumus</span> <span class='ocrx_word' id='word_1_292' title='bbox 1505 1677 1529 1697; x_wconf 72' lang='lat' dir='ltr'>v,</span> <span class='ocrx_word' id='word_1_293' title='bbox 1546 1664 1612 1701; x_wconf 70' lang='grc' dir='ltr'>ψμ</span> <span class='ocrx_word' id='word_1_294' title='bbox 1632 1676 1698 1693; x_wconf 73' lang='lat' dir='ltr'>emur</span> 
     </span>
     <span class='ocr_line' id='line_1_73' title="bbox 1290 1703 1493 1732; baseline 0.015 -3"><span class='ocrx_word' id='word_1_295' title='bbox 1290 1716 1330 1723; x_wconf 93' lang='grc'>--</span> <span class='ocrx_word' id='word_1_296' title='bbox 1354 1703 1425 1730; x_wconf 82' lang='lat' dir='ltr'>Vale</span> <span class='ocrx_word' id='word_1_297' title='bbox 1445 1705 1493 1732; x_wconf 77' lang='lat' dir='ltr'>vd.</span> 
     </span>
     <span class='ocr_line' id='line_1_74' title="bbox 1295 1741 1796 1782; baseline 0.008 -13"><span class='ocrx_word' id='word_1_298' title='bbox 1295 1750 1325 1770; x_wconf 89' lang='grc'>11</span> <span class='ocrx_word' id='word_1_299' title='bbox 1350 1741 1477 1779; x_wconf 82' lang='lat' dir='ltr'>impedio</span> <span class='ocrx_word' id='word_1_300' title='bbox 1489 1757 1502 1771; x_wconf 81' lang='lat' dir='ltr'><em>v</em></span> <span class='ocrx_word' id='word_1_301' title='bbox 1517 1744 1619 1780; x_wconf 68' lang='lat' dir='ltr'>imptdii</span> <span class='ocrx_word' id='word_1_302' title='bbox 1633 1743 1659 1779; x_wconf 67' lang='grc' dir='ltr'>ψ</span> <span class='ocrx_word' id='word_1_303' title='bbox 1674 1745 1796 1782; x_wconf 64' lang='lat' dir='ltr'>impendii</span> 
     </span>
     <span class='ocr_line' id='line_1_75' title="bbox 1295 1786 1468 1818; baseline 0.006 -10"><span class='ocrx_word' id='word_1_304' title='bbox 1295 1790 1304 1808; x_wconf 87' lang='lat'>1</span> <span class='ocrx_word' id='word_1_305' title='bbox 1314 1791 1329 1809; x_wconf 90' lang='grc'><strong>2</strong></span> <span class='ocrx_word' id='word_1_306' title='bbox 1351 1791 1403 1818; x_wconf 88' lang='lat' dir='ltr'>pro</span> <span class='ocrx_word' id='word_1_307' title='bbox 1417 1795 1429 1809; x_wconf 78' lang='lat' dir='ltr'><em>v</em></span> <span class='ocrx_word' id='word_1_308' title='bbox 1443 1786 1468 1812; x_wconf 84' lang='lat' dir='ltr'>d.</span> 
     </span>
     <span class='ocr_line' id='line_1_76' title="bbox 1296 1821 1586 1856; baseline 0.007 -8"><span class='ocrx_word' id='word_1_309' title='bbox 1296 1823 1330 1848; x_wconf 87' lang='grc'>16</span> <span class='ocrx_word' id='word_1_310' title='bbox 1354 1821 1455 1850; x_wconf 89' lang='lat' dir='ltr'>Curtio</span> <span class='ocrx_word' id='word_1_311' title='bbox 1468 1822 1492 1856; x_wconf 65' lang='grc' dir='ltr'>ψ</span> <span class='ocrx_word' id='word_1_312' title='bbox 1508 1822 1586 1850; x_wconf 81' lang='lat' dir='ltr'>Cutio</span> 
     </span>
     <span class='ocr_line' id='line_1_77' title="bbox 1294 1861 1714 1892; baseline 0.01 -4"><span class='ocrx_word' id='word_1_313' title='bbox 1294 1870 1326 1888; x_wconf 87' lang='lat'>21</span> <span class='ocrx_word' id='word_1_314' title='bbox 1351 1861 1539 1890; x_wconf 86' lang='lat' dir='ltr'>Volaterrano</span> <span class='ocrx_word' id='word_1_315' title='bbox 1553 1876 1566 1889; x_wconf 80' lang='grc' dir='ltr'><strong><em>υ</em></strong></span> <span class='ocrx_word' id='word_1_316' title='bbox 1581 1862 1714 1892; x_wconf 70' lang='lat' dir='ltr'>Voltcrano</span> 
     </span>
     <span class='ocr_line' id='line_1_78' title="bbox 1293 1901 1585 1937; baseline 0 -9"><span class='ocrx_word' id='word_1_317' title='bbox 1293 1910 1331 1936; x_wconf 90' lang='lat'>24</span> <span class='ocrx_word' id='word_1_318' title='bbox 1352 1901 1447 1928; x_wconf 84' lang='lat' dir='ltr'>arniss&#39;a</span> <span class='ocrx_word' id='word_1_319' title='bbox 1462 1901 1488 1936; x_wconf 66' lang='grc' dir='ltr'>ψ</span> <span class='ocrx_word' id='word_1_320' title='bbox 1502 1903 1585 1937; x_wconf 67' lang='lat' dir='ltr'><em>omgffiz</em></span> 
     </span>
     <span class='ocr_line' id='line_1_79' title="bbox 1294 1940 1670 1970; baseline 0.005 -3"><span class='ocrx_word' id='word_1_321' title='bbox 1294 1940 1330 1967; x_wconf 80' lang='lat'>26</span> <span class='ocrx_word' id='word_1_322' title='bbox 1352 1940 1494 1968; x_wconf 86' lang='lat' dir='ltr'>dividatur</span> <span class='ocrx_word' id='word_1_323' title='bbox 1508 1954 1521 1968; x_wconf 81' lang='grc' dir='ltr'><strong><em>υ</em></strong></span> <span class='ocrx_word' id='word_1_324' title='bbox 1535 1943 1670 1970; x_wconf 77' lang='lat' dir='ltr'>dividitur</span> 
     </span>
     <span class='ocr_line' id='line_1_80' title="bbox 1293 1980 1540 2017; baseline 0.004 -10"><span class='ocrx_word' id='word_1_325' title='bbox 1293 1982 1328 2007; x_wconf 91' lang='lat'>28</span> <span class='ocrx_word' id='word_1_326' title='bbox 1352 1980 1428 2017; x_wconf 81' lang='lat' dir='ltr'>apud</span> <span class='ocrx_word' id='word_1_327' title='bbox 1444 1988 1471 2008; x_wconf 90' lang='lat' dir='ltr'>te</span> <span class='ocrx_word' id='word_1_328' title='bbox 1486 1994 1499 2008; x_wconf 74' lang='lat' dir='ltr'><em>v</em></span> <span class='ocrx_word' id='word_1_329' title='bbox 1513 1982 1540 2008; x_wconf 86' lang='lat' dir='ltr'>d.</span> 
     </span>
     <span class='ocr_line' id='line_1_81' title="bbox 1295 2028 1608 2056; baseline 0.003 -9"><span class='ocrx_word' id='word_1_330' title='bbox 1295 2028 1326 2056; x_wconf 83' lang='lat'>3¹</span> <span class='ocrx_word' id='word_1_331' title='bbox 1353 2029 1417 2047; x_wconf 86' lang='lat' dir='ltr'>cum</span> <span class='ocrx_word' id='word_1_332' title='bbox 1432 2033 1445 2047; x_wconf 81' lang='grc' dir='ltr'><strong>υ</strong></span> <span class='ocrx_word' id='word_1_333' title='bbox 1460 2030 1539 2048; x_wconf 82' lang='lat' dir='ltr'>meum</span> <span class='ocrx_word' id='word_1_334' title='bbox 1553 2031 1608 2048; x_wconf 85' lang='lat' dir='ltr'>cum</span> 
     </span>
     <span class='ocr_line' id='line_1_82' title="bbox 1215 2059 1531 2096; baseline 0.006 -11"><span class='ocrx_word' id='word_1_335' title='bbox 1215 2060 1270 2096; x_wconf 81' lang='lat'>338</span> <span class='ocrx_word' id='word_1_336' title='bbox 1317 2069 1326 2086; x_wconf 94' lang='grc'>1</span> <span class='ocrx_word' id='word_1_337' title='bbox 1354 2059 1418 2086; x_wconf 87' lang='lat' dir='ltr'>Hoc</span> <span class='ocrx_word' id='word_1_338' title='bbox 1433 2068 1484 2087; x_wconf 82' lang='lat' dir='ltr'>vet</span> <span class='ocrx_word' id='word_1_339' title='bbox 1498 2070 1531 2087; x_wconf 77' lang='lat' dir='ltr'>cx</span> 
     </span>
     <span class='ocr_line' id='line_1_83' title="bbox 1314 2099 1495 2127; baseline 0.006 -1"><span class='ocrx_word' id='word_1_340' title='bbox 1314 2109 1329 2126; x_wconf 89' lang='lat'><strong>2</strong></span> <span class='ocrx_word' id='word_1_341' title='bbox 1355 2099 1427 2126; x_wconf 90' lang='lat' dir='ltr'>Vale</span> <span class='ocrx_word' id='word_1_342' title='bbox 1441 2113 1454 2126; x_wconf 85' lang='lat' dir='ltr'><em>v</em></span> <span class='ocrx_word' id='word_1_343' title='bbox 1470 2101 1495 2127; x_wconf 87' lang='lat' dir='ltr'>d.</span> 
     </span>
     <span class='ocr_line' id='line_1_84' title="bbox 1316 2138 1518 2175; baseline 0.015 -10"><span class='ocrx_word' id='word_1_344' title='bbox 1316 2148 1330 2175; x_wconf 88' lang='grc'>3</span> <span class='ocrx_word' id='word_1_345' title='bbox 1355 2138 1438 2166; x_wconf 75' lang='lat' dir='ltr'>Orcae</span> <span class='ocrx_word' id='word_1_346' title='bbox 1451 2139 1476 2172; x_wconf 69' lang='grc' dir='ltr'>«ᾧ</span> <span class='ocrx_word' id='word_1_347' title='bbox 1491 2140 1518 2168; x_wconf 85' lang='lat' dir='ltr'>d.</span> 
     </span>
     <span class='ocr_line' id='line_1_85' title="bbox 1315 2178 1723 2214; baseline 0 -7"><span class='ocrx_word' id='word_1_348' title='bbox 1315 2188 1333 2214; x_wconf 86' lang='lat'>4</span> <span class='ocrx_word' id='word_1_349' title='bbox 1355 2179 1384 2207; x_wconf 85' lang='lat' dir='ltr'>Si</span> <span class='ocrx_word' id='word_1_350' title='bbox 1490 2178 1570 2206; x_wconf 88' lang='lat' dir='ltr'>valeo</span> <span class='ocrx_word' id='word_1_351' title='bbox 1586 2178 1606 2206; x_wconf 90' lang='grc' dir='ltr'>Ρ</span> <span class='ocrx_word' id='word_1_352' title='bbox 1622 2191 1645 2211; x_wconf 70' lang='lat' dir='ltr'>v,</span> <span class='ocrx_word' id='word_1_353' title='bbox 1656 2179 1680 2212; x_wconf 59' lang='lat' dir='ltr'>-L</span> <span class='ocrx_word' id='word_1_354' title='bbox 1698 2180 1723 2207; x_wconf 86' lang='lat' dir='ltr'>d.</span> 
     </span>
     <span class='ocr_line' id='line_1_86' title="bbox 1316 2219 1516 2255; baseline 0 -10"><span class='ocrx_word' id='word_1_355' title='bbox 1316 2228 1330 2255; x_wconf 80' lang='grc' dir='ltr'><em>ς</em></span> <span class='ocrx_word' id='word_1_356' title='bbox 1355 2228 1399 2245; x_wconf 86' lang='lat' dir='ltr'>me</span> <span class='ocrx_word' id='word_1_357' title='bbox 1415 2226 1442 2245; x_wconf 87' lang='lat' dir='ltr'>et</span> <span class='ocrx_word' id='word_1_358' title='bbox 1457 2219 1478 2245; x_wconf 91' lang='lat' dir='ltr'>P</span> <span class='ocrx_word' id='word_1_359' title='bbox 1489 2220 1516 2245; x_wconf 89' lang='lat' dir='ltr'>d.</span> 
     </span>
     <span class='ocr_line' id='line_1_87' title="bbox 1299 2257 1736 2293; baseline 0.002 -8"><span class='ocrx_word' id='word_1_360' title='bbox 1299 2266 1335 2293; x_wconf 88' lang='lat'>¹4</span> <span class='ocrx_word' id='word_1_361' title='bbox 1355 2257 1474 2286; x_wconf 85' lang='lat' dir='ltr'>adhibet</span> <span class='ocrx_word' id='word_1_362' title='bbox 1488 2258 1508 2285; x_wconf 91' lang='lat' dir='ltr'>P</span> <span class='ocrx_word' id='word_1_363' title='bbox 1522 2271 1544 2289; x_wconf 84' lang='lat' dir='ltr'>v,</span> <span class='ocrx_word' id='word_1_364' title='bbox 1559 2257 1584 2292; x_wconf 71' lang='grc' dir='ltr'>ῴ</span> <span class='ocrx_word' id='word_1_365' title='bbox 1598 2257 1736 2286; x_wconf 83' lang='lat' dir='ltr'>adhibetur</span> 
     </span>
     <span class='ocr_line' id='line_1_88' title="bbox 1298 2305 1489 2332; baseline 0 -6"><span class='ocrx_word' id='word_1_366' title='bbox 1298 2305 1310 2326; x_wconf 85' lang='lat'>1</span> <span class='ocrx_word' id='word_1_367' title='bbox 1320 2306 1333 2332; x_wconf 87' lang='lat'>7</span> <span class='ocrx_word' id='word_1_368' title='bbox 1355 2307 1416 2325; x_wconf 83' lang='lat' dir='ltr'>eam</span> <span class='ocrx_word' id='word_1_369' title='bbox 1432 2311 1444 2324; x_wconf 75' lang='grc' dir='ltr'><em>υ</em></span> <span class='ocrx_word' id='word_1_370' title='bbox 1458 2309 1489 2326; x_wconf 81' lang='lat' dir='ltr'>ea</span> 
     </span>
     <span class='ocr_line' id='line_1_89' title="bbox 1300 2340 1455 2365; baseline -0.006 0"><span class='ocrx_word' id='word_1_371' title='bbox 1300 2340 1332 2365; x_wconf 88' lang='lat'>18</span> <span class='ocrx_word' id='word_1_372' title='bbox 1356 2344 1384 2365; x_wconf 90' lang='lat' dir='ltr'>et</span> <span class='ocrx_word' id='word_1_373' title='bbox 1399 2351 1412 2365; x_wconf 84' lang='grc' dir='ltr'><strong><em>υ</em></strong></span> <span class='ocrx_word' id='word_1_374' title='bbox 1427 2344 1455 2365; x_wconf 83' lang='lat' dir='ltr'>ut</span> 
     </span>
     <span class='ocr_line' id='line_1_90' title="bbox 1297 2376 1748 2415; baseline 0 -10"><span class='ocrx_word' id='word_1_375' title='bbox 1297 2386 1333 2405; x_wconf 84' lang='lat'>20</span> <span class='ocrx_word' id='word_1_376' title='bbox 1354 2376 1539 2415; x_wconf 82' lang='lat' dir='ltr'>graviffimam</span> <span class='ocrx_word' id='word_1_377' title='bbox 1554 2389 1567 2404; x_wconf 81' lang='grc' dir='ltr'><strong>υ</strong></span> <span class='ocrx_word' id='word_1_378' title='bbox 1576 2378 1748 2415; x_wconf 73' lang='lat' dir='ltr'>gratiffi‘mam</span> 
     </span>
     <span class='ocr_line' id='line_1_91' title="bbox 1298 2416 1604 2454; baseline 0 -9"><span class='ocrx_word' id='word_1_379' title='bbox 1298 2425 1333 2454; x_wconf 87' lang='lat'>27</span> <span class='ocrx_word' id='word_1_380' title='bbox 1356 2426 1413 2445; x_wconf 84' lang='lat' dir='ltr'>non</span> <span class='ocrx_word' id='word_1_381' title='bbox 1428 2430 1441 2445; x_wconf 81' lang='grc' dir='ltr'><strong><em>υ</em></strong></span> <span class='ocrx_word' id='word_1_382' title='bbox 1455 2416 1546 2446; x_wconf 78' lang='lat' dir='ltr'>verbis</span> <span class='ocrx_word' id='word_1_383' title='bbox 1558 2428 1604 2445; x_wconf 86' lang='lat' dir='ltr'>non</span> 
     </span>
    </p>
   </div>
   <div class='ocr_carea' id='block_1_16' title="bbox 1397 2193 1476 2200">
    <p class='ocr_par' dir='ltr' id='par_1_48' title="bbox 1397 2193 1476 2200">
     <span class='ocr_line' id='line_1_92' title="bbox 1397 2193 1476 2200; baseline 0 797"><span class='ocrx_word' id='word_1_384' title='bbox 1397 2193 1476 2200; x_wconf 95' lang='lat' dir='ltr'> </span> 
     </span>
    </p>
   </div>
  </div>
 </body>
</html>
