2351 2997
572 290 649 329 160
914 285 1590 326 EPISTOLARUM

1029 357 1037 379 )

572 401 759 440 magnum
779 387 831 424 est
851 385 1051 430 solatium'3
1076 385 1283 437 pracsertim
1300 398 1392 421 cum
1411 383 1574 421 habeam
1595 383 1686 420 duas
1704 395 1775 427 res,
1794 382 1936 434 quibus

572 467 635 491 me
656 453 875 496 sustentem,
893 452 1130 502 optimarum
1151 450 1292 486 artium
1314 449 1527 493 scientiam,
1545 458 1582 486 et
1602 449 1861 486 maximarum
1877 461 1937 485 re-

572 531 660 556 rum
681 517 867 567 glorhmn
891 528 1055 566 quarum
1076 514 1191 550 altera
1213 512 1310 549 mihi
1331 513 1418 549 vivo
1440 526 1639 564 nunquam
1660 513 1857 564 eripietur,
1880 512 1936 549 al-

574 591 651 619 tera
668 594 713 617 ne
731 589 885 616 mortuo
902 578 1074 630 quidem.
1109 578 1205 614 Haec
1223 577 1267 613 ad
1285 586 1320 613 te
1337 577 1464 628 scripfi
1481 577 1688 620 verbosius,
1705 586 1742 613 et
1760 577 1833 614 tibi
1849 590 1936 614 mo-

571 646 686 683 lestus
707 644 780 688 fui,
803 643 906 696 quod
929 653 980 686 te,
1010 656 1102 680 cum
1124 642 1215 686 mei,
1248 651 1333 678 tum
1354 641 1592 692 reipublicae,
1618 642 1784 691 cognovi
1803 654 1937 678 aman-

572 710 774 748 tiffimum.
819 710 974 746 Notum
1005 708 1077 744 tibi
1107 720 1222 744 omne
1252 720 1384 743 meum
1415 706 1620 742 confilium
1647 705 1717 742 effe
1743 705 1864 749 volui,
1895 713 1939 742 ut

573 776 745 827 primum
773 774 900 818 scires,
931 787 993 810 me
1022 786 1223 824 nunquam
1253 771 1410 809 voluiffe
1439 772 1528 822 plus
1558 784 1794 822 quemquam
1822 769 1938 821 poffe,

573 853 689 892 quam
722 839 934 877 universam
966 838 1276 890 rempublicam:
1310 836 1436 888 postea
1466 845 1595 872 autem
1628 848 1743 885 quam
1774 835 1938 885 alicujus

574 904 689 956 culpa
709 913 860 941 tantum
882 902 1021 939 valeret
1052 916 1166 946 unus,
1199 911 1242 938 ut
1271 900 1398 938 obsisti
1427 914 1504 937 non
1535 899 1667 951 pofl'et,
1700 913 1762 936 me
1781 898 1940 936 voluiss‘e

574 983 736 1021 pacem:
768 968 899 1005 amiffo
920 968 1106 1011 exercitu,
1138 976 1175 1003 et
1196 980 1240 1003 eo
1265 966 1376 1009 duce,
1407 965 1446 1002 in
1475 978 1553 1016 quo
1583 964 1664 1015 spes
1692 963 1815 1000 fuerat
1844 977 1937 1008 uno,

575 1048 638 1072 me
657 1033 814 1071 voluisse
834 1034 950 1070 etiam
972 1033 1131 1083 reliquis
1153 1031 1336 1068 omnibus
1355 1049 1364 1074 ς
1397 1030 1598 1081 postquam
1627 1042 1703 1065 non
1729 1028 1939 1079 potuerim,

575 1097 676 1136 mihi
697 1098 765 1148 ipsi
787 1097 904 1134 finem
929 1095 1056 1133 fecisse
1084 1095 1205 1132 belli:
1239 1107 1342 1131 nunc
1374 1102 1518 1136 autem,
1550 1094 1575 1129 si
1602 1091 1683 1129 haec
1711 1093 1846 1128 civitas
1874 1092 1940 1135 est,

575 1162 701 1199 civem
722 1161 792 1198 effe
813 1175 902 1203 me;
935 1161 959 1197 fi
989 1173 1081 1204 non,
1113 1159 1267 1196 exulem
1299 1158 1369 1195 esse
1397 1171 1473 1194 non
1503 1155 1811 1193 incommodiore
1838 1156 1940 1200 loco,

575 1239 693 1279 quam
714 1226 738 1263 fi
762 1224 949 1262 Rhodum
970 1235 1034 1263 aut
1055 1224 1267 1274 Mitylenas
1289 1222 1548 1260 contuliss'em.
1595 1222 1691 1258 Haec
1719 1230 1849 1258 tecum
1873 1234 1942 1257 co-

575 1305 657 1330 ram
673 1291 898 1335 malueram,
916 1290 978 1328 sed
994 1290 1086 1341 quia
1101 1289 1256 1340 longius
1278 1289 1407 1332 fiebat,
1426 1287 1531 1325 volui
1552 1301 1619 1338 per
1639 1286 1766 1323 literas
1783 1286 1914 1323 eadem
1931 1301 1940 1323 :

576 1366 621 1394 ut
641 1356 798 1394 haberes
819 1356 914 1407 quid
935 1355 1094 1398 diceres,
1126 1355 1151 1391 fi
1173 1353 1328 1406 quando
1348 1354 1388 1390 in
1410 1353 1685 1403 vituperatores
1707 1364 1812 1388 meos
1839 1351 1942 1388 inci-

577 1422 701 1460 diss'es.
749 1422 845 1458 Sunt
877 1420 996 1463 enim,
1028 1420 1111 1470 qui,
1145 1433 1237 1456 cum
1263 1431 1371 1456 meus
1399 1418 1578 1455 interitus
1607 1415 1706 1453 nihil
1728 1415 1846 1453 fuerit
1866 1416 1942 1453 rei-

576 1486 745 1539 publicae
776 1483 1019 1536 profuturus,
1051 1483 1227 1519 criminis
1259 1482 1347 1518 loco
1379 1488 1517 1532 putent
1547 1480 1631 1524 effe,
1664 1480 1770 1531 quod
1800 1481 1942 1518 vivam.

578 1551 735 1602 Qibus
756 1562 828 1600 ego
848 1557 953 1586 certo
974 1547 1051 1585 scio
1079 1561 1157 1584 non
1184 1546 1305 1583 videri
1332 1546 1419 1583 satis
1447 1545 1592 1582 multos
1625 1543 1784 1596 periffe:
1818 1545 1886 1595 qui
1918 1544 1944 1582 fi

577 1631 640 1654 me
664 1615 864 1659 audiffent,
895 1613 1071 1665 quamvis
1102 1613 1236 1664 iniqua
1264 1625 1370 1663 pace,
1401 1610 1556 1648 honeste
1587 1619 1714 1647 tamen
1744 1610 1943 1647 viverent:

576 1682 692 1719 armis
721 1681 827 1718 enim
856 1678 1071 1721 inferiores,
1103 1690 1179 1713 non
1211 1676 1332 1720 causa,
1368 1675 1539 1713 fuissent.
1585 1673 1717 1711 Habes
1747 1674 1947 1725 epistolam

577 1747 832 1785 verbosiorem
853 1743 1017 1787 fortaffe,
1039 1756 1156 1794 quam
1177 1742 1293 1780 velles
1311 1757 1318 1779 :
1351 1741 1456 1793 quod
1478 1740 1551 1778 tibi
1571 1740 1625 1777 ita
1643 1738 1763 1777 videri
1783 1739 1944 1791 putabo,

577 1812 647 1850 nisi
678 1810 778 1850 mihi
808 1809 1024 1860 longiorem
1055 1807 1257 1844 remiseris.
1304 1807 1404 1857 Ego,
1437 1805 1462 1842 fi
1493 1818 1578 1856 quae
1607 1804 1696 1842 volo
1725 1804 1943 1856 expediero,

578 1877 687 1915 brevi
707 1885 879 1929 tempore
901 1882 951 1918 te,
982 1881 1026 1910 ut
1046 1872 1167 1924 spero,
1198 1871 1352 1909 videbo.
1386 1870 1494 1906 Vale.

895 2073 957 2110 M.
991 2073 1043 2109 T.
1078 2071 1126 2108 C.
1159 2070 1222 2108 M.
1256 2069 1465 2107 MARIO
1506 2068 1543 2106 S.
1574 2068 1629 2105 D.

583 2202 656 2241 IV.
682 2201 756 2273 A
772 2201 813 2240 N
829 2201 865 2238 T
881 2201 914 2237 E
945 2200 1048 2237 diem
1072 2211 1134 2236 lx.
1156 2197 1234 2235 kal.
1258 2197 1299 2234 in
1322 2198 1546 2235 Cumanum
1566 2194 1653 2234 veni
1683 2207 1775 2231 cum
1797 2193 1948 2231 Libone

790 2275 873 2310 ωο,
905 2266 965 2302 vel
986 2264 1113 2302 nostro
1132 2263 1278 2315 potius.
1320 2263 1365 2299 In
1388 2261 1670 2314 Pompeianum
1690 2258 1818 2296 statim
1838 2259 1948 2309 cogi-

583 2343 647 2372 to:
671 2332 732 2370 sed
752 2331 892 2369 faciam
911 2338 998 2368 ante
1020 2338 1057 2366 te
1072 2328 1290 2366 certiorem.
1314 2328 1375 2365 Te
1395 2340 1486 2364 cum
1507 2326 1654 2377 semper
1674 2324 1796 2362 valere
1817 2323 1947 2375 cupio,

582 2408 671 2438 tum
690 2405 792 2435 certe
812 2395 907 2433 dum
927 2394 992 2432 hic
1018 2394 1163 2431 sumus
1211 2393 1354 2444 Qare,
1385 2392 1411 2429 fi
1441 2391 1546 2443 quod
1575 2389 1831 2428 constitutum
1859 2401 1950 2425 cum

584 2464 753 2517 podagra
771 2460 903 2505 habes,
934 2458 995 2497 fac
1016 2468 1060 2496 ut
1080 2459 1122 2495 in
1141 2457 1263 2495 alium
1283 2457 1386 2494 diem
1406 2455 1573 2495 differas.
1619 2455 1724 2493 Cura
1742 2454 1876 2506 igitur,
1907 2460 1950 2489 ut

584 2529 707 2568 valeas
727 2542 735 2566 :
767 2536 806 2565 et
824 2539 887 2564 me
906 2524 981 2564 hoc
1002 2523 1123 2562 biduo
1143 2531 1209 2562 aut
1228 2522 1358 2562 triduo
1377 2523 1547 2575 expedta.
