2351 2997
601 249 692 287 AD
753 250 1215 292 FAMILIARES
1276 256 1408 295 LIB.
1460 259 1556 299 XII.
1702 279 1779 319 325

394 346 567 384 nostrum
597 361 689 385 cum
717 349 866 401 semper
894 353 1125 403 probassem,
1158 363 1245 392 tum
1277 356 1447 394 maxime
1480 358 1520 396 in
1553 361 1630 398 tuis
1662 364 1775 401 rebus

393 412 586 449 summam
620 414 702 464 ejus
738 414 871 460 fidem,
908 416 1169 469 diligentiam,
1205 421 1548 474 prudentiamque,
1591 430 1772 478 cognovi.

393 476 454 513 Da
474 490 630 529 operam
652 487 699 515 ut.
715 479 861 518 valeas„
886 482 978 520 Hoc
999 482 1099 520 mihi
1120 485 1266 536 gratius
1288 485 1414 524 facere
1435 488 1535 526 nihil
1556 501 1680 543 potes.

516 678 579 716 M.
613 679 666 716 T.
700 680 940 717 CicERo
982 682 1383 723 CORNIFICIO
1426 688 1463 725 S.
1499 689 1542 727 P.
1576 690 1631 728 D.

387 802 542 842 XXIV.
567 804 633 876 E
649 807 687 844 G
704 807 740 843 O
772 807 929 845 nullum
951 808 1084 848 locum
1108 814 1366 863 praetermitto
1390 816 1479 866 (nec
1501 817 1606 854 enim
1628 817 1768 869 debeo)

662 885 742 909 non
770 872 888 910 modo
917 873 1099 913 laudandi
1128 877 1200 921 tui,
1234 877 1297 915 sed
1324 893 1372 917 ne
1402 881 1564 919 ornandi
1592 883 1767 933 quidem.

387 933 459 971 Sed
480 948 566 972 mea
594 936 717 973 studia
744 950 833 988 erga
863 947 899 975 te
928 947 966 976 et
995 940 1124 978 officia
1152 942 1256 980 malo
1288 943 1361 981 tibi
1382 958 1428 983 ex
1450 955 1608 984 tuorum
1629 948 1768 994 literis,

385 1013 504 1051 quam
526 1015 573 1039 ex
594 1003 707 1047 meis,
737 1003 809 1040 effe
830 1013 934 1042 nota.
982 1007 1042 1043 Te
1073 1015 1202 1045 tamen
1232 1008 1382 1055 hortor,
1415 1021 1459 1049 ut
1486 1014 1596 1050 omni
1617 1027 1708 1051 cura
1728 1015 1770 1052 in

384 1066 673 1118 rempublicam
703 1068 923 1108 incumbas.
971 1071 1063 1109 Hoc
1093 1073 1146 1110 est
1173 1074 1308 1120 animi,
1340 1075 1416 1114 hoc
1443 1077 1496 1115 est
1522 1079 1672 1130 ingenii
1694 1080 1767 1125 tui,

383 1129 461 1168 hoc
495 1134 577 1184 ejus
613 1133 707 1186 spei,
747 1148 865 1186 quam
898 1135 1039 1174 habere
1073 1138 1204 1184 debes,
1246 1142 1528 1193 aniplificandae
1564 1144 1767 1196 dignitatis

385 1205 474 1234 tuae.
523 1199 595 1235 Sed
624 1198 696 1237 hac
724 1199 770 1237 de
790 1214 830 1238 re
850 1201 940 1239 alias
962 1202 1008 1240 ad
1030 1211 1066 1241 te
1086 1204 1266 1256 pluribus
1286 1222 1294 1245 :
1328 1221 1420 1246 cum
1441 1209 1546 1246 enim
1568 1208 1651 1248 haec
1672 1210 1768 1248 scri-

383 1261 538 1307 bebam,
560 1265 601 1301 in
623 1267 890 1317 expectatione
909 1277 1017 1306 erant
1036 1271 1169 1307 onmia
1187 1287 1195 1308 :
1220 1272 1398 1311 nonduin
1419 1274 1536 1326 legati
1557 1275 1764 1321 redierant,

382 1339 479 1377 quos
501 1327 652 1366 senatus
674 1343 753 1367 non
783 1331 829 1368 ad
859 1345 995 1383 pacem
1025 1334 1320 1386 deprecandam,
1353 1338 1416 1376 sed
1447 1339 1493 1376 ad
1526 1339 1765 1378 denuntian-

381 1392 478 1430 dum
509 1392 675 1439 bellum,
705 1395 874 1441 miserat,
907 1398 977 1435 nisi
1008 1399 1226 1451 legatorum
1261 1404 1403 1441 nuntio
1436 1405 1630 1456 paruisset.
1677 1407 1766 1458 Ego

380 1465 525 1503 tamen,
557 1468 602 1497 ut
621 1460 797 1512 primum
828 1463 975 1501 occasio
1005 1464 1092 1502 data
1123 1466 1190 1511 est,
1221 1481 1309 1505 meo
1336 1469 1499 1520 pristino
1529 1484 1637 1508 more
1658 1485 1764 1509 rem-

378 1522 582 1573 publicam
603 1524 786 1564 defendi:
820 1541 882 1564 me
902 1529 1124 1581 principem
1152 1531 1300 1569 senatui
1324 1533 1552 1586 populoque
1582 1536 1765 1574 Romano

378 1587 566 1638 professus
602 1589 714 1636 sum3
756 1605 842 1636 nec,
873 1593 1002 1644 postea
1035 1608 1153 1646 quam
1188 1597 1335 1650 suscepi
1368 1599 1519 1638 causam
1554 1600 1761 1647 libertatis,

378 1654 594 1692 minimum
624 1664 778 1708 tempus
808 1658 915 1695 amisi
947 1660 1098 1698 tuendae
1128 1661 1259 1700 salutis
1289 1664 1558 1717 libertatisque
1578 1680 1762 1706 commu·-

378 1718 452 1756 nis.
500 1719 572 1756 Sed
592 1719 674 1757 haec
700 1734 856 1773 quoque
877 1731 914 1759 te
934 1737 982 1760 ex
1003 1724 1226 1764 aliis‘malo.
1261 1729 1313 1765 T.
1339 1729 1556 1775 Pinarium,
1588 1730 1760 1769 familia-

378 1784 568 1822 rifl'imum
589 1799 737 1831 meum,
770 1796 877 1826 tanto
899 1789 973 1826 tibi
997 1789 1124 1829 studio
1153 1794 1402 1839 commendo,
1434 1805 1478 1833 ut
1507 1798 1651 1848 majore
1682 1812 1761 1836 non

376 1849 542 1900 poffim3
576 1851 639 1887 cui
670 1865 763 1889 cum
792 1862 951 1904 propter
979 1868 1115 1893 omnes
1144 1857 1322 1903 virtutes,
1356 1868 1442 1897 tum
1463 1862 1580 1899 etiam
1602 1873 1761 1915 propter

375 1913 499 1951 studia
518 1916 759 1961 communia,
783 1917 867 1955 sum
888 1920 1155 1960 amiciffimus.
1188 1924 1224 1960 Is
1246 1934 1428 1976 procurat
1448 1927 1613 1964 rationes
1636 1942 1758 1980 nego-

377 1977 505 2029 tiaque
527 1980 705 2031 Dionysii
726 1981 859 2027 nostri,
891 1998 1010 2036 quem
1031 1995 1069 2023 et
1091 1994 1133 2024 tu
1153 1988 1329 2026 multum
1349 2003 1466 2035 amas,
1499 2000 1537 2028 et
1566 2005 1639 2043 ego
1668 2006 1758 2031 om-

376 2045 487 2081 nium
517 2046 750 2096 plurimum.
799 2050 856 2086 Ea
886 2051 960 2088 tibi
994 2066 1065 2103 ego
1097 2066 1176 2091 non
1207 2055 1329 2094 debeo
1360 2058 1662 2103 commendare;
1695 2060 1758 2097 sed

374 2110 610 2148 commendo
632 2120 774 2150 tamen.
808 2115 941 2152 Facies
963 2116 1098 2167 igitur,
1132 2127 1175 2156 ut
1195 2133 1242 2157 ex
1264 2121 1424 2167 Pinarii,
1456 2124 1659 2174 gratissimi
1679 2124 1755 2163 ho-

374 2175 508 2219 minis,
539 2175 662 2214 literis
694 2187 808 2216 tuum
838 2189 875 2218 et
905 2194 994 2233 erga
1023 2183 1140 2221 illum
1161 2193 1199 2223 et
1219 2199 1308 2238 erga
1328 2187 1563 2239 Dionysium
1584 2190 1756 2231 studium

373 2240 664 2292 perspiciamus.
698 2244 807 2283 Vale,
