2351 2997
556 289 633 340 428
902 278 1584 323 EPISTOLARUM

557 389 685 441 poffis.
722 385 792 423 Sed
814 394 949 422 caetera
969 383 1108 421 scribes
1130 381 1175 418 ad
1198 393 1266 417 nos
1289 379 1429 431 postea.
1469 379 1591 416 Nunc
1613 376 1696 414 haec
1716 376 1846 429 primo
1867 391 1938 415 cu-

559 454 625 506 pio
647 450 891 502 cognoscere,
922 449 995 485 iter
1016 457 1129 484 tuum
1151 444 1371 495 cujusmodi
1394 444 1452 487 fit,
1485 443 1555 480 ubi
1580 443 1747 480 Brutum
1768 442 1940 479 nostrum

560 517 717 558 videris,
736 512 923 565 quamdiu
946 510 1058 548 fimul
1081 503 1220 546 fucrisi
1246 507 1399 552 deinde,
1417 520 1509 544 cum
1526 506 1746 558 processeris
1768 507 1940 558 longius,

562 583 607 619 de
630 580 780 617 bellicis
803 578 932 621 rebus,
955 576 1000 613 de
1023 585 1106 612 toto
1127 574 1300 625 negotiO,
1333 582 1376 609 ut
1397 573 1614 610 existimare
1634 571 1832 623 possimus,
1862 585 1942 623 quo

562 646 658 682 statu
682 644 812 681 fimus.
845 643 932 693 Ego
954 649 1107 678 tantum
1128 652 1190 676 me
1212 637 1304 674 scire
1326 637 1485 688 putabo,
1509 643 1701 688 quantum
1722 648 1768 672 ex
1791 636 1867 672 tuis
1889 636 1939 672 li-

564 712 653 748 teris
685 709 837 746 habebo
867 707 1088 758 cognitum.
1137 705 1240 742 Cura
1267 712 1310 740 ut
1340 702 1478 748 valeas,
1510 714 1651 752 meque
1680 713 1783 738 ames
1813 713 1944 739 amore

564 776 634 813 illo
656 784 723 813 tuo
745 772 940 824 singulari.

840 969 903 1006 M.
936 969 988 1005 T.
1024 967 1071 1004 C.
1105 968 1422 1004 TREBONIO
1467 964 1505 1001 S.
1538 964 1581 1001 P.
1615 964 1675 1000 D-

567 1099 682 1136 XXI.
707 1097 822 1168 ET
852 1095 1053 1147 epistolam
1075 1103 1181 1131 tuam
1202 1092 1280 1143 legi
1300 1091 1482 1135 libenter,
1509 1100 1546 1128 et
1568 1091 1715 1128 librum
1736 1089 1942 1128 libentissi-

803 1175 885 1198 me:
911 1160 972 1197 sed
994 1169 1122 1197 tamen
1144 1159 1184 1194 in
1201 1170 1242 1193 ea
1258 1156 1457 1207 voluptate
1473 1155 1579 1193 hunc
1600 1155 1732 1206 accepi
1753 1154 1948 1198 dolorem>

565 1227 672 1278 quod
689 1241 779 1264 cum
798 1224 1025 1263 incendifl'es
1042 1222 1298 1275 cupiditatem
1315 1234 1441 1258 meam
1458 1219 1748 1257 consuetudinis
1763 1219 1953 1270 augendae*

568 1293 716 1337 nostrae,
752 1295 860 1343 (nam
887 1290 933 1327 ad
962 1302 1134 1327 amorem
1162 1286 1321 1339 quidem
1344 1285 1444 1323 nihil
1469 1294 1619 1338 poterat
1639 1284 1835 1334 accedere)
1860 1294 1947 1322 tum

567 1358 731 1395 discedis
752 1371 772 1395 a
792 1357 920 1399 nobis,
953 1368 1093 1407 meque
1119 1362 1226 1391 tanto
1254 1352 1438 1389 defiderio
1461 1352 1597 1395 afficis,
1629 1360 1673 1388 ut
1699 1362 1817 1387 unam
1844 1348 1947 1387 mihi

566 1423 872 1461 consolationem
889 1421 1098 1472 relinquas,
1117 1418 1213 1461 fore,
1229 1426 1272 1454 ut
1289 1417 1489 1467 utriusque
1504 1416 1677 1453 nostrum
1693 1415 1858 1452 absentis
1875 1414 1945 1451 de„

568 1488 749 1525 fiderium
770 1486 914 1524 crebris
935 1495 974 1522 et
994 1484 1122 1535 longis
1143 1481 1313 1533 epistolis
1334 1481 1514 1518 leniatur.
1539 1480 1657 1531 Qod
1673 1493 1745 1531 ego
1761 1493 1838 1516 non
1856 1492 1945 1516 mo—

567 1553 616 1590 do
638 1554 683 1590 de
704 1567 766 1590 me
787 1552 861 1589 tibi
882 1550 1067 1603 spondere
1088 1547 1253 1601 possum,
1286 1546 1348 1583 sed
1369 1546 1415 1583 de
1436 1556 1473 1583 te
1493 1546 1610 1583 etiam
1632 1544 1733 1582 mihi
1752 1560 1761 1582 ε
1794 1544 1945 1581 nullam

568 1619 674 1655 enim
704 1618 806 1670 apud
836 1630 898 1654 me
928 1614 1117 1667 reliquisti
1149 1612 1450 1654 dubitationem,
1482 1620 1674 1662 quantum
1701 1623 1764 1647 me
1785 1622 1943 1646 amares.

570 1684 690 1727 Nam,
723 1692 767 1719 ut
796 1681 863 1718 illa
883 1680 1078 1722 omittam,
1110 1691 1195 1729 quae
1216 1677 1372 1714 civitate
1393 1675 1484 1712 teste
1504 1674 1644 1718 fecisti,
1676 1687 1768 1711 cum
1789 1687 1951 1711 mecum<

570 1748 796 1786 inimicitias
818 1744 1144 1788 communicasti3
1176 1756 1268 1780 cum
1289 1755 1352 1779 me
1371 1741 1629 1779 concionibus
1652 1741 1728 1777 tuis
1751 1738 1945 1776 defendis-

569 1815 627 1858 ti;
660 1827 753 1850 cum
780 1811 943 1864 quaestor
972 1811 1013 1847 in
1041 1823 1139 1853 mea,
1171 1818 1285 1859 atque
1315 1808 1355 1844 in
1382 1806 1554 1859 publica,
1586 1805 1708 1850 causa,
1740 1804 1947 1842 consulum

570 1889 694 1931 partes
716 1876 937 1929 suscepisti3
965 1889 1056 1913 cum
1078 1875 1238 1912 tribuno
1258 1872 1384 1924 plebis
1406 1871 1568 1923 quaestor
1590 1884 1666 1907 non
1688 1869 1860 1922 paruisti,
1883 1870 1947 1907 cui

570 1955 658 1981 tuus
681 1942 890 1994 praesertim
911 1941 1061 1991 collega
1081 1948 1251 1991 pareret:
1277 1947 1319 1974 ut
1340 1936 1422 1973 haec
1443 1936 1625 1980 recentia,
1647 1949 1731 1986 quae
1753 1934 1946 1972 memine-

572 2023 614 2046 ro
634 2008 796 2059 semper,
819 2005 1037 2049 obliviscar,
1060 2017 1145 2055 quae
1167 2012 1231 2040 tua
1252 2001 1475 2039 sollicitudo
1496 2001 1542 2038 de
1563 2014 1626 2037 me
1647 2000 1685 2037 in
1707 2000 1838 2044 armis,
1862 2013 1947 2051 quae

572 2074 706 2111 laetitia
726 2074 765 2109 in
789 2072 929 2114 reditu,
952 2084 1037 2122 quae
1058 2082 1162 2113 cura,
1185 2068 1252 2119 qui
1275 2067 1399 2111 dolor,
1418 2080 1509 2104 cum
1530 2065 1576 2103 ad
1598 2075 1634 2102 te
1654 2079 1754 2102 curae
1775 2074 1812 2102 et
1833 2064 1946 2101 dolo-

574 2153 630 2176 res
652 2138 728 2175 mei
750 2135 1034 2188 perferrentur:
1060 2133 1319 2171 Brundusium
1342 2132 1510 2183 denique
1532 2141 1567 2168 te
1588 2130 1633 2167 ad
1655 2143 1717 2167 me
1737 2139 1948 2167 venturum

572 2203 697 2247 suiffe,
730 2202 798 2239 nisi
831 2201 959 2238 subito
989 2200 1027 2237 in
1063 2199 1292 2251 Hispaniam
1324 2196 1456 2234 miffus
1491 2196 1608 2234 effes:
1642 2204 1685 2232 ut
1714 2194 1796 2232 haec
1826 2195 1948 2245 igitur

573 2270 768 2311 omittam,
792 2281 875 2319 quae
898 2265 997 2303 mihi
1019 2265 1115 2302 tanti
1137 2263 1356 2301 :estimanda
1376 2262 1478 2306 sunt,
1504 2262 1640 2313 quanti
1661 2261 1781 2298 vitam
1801 2259 1947 2297 aestimo

572 2345 609 2371 et
632 2334 792 2371 salutem
814 2345 939 2368 meam
959 2346 966 2368 ;
999 2331 1098 2367 liber
1119 2329 1200 2373 iste,
1232 2341 1350 2379 quem
1370 2327 1470 2365 mihi
1492 2326 1640 2371 misisti,
1670 2334 1855 2378 quantam
1876 2324 1947 2362 ha-

574 2402 637 2437 bet
659 2398 957 2436 declarationem
978 2396 1118 2433 amoris
1142 2395 1198 2431 tui
1218 2395 1231 2431 ?
1263 2394 1451 2445 primum,
1473 2391 1579 2444 quod
1601 2391 1674 2428 tibi
1694 2390 1866 2428 facetum
1886 2390 1948 2427 vi-

573 2466 685 2502 detur
719 2462 914 2514 quidquid
947 2475 1018 2513 ego
1053 2461 1149 2503 dixi,
1181 2458 1287 2510 quod
1316 2459 1401 2495 aliis
1431 2457 1582 2494 fortaffe
1614 2470 1690 2493 non
1722 2456 1844 2493 item:
1877 2454 1945 2491 de-

574 2529 675 2573 inde,
708 2527 813 2580 quod
839 2527 920 2571 illa,
952 2526 1025 2564 five
1053 2524 1176 2562 faceta
1206 2523 1308 2568 sunt,
1340 2523 1413 2560 five
1443 2522 1507 2567 fic,
1540 2520 1655 2566 fiunt,
1686 2527 1863 2558 narrante
1892 2526 1950 2562 te,¹
