2351 2997
595 266 688 305 AD
746 255 1209 302 FAMILIARES
1269 253 1411 292 LIB.
1453 253 1550 291 XII.
1696 265 1771 305 317

393 378 587 421 exteraque
618 374 668 403 tot
697 372 837 416 tamque
867 357 1007 413 nefaria
1029 355 1229 411 facinora„
1257 353 1346 391 binae
1375 350 1551 406 prosebtae
1586 358 1688 389 erant
1725 348 1775 386 ad

393 432 618 473 Dolabellam
638 428 825 481 legationes
844 437 975 470 eorum,
1009 431 1042 461 et
1066 420 1201 475 quidem
1226 433 1313 457 novo
1341 417 1503 471 exemplo,
1535 425 1656 454 contra
1686 414 1774 465 leges

395 499 560 553 ipsorum,
591 492 850 550 prohibentibus
881 490 939 536 iis,
970 487 1033 542 qui
1063 495 1137 525 tum
1173 484 1399 536 magistratus
1429 482 1615 534 gerebant.
1664 478 1773 524 Haec,

381 565 464 616 five
484 562 628 607 timore,
653 568 691 597 ut
712 556 897 602 dibiitantg
926 553 967 592 de
997 552 1114 603 agris,
1146 564 1228 604 quos
1255 549 1291 586 in
1323 546 1511 586 continenti
1535 546 1674 591 habent,
1694 544 1776 596 sive

381 627 529 682 fitrore,
548 627 631 679 five
655 622 813 678 potentia
838 629 1050 674 paucorum,
1081 615 1142 669 qui
1172 623 1204 652 et
1225 622 1330 652 antea
1344 612 1432 666 pari
1451 610 1655 649 contumelia
1678 609 1776 647 viros

398 693 596 744 clarffimos
615 690 827 744 affecerant,
851 693 883 723 et
911 695 1001 721 nunc
1029 679 1197 718 maximos
1224 677 1449 729 magistratus
1477 684 1652 727 gerentes,
1686 673 1778 711 nullo

394 758 556 811 exemplo,
599 767 704 808 neque
733 751 852 804 vestra
884 761 928 786 exv
949 754 1072 801 parte,
1112 757 1220 797 neque
1255 743 1363 794 nostro
1393 740 1636 795 preesentium,
1672 751 1781 789 neque.

400 820 595 861 imminenti
611 817 732 858 Italiae
753 815 896 868 urbique
925 812 1048 864 nostrae
1063 808 1236 862 periculo,
1250 808 1291 860 si
1317 806 1374 845 ille
1394 804 1582 860 parricida
1606 817 1682 841 cum
1700 801 1781 854 suis

400 886 614 933 latronibus,
643 881 814 927 navibus„
842 893 882 917 ex
914 877 1001 929 Asta
1031 873 1205 928 Syriaque
1238 871 1409 925 expulsus,
1440 869 1586 908 Italiam
1616 866 1777 922 petiiffet,

401 951 532 991 mederi
550 964 628 988 cum
635 947 752 1002 facile
773 943 916 999 postem,
958 941 1153 979 uoluerunt.
1199 936 1390 978 Nonnullis
1421 934 1528 974 etiam
1559 933 1621 986 ipsi
1647 929 1778 983 magff-

403 1026 520 1057 tratus
550 1014 736 1053 veniebant
771 1010 809 1049 in
827 1007 1071 1063 suspicionem,
1116 1002 1290 1054 detinugffl’
1325 1015 1399 1048 nos,
1438 1009 1472 1038 et
1507 997 1681 1037 demorati
1708 996 1780 1046 este,

403 1083 484 1121 dum
505 1080 612 1131 cleffls
631 1075 830 1130 Dolabellae
849 1072 977 1112 certior
984 1071 1096 1122 fieret
1120 1068 1162 1107 de
1182 1067 1338 1107 adventu
1357 1066 1476 1119 nostro.
1523 1065 1642 1116 Qam
1661 1061 1791 1114 suspi«

406 1149 534 1187 cionem
554 1145 741 1198 conficutae
761 1154 816 1180 res
835 1139 968 1193 aliquot
988 1144 1187 1179 auxerunt3
1209 1132 1357 1172 maxime
1375 1129 1468 1186 quod
1472 1129 1592 1184 subito
1609 1143 1649 1166 ex
1668 1126 1784 1179 Lycia

402 1215 485 1253 Sex.
505 1212 653 1251 Marius
684 1217 716 1248 et
749 1208 793 1246 C.
817 1201 949 1252 Titius,
979 1201 1093 1254 legati
1123 1199 1341 1246 Dolabellae,
1370 1211 1395 1236 a
1426 1196 1532 1247 claffe.
1550 1194 1781 1248 disceffi’runt,

408 1277 563 1331 navique
581 1276 685 1326 longa
704 1270 956 1327 profugerunt,
990 1265 1161 1305 onerariis
1188 1264 1354 1310 relietis,
1374 1261 1411 1300 in
1440 1260 1561 1315 quibus
1589 1255 1788 1309 colligendis

406 1356 472 1381 non
505 1340 684 1378 minimum
715 1334 879 1390 temporis
910 1330 1102 1385 laborisque
1130 1327 1430 1382 conficmpserunt..
1462 1326 1603 1379 Itaque,
1636 1336 1712 1361 cum
1743 1320 1790 1359 ab

409 1405 533 1446 Rhodo
554 1417 637 1442 cum.
659 1402 717 1447 iis,
750 1414 837 1454 quas
869 1397 1128 1443 habueramus,¹
1155 1393 1303 1432 navibus
1328 1392 1366 1430 in
1393 1390 1545 1444 Lyciam
1573 1387 1801 1438 veniffi’mus,

407 1486 517 1525 naves
545 1467 724 1508 onerarias
755 1463 960 1519 recepimus,
989 1459 1198 1514 dominisque
1227 1456 1468 1511 restituimus.;
1499 1454 1668 1507 idemque,
1703 1450 1797 1505 quod

411 1536 561 1577 maxime
581 1533 806 1577 verebamur,
838 1543 879 1567 ne
892 1528 999 1583 poffet
1019 1524 1212 1566 Dolabella
1233 1537 1310 1562 cum
1320 1521 1400 1576 fitis
1426 1519 1618 1559 latronibus
1649 1518 1684 1556 in
1708 1519 1788 1556 Ita-

414 1604 499 1642 liam
520 1599 655 1646 venire,
676 1597 797 1635 timere
816 1594 997 1648 desiimus„
1014 1590 1160 1642 Claffem
1162 1588 1364 1643 fugientem
1374 1584 1549 1641 perficuti
1551 1583 1674 1638 sumus
1691 1582 1794 1636 usque

416 1667 554 1713 Sidam,
587 1678 665 1717 quae
685 1670 840 1701 extrema
860 1658 957 1711 regio
977 1657 1019 1710 est
1030 1654 1229 1710 provinciae
1246 1667 1344 1692 meae.
1391 1651 1448 1690 Ibi
1467 1648 1627 1702 cognovi,
1650 1656 1793 1702 partem

416 1731 563 1772 navium
587 1726 784 1768 Dolabellae
812 1723 1007 1776 diffugiffe3
1039 1720 1193 1773 reliquas
1223 1717 1365 1771 Syriam
1398 1717 1619 1769 Cyprumque
1644 1711 1736 1767 petii
1759 1725 1790 1749 e.

417 1797 551 1850 Qibus
584 1792 748 1847 disjecff‘t'is,
783 1803 860 1828 cum
880 1788 1028 1842 scirem,
1060 1786 1104 1823 C.
1133 1783 1254 1835 Caffii,
1272 1781 1471 1835 singularis
1499 1779 1589 1818 civis
1618 1787 1651 1816 et
1681 1776 1793 1822 ducis,

419 1862 552 1912 claſj‘em
574 1857 762 1897 maximam
771 1854 859 1909 sore
872 1853 998 1907 praesto
1019 1851 1055 1890 in
1081 1849 1204 1902 Syria,
1236 1848 1289 1886 ad
1316 1860 1426 1885 meum
1458 1843 1602 1893 officium
1632 1842 1794 1880 reverti:

420 1927 572 1979 daboque
593 1933 747 1978 operam,
778 1929 817 1958 ut
838 1932 949 1957 meum
955 1916 1130 1970 studium,
1163 1912 1381 1966 diligentiam
1409 1910 1519 1956 vobis,
1551 1911 1684 1948 Patres
1717 1920 1795 1944 con-

408 1991 553 2046 scripti,
587 1988 704 2041 reique
717 1985 871 2040 publicae
884 1984 1045 2036 praestem
1065 1996 1074 2025 ;
1102 1979 1370 2034 pecuniamque,
1404 1989 1508 2029 quam
1531 1974 1721 2012 maximam
1731 1980 1796 2026 po-

421 2067 509 2101 tero,
542 2064 573 2093 et
595 2067 699 2105 quam
721 2049 912 2095 celerrime,
943 2060 1078 2099 cogam,
1111 2043 1327 2098 omnibusque
1349 2055 1426 2080 cum
1445 2039 1638 2078 rationibus
1665 2037 1716 2076 ad
1738 2051 1799 2075 vos

424 2121 574 2159 mittam.
604 2117 647 2156 Si
657 2126 866 2171 percurrero
881 2111 1120 2168 provinciam,
1139 2119 1172 2148 et
1193 2122 1398 2161 cognovero,
1419 2106 1479 2159 qui
1497 2105 1590 2144 nobis
1610 2112 1643 2142 et
1663 2102 1799 2156 reipnb-

423 2186 500 2224 licae
508 2183 619 2235 fldem
632 2180 872 2236 prastiterunt
892 2177 927 2216 in
947 2174 1186 2229 conservanda
1199 2173 1350 2227 pecunia
1371 2187 1394 2209 a
1415 2186 1468 2210 me
1487 2170 1646 2224 deposita,
1677 2168 1802 2221 quique

412 2251 545 2305 scelere
566 2249 656 2287 ultro
678 2245 867 2300 deferentes
881 2241 1067 2295 pecuniam
1079 2240 1272 2294 publicam,
1291 2238 1353 2276 hoc
1371 2250 1510 2275 munere
1518 2234 1722 2288 ficietatem
1730 2231 1799 2285 fiz—

426 2316 578 2354 cinorum
599 2326 675 2351 cum
700 2308 892 2350 Dolabella
920 2307 1087 2352 inierunt,
1106 2304 1253 2359 faciam
1280 2317 1342 2342 vos
1363 2302 1537 2341 certiores.
1586 2300 1646 2338 De
1665 2298 1800 2352 quibus,

412 2381 452 2433 st
470 2379 564 2418 vobis
586 2375 775 2421 videbitur,
789 2374 839 2426 Ji,
870 2383 909 2412 ut
942 2371 1059 2410 meriti
1073 2370 1176 2423 stent,
1206 2368 1378 2421 graviter
1400 2364 1653 2418 cofflitueritis,
1685 2361 1804 2414 nosque

429 2446 545 2498 ‘vestra
565 2437 1036 2489 aubloritatefirmaveritis,
1051 2435 1205 2489 facilius
1226 2443 1259 2472 et
1279 2433 1417 2486 reliqua
1438 2431 1574 2482 exigere
1595 2425 1803 2478 vefftigalia,

430 2520 463 2550 et
498 2513 621 2549 essarta
640 2508 805 2562 servare,
831 2503 1037 2559 poterimus.
1085 2503 1239 2546 Interea,
1272 2514 1336 2554 quo
1369 2496 1575 2537 commodius
1605 2490 1806 2544 ‘neb-tigulia
