2351 2997
647 244 738 282 AD
798 235 1263 277 FAMILIARES
1327 233 1459 271 LIB.
1508 235 1540 271 I.
1741 249 1788 288 23

401 343 670 402 oppugnasset,
694 351 839 385 tamen,
859 338 883 377 si
907 339 983 377 fine
1006 336 1086 375 ulla
1106 349 1191 374 mea
1211 335 1452 373 contumelia
1473 334 1706 386 suscepisset,
1725 344 1791 373 tu-

402 413 552 452 lifl‘em:
586 409 664 454 sed,
696 421 789 445 cum
822 419 884 444 me
914 404 1194 457 disputantem,
1228 415 1305 440 non
1336 400 1597 445 lacessentem,
1630 400 1790 446 laefifl'et,

400 478 519 517 exarsl
542 490 620 515 non
638 475 764 513 solum
787 473 980 526 praesenti‚
998 470 1128 514 credo,
1147 468 1361 513 iracundia,
1382 469 1493 520 (nam
1513 481 1555 505 ea
1571 476 1652 505 tam
1673 466 1792 505 vehe-

402 558 513 584 mens
535 541 687 581 fortaffe
704 554 783 578 non
805 539 953 588 fuiffet)
973 537 1049 582 sed,
1069 549 1162 574 cum
1182 534 1380 573 inclusum
1402 534 1502 571 illud
1524 534 1662 571 odium
1683 534 1791 571 mul-

403 622 532 651 tarum
553 611 584 663 ej
594 623 636 648 us
658 610 698 646 in
720 621 782 645 me
803 606 1051 658 injuriarum,
1083 602 1189 655 quod
1220 615 1292 653 ego
1313 601 1487 638 effudisse
1510 615 1571 639 me
1592 614 1710 638 omne
1731 614 1794 638 ar-

404 678 589 720 bitrabar,
621 673 817 713 refiduum
847 681 977 709 tamen
1008 669 1196 707 insciente
1226 681 1289 705 me
1319 666 1464 710 fuisset,
1495 680 1613 704 omne
1637 675 1795 719 repente

400 742 596 796 apparuit.
620 741 714 791 Qo
731 737 893 790 quidem
910 745 1086 787 tempore
1103 733 1200 786 ips0‚
1218 732 1380 785 quidam
1402 731 1598 776 homines,
1616 741 1654 769 et
1675 733 1796 770 iidem

404 809 464 846 illi
485 820 584 860 quos
606 805 701 858 saepe
722 813 822 842 nutu
840 801 1203 855 fignificationeque
1219 798 1389 852 appello,
1408 812 1500 836 curn
1523 797 1558 835 se
1574 799 1797 836 maximum

402 874 578 913 fructum
601 870 740 924 cepisse
761 870 935 907 dicerent
956 881 1003 905 ex
1024 867 1205 904 libertate
1226 878 1326 909 mea,
1355 877 1498 916 meque
1520 873 1605 902 tum
1628 864 1798 916 denique

405 941 476 979 fibi
497 938 569 977 effe
590 938 715 976 visum
738 935 978 989 reipublicae,
1011 932 1137 984 qualis
1159 930 1329 975 fuiffem‚
1362 930 1601 974 restitutum,
1625 944 1797 982 cumque

404 1020 448 1044 ea
474 1005 680 1044 contentio
711 1002 810 1041 mihi
842 1014 1032 1052 magnum
1053 999 1172 1037 etiam
1193 996 1288 1035 foris
1310 995 1484 1034 fructum
1508 996 1669 1041 tuliffet,
1700 1010 1796 1048 gau-

406 1072 495 1110 dere
516 1071 552 1109 se
573 1070 771 1113 dicebant,
802 1066 904 1106 mihi
925 1075 963 1104 et
984 1066 1102 1103 illum
1123 1064 1351 1107 inimicum,
1383 1071 1421 1100 et
1450 1075 1530 1107 eos,
1562 1063 1633 1114 qui
1661 1064 1701 1100 in
1733 1076 1797 1100 ea-

405 1138 495 1175 dem
517 1136 628 1174 causa
656 1135 790 1179 effent,
822 1145 1026 1184 nunquam
1054 1130 1203 1168 amicos
1231 1127 1402 1166 futuros.
1449 1129 1635 1179 Qorum
1665 1129 1796 1180 iniqui

407 1203 602 1241 sermones
623 1214 716 1239 curn
737 1199 783 1237 ad
814 1212 877 1236 me
897 1211 966 1250 per
995 1196 1177 1235 homines
1199 1194 1482 1232 honestiffimos
1506 1193 1768 1245 perferrentur
1787 1210 1796 1231 2

404 1282 578 1321 cunique
601 1267 812 1319 Pompeius
835 1265 889 1303 ita
909 1262 1181 1306 contendisset,
1205 1271 1249 1299 ut
1270 1261 1375 1298 nihil
1394 1274 1570 1312 unquam
1592 1261 1731 1313 magis,
1756 1270 1799 1298 ut

407 1350 502 1373 cum
523 1333 656 1372 Craffo
676 1332 842 1370 redirem
873 1331 913 1367 in
935 1330 1101 1382 gratiam
1119 1347 1130 1373 3
1164 1327 1369 1379 Caesarque
1389 1340 1457 1378 per
1478 1327 1606 1364 literas
1627 1327 1801 1364 maxima

407 1402 443 1440 se
465 1399 641 1439 molestia
661 1413 707 1437 ex
728 1398 797 1435 illa
816 1396 1071 1435 contentione
1091 1393 1276 1432 affectum
1297 1392 1541 1436 ostenderet;
1574 1392 1694 1430 habui
1721 1406 1802 1430 non

408 1478 635 1520 temporum
657 1465 784 1503 solum
806 1464 999 1501 rationem
1021 1474 1216 1505 meorum,
1249 1459 1310 1497 sed
1336 1459 1455 1497 etiam
1477 1468 1622 1497 naturae
1641 1474 1649 1497 ε
1684 1459 1798 1496 Cras-

408 1534 561 1585 susque,
593 1541 638 1570 ut
671 1530 775 1584 quasi
811 1529 943 1567 testata
976 1527 1127 1580 populo
1160 1527 1343 1564 Romano
1378 1524 1468 1563 effet
1503 1524 1629 1562 nostra
1661 1525 1798 1577 gratia,

409 1614 507 1653 pene
536 1613 557 1636 a
587 1598 684 1636 meis
715 1596 861 1635 laribus
892 1595 932 1632 in
955 1593 1198 1647 provinciam
1220 1591 1273 1629 est
1294 1590 1507 1644 profectus.
1554 1591 1676 1635 Nam,
1708 1604 1803 1628 cum

409 1664 512 1704 mihi
543 1662 790 1706 condixiffet,
823 1661 993 1699 coenavit
1024 1659 1127 1712 apud
1161 1671 1225 1696 me
1259 1658 1301 1694 in
1331 1657 1410 1695 mei
1442 1657 1574 1708 generi
1608 1657 1801 1709 Craffipe-

410 1732 468 1769 dis
494 1730 635 1768 hortis.
681 1728 953 1780 Qamobrem
983 1726 1066 1777 ejus
1097 1724 1266 1768 causam,
1298 1723 1407 1775 quod
1429 1731 1465 1760 te
1485 1723 1622 1760 scribis
1643 1722 1801 1767 audisse,

410 1809 552 1848 magna
586 1795 694 1832 illius
730 1792 1074 1831 commendatione
1109 1789 1341 1841 susceptam,
1378 1786 1537 1826 defendi
1577 1789 1619 1826 in
1653 1788 1801 1834 senatu,

409 1863 508 1901 ficut
539 1874 624 1899 mea
651 1859 746 1897 fides
767 1858 1001 1912 postulabat.
1046 1856 1261 1908 Accepisti,
1293 1855 1438 1907 quibus
1469 1854 1584 1892 rebus
1612 1854 1802 1892 adductus

411 1940 610 1981 quamque
631 1939 713 1964 rem
734 1925 967 1975 causamque
988 1921 1258 1966 defenderim‚·
1292 1921 1441 1973 quique
1462 1933 1572 1958 meus
1593 1920 1634 1958 in
1657 1921 1803 1972 repub-

410 1995 487 2032 lica
507 1994 552 2032 fit
574 2006 644 2046 pro
665 2006 750 2030 mea
769 2001 877 2044 parte
898 1989 1121 2042 capessenda
1142 1988 1259 2026 status
1279 2003 1287 2026 :
1321 1987 1368 2025 de
1397 2000 1477 2039 quo
1507 1987 1557 2025 fic
1578 1986 1699 2025 velim
1728 1986 1804 2024 sta-

412 2069 513 2104 tuas,
542 2072 605 2096 me
626 2057 709 2096 haec
731 2057 865 2094 eadem
886 2055 1086 2094 sensurum
1108 2053 1235 2098 fuiffe,
1269 2053 1294 2091 fi
1315 2051 1418 2090 mihi
1439 2053 1590 2105 integra
1608 2052 1743 2090 omnia
1762 2066 1805 2091 ac
1833 2097 1838 2099 ,

410 2126 534 2164 libera
553 2123 725 2162 fuiffent.
751 2124 858 2162 Nam
875 2135 1002 2174 neque
1018 2120 1279 2174 pugnandum
1298 2118 1504 2157 arbitrarer
1524 2128 1660 2157 contra
1680 2128 1804 2157 tantas

411 2205 504 2245 opes
520 2210 533 2237 3
566 2204 695 2243 neque
714 2189 941 2234 delendum,
973 2188 1121 2226 etiarnsi
1142 2187 1183 2225 id
1204 2186 1288 2225 fieri
1307 2185 1445 2239 poffet,
1476 2185 1724 2224 summorum
1745 2186 1805 2223 ci-

411 2258 522 2295 vium
539 2256 808 2310 principatum
818 2275 829 2301 ;
854 2268 981 2308 neque
997 2252 1308 2307 permanendum
1329 2252 1372 2290 in
1387 2265 1463 2289 una
1483 2251 1689 2298 sententia,
1707 2265 1805 2290 con-

412 2323 526 2362 verfis
548 2323 679 2367 rebus,
706 2336 749 2360 ac
771 2323 969 2360 bonorum
987 2320 1261 2359 voluntatibus
1282 2319 1504 2358 immutatis
1518 2337 1532 2364 3
1564 2318 1627 2357 sed
1648 2327 1805 2371 tempo-

414 2389 523 2427 ribus
544 2388 841 2427 assentiendum.
880 2388 1102 2440 Nunquam
1122 2387 1231 2425 enim
1250 2385 1522 2439 praestantibus
1541 2385 1585 2422 in
1606 2384 1809 2437 republica

412 2454 667 2508 gubernanda
684 2454 778 2493 viris
800 2453 952 2492 laudata
972 2453 1025 2492 est
1045 2454 1086 2491 in
1109 2467 1186 2492 una
1205 2452 1395 2491 sententia
1414 2459 1603 2505 perpetua
1622 2463 1804 2504 perman-

411 2522 494 2561 fio:
526 2521 591 2561 sed
621 2530 664 2561 ut
692 2520 734 2559 in
764 2520 983 2573 navigando
1014 2520 1233 2575 tempestati
1261 2519 1427 2573 obsequi
1447 2519 1539 2558 artis
1560 2517 1628 2564 est,
1660 2516 1806 2555 etiamst
