2351 2997
609 246 702 284 AD
760 242 1226 282 FAMILIARES
1286 242 1418 281 LIB.
1469 244 1543 283 XI.
1694 259 1772 299 277

386 344 455 384 alio
474 342 636 397 quolibet,
667 355 771 394 quam
790 357 813 380 a
833 351 869 380 te
889 341 1050 386 retineri,
1078 340 1178 393 poffi1.
1229 341 1414 392 Refer-ibas
1441 341 1536 379 nobis
1568 340 1619 379 ad
1643 343 1770 387 onmia,

387 423 565 461 rogamus.
610 409 710 446 IVam
735 407 826 446 illud
844 407 950 445 valde
968 408 1045 444 leve
1064 407 1108 457 est
1127 421 1170 444 ac
1188 407 1431 458 nugatorium,
1461 421 1502 445 ea
1522 421 1561 445 re
1581 406 1773 446 denuntia-

387 483 464 512 tum
480 473 542 525 effe
561 472 757 516 veteranis,
788 472 881 525 quod
895 472 935 510 de
955 471 1133 510 commodis
1153 485 1269 509 eorum
1289 472 1398 523 meifi
1416 471 1534 524 Junio
1554 472 1699 510 laturus
1718 474 1772 526 cs-

374 539 448 592 fis.
495 539 607 589 Qtem
638 538 728 576 enim
755 537 995 589 impedimento
1008 537 1189 587 suturam
1209 544 1336 588 putas,
1367 551 1445 575 cum
1465 536 1504 575 de
1524 537 1619 575 nobis
1638 547 1774 576 certum

372 604 429 654 stt
450 617 511 641 nos
530 603 709 655 quieturos
723 602 742 639 ?
772 604 857 641 Non
876 601 1032 640 debemus
1052 601 1214 653 cuiquam
1235 601 1357 638 videri
1371 602 1514 639 nimium
1534 601 1654 654 cupidi
1669 603 1773 647 vilse,

387 682 465 706 cum
484 667 641 706 accidere
659 666 755 706 nobis
774 665 1064 719 nibilpoſjitfine
1076 665 1234 717 pernicie
1253 674 1289 703 et
1314 665 1508 717 confifione
1534 667 1684 705 omnium
1710 682 1771 705 re-

390 748 484 773 rum.
518 733 620 772 Vale.

409 934 595 972 BRUTUs
640 945 699 970 ET
742 933 936 971 CAssms
979 932 1176 971 PRAETT.
1218 933 1438 971 ANTONIO
1481 933 1583 971 Cos.
1626 934 1663 971 S.
1696 935 1752 973 D.

392 1062 469 1101 ΙΙΙ.
492 1061 589 1134 SI
601 1059 712 1104 vales,
733 1058 816 1097 bene
836 1059 894 1112 est.
926 1059 1076 1098 Literas
1096 1067 1178 1097 tuas
1196 1059 1353 1112 legimus,
1361 1060 1562 1111 fimillimas
1582 1060 1688 1099 edicti
1703 1061 1771 1106 tui,

571 1124 843 1176 contumeliqfizs‚
865 1123 1029 1168 minaces,
1051 1123 1189 1162 minime
1207 1124 1346 1176 dignas,
1377 1139 1456 1177 quae
1474 1139 1497 1163 a
1516 1135 1552 1164 te
1571 1125 1666 1164 nobis
1685 1127 1773 1163 mit-

390 1200 568 1231 terentur.
600 1192 693 1234 Nos,
714 1189 869 1233 Antoni,
891 1198 927 1227 te
945 1187 1044 1227 nulla
1064 1188 1291 1239 laceffivimus
1310 1189 1464 1240 injuria3
1487 1205 1596 1243 neque
1614 1191 1772 1228 miratu-

390 1272 471 1297 rum
490 1256 711 1300 credidimus,
726 1255 770 1305 fi
779 1263 958 1306 praetores
983 1263 1019 1292 et
1047 1269 1088 1293 ea
1117 1254 1295 1307 dignitate
1321 1255 1474 1294 homines
1502 1256 1641 1309 aliquid
1666 1256 1773 1294 edicio

383 1322 640 1376 ptstulqffi’mus
658 1336 681 1359 a
700 1321 845 1373 confide.
868 1319 1015 1372 Qeodst
1027 1320 1226 1372 indignaris
1244 1320 1341 1373 ausos
1355 1321 1414 1373 effi
1431 1322 1471 1360 id
1469 1323 1615 1374 fczcere,
1633 1321 1775 1360 concede

390 1387 499 1432 nobis,
522 1395 563 1425 ut
582 1385 767 1429 doleamus,
786 1399 828 1423 ne
844 1385 908 1423 hoc
923 1384 1059 1438 quidem
1074 1384 1137 1423 abs
1152 1394 1188 1424 te
1203 1386 1323 1424 Bruto
1339 1396 1373 1424 et
1392 1386 1501 1436 Caffi‘o
1520 1387 1646 1426 tribui.
1674 1389 1774 1425 Nam

390 1452 432 1491 de
459 1450 645 1491 delec‘libus
675 1449 818 1495 habitis,
850 1459 885 1489 et
909 1450 1067 1504 pecuniis
1094 1450 1292 1503 imperatis,
1323 1452 1532 1490 exercitibus
1551 1452 1773 1504 stllz'citatis,

391 1527 426 1557 et
446 1517 582 1557 nuntiis
601 1525 706 1554 trans
722 1530 821 1555 mare
846 1515 960 1566 mgffis,
991 1515 1083 1568 quod
1110 1525 1147 1554 te
1172 1517 1323 1569 questum
1351 1517 1411 1570 ‘ff'
1439 1532 1574 1570 negas;
1606 1532 1666 1555 nos
1693 1517 1774 1569 qui-

391 1583 466 1621 dem
487 1582 557 1621 tibi
572 1580 743 1620 credimus
763 1580 889 1633 optimo
908 1581 1023 1619 animo
1047 1590 1082 1618 te
1095 1581 1181 1631 fici
1204 1597 1221 1620 e
1238 1600 1249 1627 3
1266 1582 1341 1633 fid
1360 1592 1479 1621 tamen
1507 1597 1616 1635 neque
1646 1582 1773 1634 agnos:-

393 1649 502 1687 cimus
534 1647 721 1701 quidquam
751 1660 882 1690 eorum,
913 1655 948 1684 et
977 1655 1013 1683 te
1042 1646 1231 1691 miramur,
1262 1661 1339 1686 cum
1372 1648 1447 1686 baec
1476 1649 1676 1692 reticueris,
1707 1662 1775 1686 non

385 1712 534 1767 potuiffl
560 1712 737 1751 continere
767 1710 989 1750 iracundiam
1022 1720 1136 1756 tuam,
1168 1712 1252 1764 quin
1282 1712 1377 1751 nobis
1406 1712 1447 1750 de
1477 1721 1589 1750 morte
1622 1712 1776 1763 Caesaris

393 1777 566 1828 objiceres.
614 1776 713 1814 Illud
733 1789 819 1814 vero
847 1775 1127 1828 quemadmodum
1141 1776 1337 1827 serendum
1345 1777 1416 1826 stt,
1448 1786 1527 1815 tute
1546 1777 1675 1828 cogita,
1708 1791 1775 1815 non

392 1843 496 1881 licere
508 1841 743 1894 praetoribus,
774 1841 964 1878 concordiae
983 1855 1025 1878 ac
1044 1841 1224 1879 libertatis
1243 1843 1360 1892 calfit,
1385 1851 1456 1894 per
1486 1842 1632 1880 edibiam
1662 1841 1701 1880 de
1705 1844 1775 1894 fico

381 1909 470 1962 jure
489 1895 674 1951 decedere,⁴
692 1905 774 1958 quin
795 1906 914 1958 consul
926 1920 1030 1944 arma
1049 1907 1216 1944 minetur.
1263 1908 1423 1958 Qiorum
1439 1907 1593 1958 fiducia,
1624 1907 1718 1945 nihil
1732 1907 1776 1959 cst

394 1973 487 2027 quod
512 1987 572 2011 nos
602 1980 739 2010 terreas
755 1987 768 2008 .·
799 1985 907 2024 neque
931 1971 1019 2009 enim
1053 1971 1162 2016 decet,
1192 1981 1259 2010 aut
1288 1972 1453 2010 convenit
1484 1973 1592 2016 nobis,
1618 1973 1775 2024 periculo

395 2039 461 2077 ulli
464 2037 680 2091 submittere
699 2036 852 2074 animum
872 2036 1023 2087 nestrum
1038 2054 1050 2080 ς
1081 2051 1189 2089 neque
1207 2036 1252 2088 est
1270 2037 1430 2075 Antonio
1443 2037 1698 2089 postulandum,
1734 2046 1776 2076 ut

393 2103 435 2141 iis
455 2104 615 2155 imperet,
647 2115 792 2153 quorum
813 2110 917 2153 opera
936 2101 1025 2139 liber
1044 2101 1100 2152 est.
1132 2104 1210 2140 Nos
1214 2102 1257 2151 si
1273 2102 1345 2140 alia
1365 2103 1616 2148 hortarentur,
1640 2112 1681 2141 ut
1701 2103 1774 2140 bel-

394 2168 465 2206 lum
498 2167 602 2205 civile
621 2166 801 2218 suscitare
832 2165 1009 2210 vellemus,
1041 2167 1158 2205 literae
1188 2176 1262 2205 tuae
1293 2168 1387 2205 nihil
1403 2168 1617 2219 proficerent
1635 2183 1648 2205 .·
1678 2169 1776 2206 nulla

396 2233 487 2271 enim
506 2231 674 2270 minantis
694 2231 891 2269 auctoritas
909 2230 1008 2283 apud
1020 2231 1144 2270 liberos
1163 2232 1220 2281 est.
1259 2232 1330 2270 Sed
1338 2233 1489 2284 pulchre
1507 2233 1686 2286 intelligis,
1709 2249 1776 2272 non

390 2297 480 2351 polle
500 2311 559 2335 nos
580 2310 750 2349 quoquam
771 2296 902 2348 impelli
914 2314 925 2341 ς
957 2307 992 2335 et
1008 2297 1177 2348 Jortcffls
1207 2312 1247 2335 ea
1270 2312 1309 2335 re
1329 2298 1516 2336 minaciter
1534 2300 1624 2351 agis,
1657 2308 1698 2336 ut
1704 2299 1774 2349 ju-

395 2363 522 2401 dicium
541 2361 692 2413 nostrum
712 2369 823 2399 melus
840 2362 1024 2400 videatur.
1069 2364 1147 2401 Nos
1177 2362 1213 2401 in
1234 2363 1301 2400 hac
1306 2364 1492 2416 sententia
1512 2366 1649 2413 sumus,
1680 2373 1721 2400 ut
1740 2373 1776 2401 te

394 2427 573 2479 cupiamus
595 2426 629 2464 in
649 2426 760 2463 libera
780 2426 959 2477 republica
979 2442 1143 2479 magnum
1163 2438 1270 2480 atque
1297 2428 1468 2479 honestum
1500 2428 1558 2480 effe
1573 2446 1585 2471 ς
1616 2441 1775 2465 ‘vocemus

396 2501 432 2532 te
449 2491 500 2531 ad
512 2492 628 2530 nullas
646 2490 849 2530 inimicitias
865 2509 877 2537 ς
897 2492 967 2545 fid
989 2502 1105 2531 tamen
1122 2493 1237 2545 pluris
1256 2492 1406 2544 nostram
1425 2493 1638 2538 libertatem,
1670 2506 1783 2545 quam-
