2351 2997
622 260 714 298 AD
774 256 1239 295 FAMILIARES
1300 257 1433 296 LIB.
1481 260 1535 297 11.
1724 277 1777 317 39

389 374 452 398 me
471 358 594 409 magis
616 356 865 401 sollicitabat,
896 369 1016 407 quam
1042 355 1084 393 in
1110 354 1173 394 his
1201 355 1389 395 molestiis
1418 371 1495 396 non
1524 371 1602 404 me,
1634 360 1660 398 s1
1689 374 1776 413 quae

388 423 546 462 ridenda
566 422 699 467 essent,
722 421 845 459 ridere
867 430 1024 460 tecum:
1049 422 1138 459 sunt
1158 422 1266 460 enirn
1287 423 1437 469 multa;
1461 424 1525 462 sed
1546 438 1589 463 ea
1604 439 1683 464 non
1705 440 1776 465 au-

388 490 460 527 deo
480 488 660 526 scribere.
708 488 815 526 Illud
835 488 995 526 moleste
1015 486 1113 533 fem,
1145 487 1249 526 nihil
1274 502 1338 527 me
1357 488 1486 528 adhuc
1506 489 1569 529 his
1591 491 1638 529 de
1660 492 1776 531 rebus

386 553 528 592 habere
549 564 705 592 tuarum
725 553 942 591 literarum.
989 554 1120 604 Qare
1141 554 1223 598 etfl,
1253 567 1349 592 cum
1375 563 1418 592 tu
1445 554 1527 594 haec
1553 556 1672 609 leges,
1704 571 1780 610 ego

381 621 465 672 jam
486 634 664 659 annuum
684 633 827 657 munus
848 618 1070 663 confecero,
1103 627 1233 657 tamen
1263 620 1389 658 obviae
1418 620 1520 659 mihi
1551 623 1671 660 velim
1702 624 1779 663 fint

387 686 508 724 literae
526 695 616 730 tuae,
633 699 720 737 quae
736 699 800 722 me
815 684 993 722 erudiant
1009 684 1057 722 de
1072 685 1182 722 omni
1203 685 1419 737 republica,
1438 700 1486 725 ne
1501 686 1640 740 hospes
1661 689 1778 741 plane

387 752 555 790 veniam.
587 752 681 789 Hoc
701 751 860 796 melius,
889 764 1008 803 quam
1029 759 1087 795 tn,
1118 749 1244 788 facere
1265 765 1383 790 nemo
1403 753 1542 804 potest.
1577 754 1777 806 Diogenes

387 826 492 863 tuus,
523 817 647 856 homo
666 817 878 862 modestus,
910 831 930 855 a
950 831 1013 855 me
1034 830 1127 855 cum
1155 816 1325 855 Philone
1348 819 1571 858 Peffinunte
1592 819 1775 862 disceffit.

386 884 466 922 Iter
484 882 682 921 habebant
701 882 748 920 ad
770 884 1004 935 Dejotarum
1025 896 1156 935 regem
1176 897 1184 921 :
1209 896 1436 936 quanquam
1457 885 1591 923 omnia
1612 899 1682 924 nec
1705 886 1776 925 be·-

387 950 521 1001 nigna,
539 962 611 988 nec
631 948 800 1001 copiosa,
821 957 1053 1002 cognorant.
1083 948 1252 993 Urbem,
1271 949 1426 995 urbem,
1444 950 1502 988 mi
1523 950 1645 996 Rufe,
1663 952 1774 997 cole;

385 1024 425 1054 et
444 1016 486 1053 in
505 1015 575 1054 ista
594 1015 682 1053 luce
701 1015 801 1054 vive.
846 1016 990 1054 Omnis
1020 1015 1283 1068 peregrinatio
1307 1016 1432 1068 (quod
1463 1030 1535 1069 ego
1556 1018 1603 1055 ab
1625 1018 1776 1056 adoles-

385 1082 514 1119 centia
529 1080 723 1133 judicavi)
746 1081 909 1119 obscura
928 1090 967 1119 et
987 1080 1139 1119 sordida
1158 1081 1221 1126 iis,
1240 1095 1411 1133 quorum
1432 1082 1620 1121 industria
1636 1084 1777 1123 Romae

386 1146 511 1199 potest
532 1146 693 1184 illustris
714 1146 801 1186 effe.
848 1146 969 1198 Qod
989 1161 1083 1185 cum
1103 1147 1225 1199 probe
1246 1147 1399 1193 scirem,
1432 1149 1585 1187 utinam
1614 1150 1656 1187 in
1686 1150 1776 1188 sen-

385 1212 508 1250 tentia
541 1211 840 1264 permanfiffem.
888 1214 995 1250 Cum
1029 1226 1120 1258 una,
1159 1211 1400 1259 mehercule,
1436 1214 1777 1254 ambulatiuncula

385 1287 502 1331 atque
523 1292 602 1316 uno
622 1278 797 1316 sermone
818 1278 947 1316 nostro
977 1292 1114 1316 omnes
1143 1277 1295 1317 fructus
1324 1280 1536 1332 provinciae
1566 1294 1645 1319 non
1675 1296 1776 1321 con-

385 1342 483 1382 fero.
517 1344 635 1396 Spero
654 1357 718 1381 me
738 1343 975 1395 integritatis
996 1343 1156 1382 laudem*
1173 1343 1444 1383 consecutum.
1478 1346 1574 1384 Non
1595 1355 1674 1385 erat
1695 1349 1775 1386 mi·-

386 1423 458 1447 nor
488 1423 537 1447 ex
566 1409 868 1455 contemnenda,
899 1423 1020 1462 quam
1046 1423 1097 1448 ex
1126 1409 1362 1455 conservata,
1394 1412 1610 1463 provincia.
1657 1414 1778 1465 Spem

387 1474 612 1528 triumphi?
643 1475 792 1528 inquis,
840 1476 937 1514 Satis
968 1475 1136 1528 gloriose
1162 1475 1464 1529 triumpharem,
1496 1477 1522 1515 fi
1551 1491 1629 1516 non
1659 1479 1776 1517 effem

386 1541 548 1593 quidem
568 1541 718 1580 tamdiu
740 1542 780 1580 in
802 1541 987 1580 defiderio
1008 1556 1138 1580 rerum
1158 1541 1261 1581 mihi
1281 1543 1575 1582 cariffimarum.
1616 1544 1689 1582 Sed
1713 1546 1778 1598 (ut

387 1607 514 1659 spero)
537 1608 766 1661 propediem
786 1617 825 1647 te
845 1609 1002 1648 vibebo.
1046 1610 1114 1648 Tu
1142 1607 1245 1648 mihi
1274 1608 1432 1647 obviam
1461 1610 1577 1648 mitte
1596 1610 1775 1664 epistolas

387 1682 425 1711 te
445 1672 598 1725 dignas.
629 1673 740 1712 Vale.

481 1866 545 1905 M.
569 1867 623 1905 T.
648 1867 696 1905 C.
720 1867 824 1906 IMP.
848 1866 912 1905 Μ.
937 1867 1115 1912 CAELm,
1146 1868 1302 1906 AEDILI
1328 1879 1520 1914 CURULI,
1552 1868 1590 1907 S.
1614 1868 1672 1908 D.

388 1992 505 2031 XIII.
518 1993 756 2065 RARAS
778 2002 862 2031 tuas
883 1993 1061 2046 quidem,
1082 1993 1253 2046 (fortaffe
1273 1993 1381 2032 enim
1401 2007 1480 2033 non
1500 1993 1773 2048 perferuntur)

620 2058 684 2097 sed
704 2059 833 2097 suaves
854 2059 1007 2111 accipio
1026 2059 1172 2099 literas.
1200 2060 1275 2098 Vel
1296 2073 1389 2112 quas
1411 2060 1591 2113 proxime
1610 2074 1774 2114 accepe-

387 2137 483 2170 ram,
514 2139 634 2178 quam
662 2125 888 2178 prudentes,
919 2139 1039 2178 quam
1058 2127 1178 2165 multi
1205 2135 1244 2165 et
1270 2127 1394 2165 officii
1414 2135 1453 2164 et
1472 2127 1657 2165 confilii?
1689 2127 1774 2167 Etfi

386 2191 519 2229 omnia
538 2192 589 2230 fic
608 2191 886 2230 constitueram
905 2190 1009 2230 mihi
1027 2192 1189 2245 agenda,
1221 2201 1266 2232 ut
1286 2201 1330 2232 tu
1350 2192 1586 2231 admonebas
1597 2212 1611 2239 ;
1641 2201 1775 2232 tamen

387 2255 671 2295 confirmantur
691 2257 817 2295 nostra
837 2257 1009 2303 confilia,
1036 2271 1130 2296 cum
1151 2258 1340 2298 sentimus
1360 2259 1622 2312 prudentibus
1642 2258 1774 2298 fideli-

388 2330 524 2373 terque
543 2322 793 2362 suadentibus
814 2323 920 2362 idem
939 2323 1078 2363 videri.
1119 2325 1208 2378 Ego
1227 2325 1409 2378 Appium
1431 2327 1496 2378 (ut
1515 2325 1612 2379 saepe
1640 2334 1774 2363 tecum

387 2387 545 2426 locutus
565 2388 670 2440 sum)
692 2389 802 2429 valde
821 2390 961 2443 diligo,
992 2404 1135 2444 meque
1162 2390 1211 2429 ab
1237 2405 1283 2430 eo
1310 2391 1426 2445 diligi
1446 2391 1575 2430 statim
1595 2400 1774 2444 coeptum

388 2453 475 2498 effe,
507 2462 551 2491 ut
571 2453 808 2494 fimultatem
828 2456 1095 2509 deposuimus,
1126 2457 1235 2496 sensi.
1281 2458 1390 2496 Nam
1409 2466 1449 2496 et
1468 2456 1710 2496 honorificus
1730 2456 1773 2493 in

391 2531 454 2557 me
473 2518 610 2558 consul
629 2518 723 2566 fuit,
753 2529 793 2560 et
811 2521 934 2561 suavis
955 2522 1121 2569 amicus,
1146 2531 1186 2562 et
1205 2521 1397 2563 studiosus
1418 2522 1635 2562 studiorum
1654 2521 1773 2560 etiam
