2351 2997
628 198 1659 248 EPISTOLARUM

501 353 668 411 AD
785 349 1772 408 FAMILIARES

830 513 1229 557 'LIBER

540 659 646 698 Edit.
677 658 821 697 Olivet.

405 769 445 837 Ξ9
497 760 523 838 l}
547 798 623 837 quod
634 798 716 835 juvet
741 799 763 827 F
783 800 841 838 uest
854 800 922 838 quod
932 799 994 828 vidi
1018 797 1120 838 Pquod
1169 767 1203 836 ξι

586 839 643 867 vidi
656 839 682 873 ψ
697 851 743 877 quo
756 841 802 867 diu

509 878 525 906 8
547 878 645 906 eodem
662 879 684 906 F
698 884 725 907 d.

507 927 526 955 9
548 918 594 945 Sic
608 932 633 952 v,
644 919 669 953 ψ
685 921 727 948 Sic
739 922 804 947 enim

489 967 524 986 ιο
546 967 610 985 cum
631 960 652 986 F
668 959 688 986 P
703 967 757 987 tum

486 1011 527 1018 -—-
547 998 625 1036 quod
640 1008 674 1026 ex
689 1012 702 1026 υ
716 998 783 1037 quod
793 999 846 1027 tuis

491 1046 524 1065 12
547 1038 643 1065 omnia
659 1039 680 1065 F
695 1040 722 1067 d.

491 1086 524 1114 ¹3
546 1078 688 1115 perficiam
706 1079 870 1117 Fpraetficiam

492 1125 501 1144 ι
511 1125 525 1154 ς
550 1117 713 1146 celebritate
727 1118 752 1153 ψ
766 1118 905 1147 crebritate

490 1165 525 1192 17
548 1156 619 1185 forte
633 1160 662 1185 de
675 1155 700 1186 F
716 1159 744 1186 de

489 1204 526 1223 20
547 1204 576 1225 et
591 1199 692 1227 amoris
707 1198 731 1227 F
744 1201 837 1227 amoris

486 1251 530 1258 —
548 1235 596 1264 suo
610 1250 624 1264 v
636 1238 663 1267 d.

511 1286 521 1305 1
547 1285 610 1304 cum
628 1275 654 1311 ψ
668 1279 695 1307 d,

510 1326 525 1345 2
580 1316 626 1344 uid
641 1318 663 1345 F
676 1318 758 1354 Qtod

508 1366 527 1391 4
550 1357 672 1385 remittes
688 1371 701 1385 v
716 1359 853 1385 remitteres

507 1397 526 1423 6
547 1396 580 1423 L.
605 1397 626 1424 F
642 1396 775 1425 Lentulum

508 1443 525 1472 7
543 1435 755 1473 jurisconsultus
770 1433 983 1474 &jureconfidtm

490 1484 500 1503 1
511 1484 521 1503 ι
546 1476 576 1504 id
590 1485 655 1504 eum
670 1477 695 1510 ψ
707 1477 771 1504 idem

490 1524 526 1542 12
547 1522 574 1544 te
589 1517 609 1543 F
627 1517 646 1544 P
661 1529 674 1543 u
689 1517 715 1543 d.

485 1569 529 1577 —
548 1555 621 1583 Vale
638 1556 667 1584 Ρ,
683 1569 697 1583 υ
712 1556 737 1582 a'.

490 1595 526 1623 16
548 1595 678 1622 molestiis
694 1608 706 1622 v
721 1595 746 1621 d.

491 1644 526 1672 17
549 1634 666 1662 amicior
680 1635 701 1662 P
717 1635 845 1662 amicitior

492 1677 525 1702 18
549 1673 607 1701 ullo
627 1674 648 1701 F
663 1673 717 1702 ulla

493 1723 529 1752 ¹9
550 1714 647 1742 mallet
672 1723 732 1742 eam
761 1714 783 1742 F
798 1711 874 1742 valet
896 1713 973 1741 etiam
999 1711 1019 1739 P
1038 1709 1117 1740 vellet

590 1764 646 1781 eam

487 1807 528 1814 —
547 1793 619 1821 mihi
639 1794 658 1821 P
673 1794 700 1822 d.

486 1848 526 1854 -—
546 1842 640 1870 aptam
657 1833 677 1861 P
692 1840 807 1869 apertam

488 1881 526 1900 20
549 1882 661 1910 quoque
678 1873 698 1900 F
712 1874 739 1899 d.

489 1921 525 1940 22
548 1912 673 1940 maximo
688 1921 772 1949 opere
791 1911 811 1938 F
827 1913 997 1948 maximopere

488 1961 524 1987 24
546 1951 648 1990 poteris
662 1952 766 1989 Fpotes

485 2006 526 2012 -
547 1991 675 2029 plurimis
692 1993 711 2018 F
723 1991 861 2028 plurimum

484 2046 524 2052 ·--
546 2031 697 2068 prospicias
714 2032 733 2057 F
747 2032 865 2067 perficias
877 2030 1029 2067 {apt-[fitius

489 2070 526 2099 26
549 2070 641 2108 quoad
655 2070 713 2106 ejus
730 2070 750 2098 F
764 2071 783 2097 P
797 2083 810 2097 v
825 2071 890 2107 quod
900 2072 1010 2106 equidem
1024 2066 1085 2105 (sed
1095 2068 1116 2097 Ρ

594 2121 678 2147 marg.
702 2111 778 2137 habet
793 2113 810 2125 “
823 2110 948 2146 quoad'')

484 2164 524 2171 —
545 2150 669 2187 potueris
686 2150 705 2177 F
723 2149 846 2186 Ppoteris

489 2192 524 2218 28
548 2189 627 2227 poffis
644 2191 772 2226 Fpoteris

491 2238 522 2265 31
548 2230 575 2257 id
594 2229 649 2256 fieri
668 2230 759 2266 Ffieri
773 2230 854 2257 adid

412 2278 443 2307 5¹
514 2278 523 2297 1
549 2279 591 2296 res
604 2282 617 2296 v
633 2279 671 2296 res
684 2269 739 2306 Jpfiz

514 2319 527 2346 3
551 2309 602 2336 esse
618 2307 643 2343 ψ
657 2312 698 2345 effe
713 2321 728 2336 a
742 2318 767 2337 te

509 2358 527 2383 4
550 2349 622 2375 Vale
638 2349 656 2376 P
672 2350 698 2376 d.

510 2389 527 2416 6
550 2389 625 2416 Ante
639 2388 713 2417 diem
731 2389 750 2417 P
767 2387 812 2416 Aa'
823 2401 836 2416 v
851 2388 877 2417 d.

410 1285 447 1315 50

1174 1361 1211 1391 52

1176 2236 1213 2265 53

490 2468 578 2497 Tom-
599 2467 669 2498 VII.

1319 517 1409 556 111.

1418 650 1746 707 MSS.FP0,ss

1260 757 1288 825 ιὲ
1310 806 1352 824 κ1.
1371 796 1396 831 ψ
1410 795 1489 826 XVI.

1247 850 1288 858 —
1309 836 1405 873 Junias
1420 850 1433 864 v
1448 842 1472 864 d.

1269 885 1286 912 7
1309 876 1394 904 modo
1408 875 1436 911 ψ
1449 877 1475 904 d.

1267 925 1286 953 9
1308 924 1441 944 venerant
1455 914 1482 952 ψ
1495 921 1605 944 venerat

1254 964 1289 983 10
1311 956 1362 983 este
1376 956 1402 989 ψ
1415 967 1428 984 e
1445 964 1469 984 et

1254 1003 1290 1030 14
1312 1003 1342 1023 ut
1357 1009 1370 1023 u
1385 1005 1412 1023 ut
1423 1008 1454 1024 ea

1257 1036 1291 1062 18
1315 1035 1401 1063 tradit
1417 1034 1444 1070 ψ
1457 1037 1542 1064 tradit
1557 1042 1585 1063 ut

1254 1083 1292 1102 20
1311 1074 1439 1104 amiciori
1455 1076 1475 1104 P
1489 1076 1630 1104 amicitiori

1255 1123 1289 1150 23
1313 1121 1341 1142 te
1355 1115 1376 1142 P
1387 1116 1414 1144 d.

1252 1168 1292 1174 —
1313 1154 1343 1182 id
1358 1168 1371 1182 v
1386 1155 1413 1182 d.

1255 1202 1290 1231 25
1315 1194 1385 1222 mihi
1400 1207 1413 1222 υ
1428 1194 1453 1223 d.

1254 1242 1290 1268 27
1313 1233 1439 1262 consulta
1457 1246 1470 1261 v
1485 1232 1591 1268 consideo

1255 1280 1293 1308 30
1314 1273 1435 1301 maxime
1455 1287 1468 1300 v
1483 1275 1511 1301 d.

1251 1327 1295 1335 —
1315 1314 1376 1350 Ego
1393 1314 1418 1341 C
1432 1326 1457 1347 v,
1472 1313 1497 1347 ψ
1510 1324 1552 1351 ego
1565 1311 1649 1348 consid

1276 1363 1285 1382 1
1313 1361 1421 1381 venerit
1433 1366 1445 1380 v
1460 1356 1564 1382 veneris

1272 1403 1288 1422 z
1311 1402 1343 1420 ea
1356 1403 1370 1420 υ
1383 1397 1433 1420 erit
1447 1393 1471 1427 ψ
1483 1392 1509 1421 d.

1251 1447 1292 1455 -
1312 1432 1386 1460 Vale
1402 1433 1421 1460 P
1435 1433 1460 1460 d.

1275 1482 1289 1509 3
1315 1472 1435 1500 Pulchro
1448 1473 1472 1506 ψ
1486 1471 1596 1500 Pulchro
1610 1470 1761 1510 Imperatori

1274 1521 1289 1549 ς
1312 1512 1347 1541 L.
1362 1512 1467 1540 Clodio
1481 1525 1494 1539 υ
1509 1511 1620 1540 Lentulo

1274 1552 1291 1579 6
1314 1561 1376 1578 eum
1391 1564 1404 1578 v
1417 1563 1460 1580 eas

1256 1600 1287 1618 11
1314 1591 1390 1619 Mihi
1409 1599 1436 1619 et
1451 1592 1475 1619 Ρ
1489 1590 1564 1619 Mihi
1578 1604 1590 1618 :a
1605 1592 1634 1619 d.

1252 1646 1292 1652 —
1313 1632 1358 1668 Q
1369 1644 1381 1658 υ
1396 1632 1462 1668 qusd

1256 1679 1291 1699 12
1314 1670 1387 1698 filius
1402 1684 1415 1698 υ
1426 1670 1526 1698 Fabius
1540 1669 1644 1707 xlaefilix

1256 1719 1288 1747 13
1311 1710 1427 1747 plurimi
1443 1709 1617 1747 ‹spplurimum

1257 1759 1292 1785 14
1313 1750 1442 1788 augurali
1458 1749 1484 1784 ψ
1499 1748 1632 1788 auguriali

1256 1798 1288 1826 ¹5
1313 1789 1496 1817 amantiffime
1520 1802 1533 1817 v
1547 1788 1716 1825 humaniffi‘me

1255 1838 1288 1865 ¹7
1311 1828 1418 1857 summa
1433 1842 1445 1856 υ
1459 1831 1487 1858 d.

1258 1871 1291 1896 18
1314 1868 1372 1905 ipse
1384 1883 1408 1902 v,
1422 1870 1447 1903 ψ
1459 1869 1538 1906 ipfiem

1257 1918 1293 1936 20
1315 1908 1379 1936 filiae
1396 1916 1449 1937 tuae
1464 1908 1559 1946 ssfilia
1573 1916 1620 1937 tua

1251 1963 1292 1970 —
1313 1948 1357 1976 M.
1375 1962 1388 1976 v
1403 1958 1480 1976 meum

1254 1998 1286 2018 21
1311 1988 1438 2027 Collegii
1452 1987 1478 2023 ψ
1490 1987 1633 2026 collegiique

1256 2038 1292 2057 22
1313 2029 1426 2056 videtur
1442 2029 1466 2062 ψ
1482 2032 1603 2056 videatur

1255 2078 1290 2105 23
1314 2067 1447 2096 Clodium
1466 2069 1485 2096 P
1503 2070 1536 2097 C.
1551 2067 1683 2096 Lentulum

1256 2117 1294 2144 24
1314 2108 1371 2144 ipse
1388 2109 1406 2135 P
1421 2109 1447 2134 d.

1256 2148 1292 2176 26
1313 2156 1372 2174 eam
1396 2146 1421 2182 ψ
1437 2158 1515 2175 meam

1258 2196 1291 2224 27
1317 2187 1388 2214 Vale
1404 2188 1422 2214 P
1437 2201 1449 2214 υ
1467 2188 1492 2216 d.

1280 2237 1294 2254 2
1318 2235 1382 2253 ante
1397 2226 1469 2254 diem
1486 2227 1505 2254 P
1520 2240 1532 2254 υ
1547 2227 1586 2253 ad

1276 2276 1289 2302 3
1320 2266 1444 2294 Lucilius
1460 2267 1485 2300 ᾤ
1499 2267 1622 2294 Latinius

1273 2314 1293 2342 4
1314 2306 1456 2333 hominem
1474 2306 1499 2341 ’ψ
1515 2307 1608 2333 hamis-le

1252 2360 1293 2368 —
1314 2346 1475 2373 amiciorem
1497 2347 1516 2373 Ρ
1530 2347 1694 2372 ammineum

1274 2394 1292 2422 7
1317 2386 1459 2413 Lucilium
1475 2399 1487 2414 υ
1500 2387 1605 2413 Larium

1273 2426 1290 2453 8
1312 2425 1346 2453 d:
1363 2424 1388 2460 ψ,
1403 2427 1430 2453 d.

1440 2465 1475 2494 M
1488 2473 1517 2493 m
1532 2473 1560 2492 m
