2351 2997
624 245 717 284 AD
775 233 1241 280 FAMILIARES
1299 230 1432 269 LIB.
1479 228 1550 266 IV.
1728 225 1783 277 83-

398 348 458 402 eff:
482 358 642 399 cognoro,
677 341 719 380 de
748 340 790 379 iis
820 338 924 377 rebus
953 350 1032 389 quae
1057 333 1114 372 hic
1136 338 1334 385 geruntur,
1365 324 1714 382 quemadmodumque
1733 323 1779 373 fi

395 411 587 466 provincia
606 407 752 451 habeat,
784 404 970 444 certiorem
975 400 1136 452 faciam.
1174 395 1274 437 Vale.

650 608 714 647 M.
747 608 801 645 T.
834 606 883 643 C.
922 603 1044 640 SER.
1077 601 1369 637 SULPICIO
1412 594 1449 630 S.
1483 592 1535 630 D.

409 741 482 779 Vl.
502 738 618 810 EG
633 737 668 774 O
701 748 804 778 vero,
837 730 957 775 Servi,
980 728 1136 770 vellem,
1160 733 1203 762 ut
1224 722 1374 766 scribis,
1397 721 1438 758 in
1460 732 1548 757 meo
1567 713 1786 769 graviffimo

596 801 684 839 casu
703 797 883 837 affuiffes.
908 797 1114 845 Qantum
1130 790 1236 828 enim
1252 786 1414 840 praesens
1436 798 1498 822 me
1518 783 1695 834 adjuvare
1715 791 1787 829 po-

410 869 529 908 tueris
559 876 598 905 et
627 862 862 903 consolando
891 868 930 898 et
958 870 1079 911 prope
1109 868 1216 907 aeque
1246 850 1429 894 dolendo,
1461 848 1576 886 facile
1606 859 1653 883 ex
1682 856 1727 880 eo
1748 842 1791 878 in

410 934 564 985 tellig0‚
582 929 689 983 quod
708 928 831 966 literis
855 925 931 963 tuis
953 922 1060 961 leeris
1082 920 1329 971 aliquantum
1349 913 1540 967 acquievi.
1564 911 1672 949 Nam
1692 915 1732 944 et
1750 919 1793 943 ea

412 996 604 1050 scripsisti,
636 1008 720 1047 quae
741 994 864 1031 levare
884 990 1036 1028 luCtum
1058 984 1221 1038 poffent,
1253 991 1290 1019 et
1311 981 1352 1018 in
1373 993 1436 1018 me
1457 973 1692 1016 consolando
1713 983 1793 1009 non

413 1062 652 1101 mediocrem
673 1057 752 1111 ipse
772 1055 894 1095 animi
915 1053 1091 1090 dolorem
1111 1045 1336 1086 adhibuisti.
1380 1043 1531 1082 Servius
1553 1049 1683 1078 tamen
1703 1045 1795 1074 tuus

412 1127 600 1166 omnibus
621 1123 776 1167 officiis,
808 1134 894 1173 quae
924 1118 984 1156 illi
1014 1114 1183 1167 tempori
1213 1110 1335 1150 tribui
1363 1114 1592 1162 potuerunt,
1623 1101 1795 1141 declara-

414 1193 487 1237 vit,
518 1200 557 1229 et
585 1188 724 1242 quanti
752 1186 832 1238 ipse
858 1198 921 1222 me
951 1181 1108 1224 faceret,
1139 1187 1177 1216 et
1206 1189 1325 1230 quam
1352 1175 1466 1212 suum
1487 1171 1605 1209 talem
1625 1180 1714 1219 erga
1732 1179 1796 1203 me

417 1256 595 1294 animum
616 1253 690 1291 tibi
710 1259 864 1303 gratum
886 1254 1039 1300 putaret
1059 1243 1166 1282 fore:
1189 1242 1302 1293 cujus
1323 1238 1451 1277 officia
1465 1233 1702 1288 jucundiora
1721 1230 1798 1267 sci-

418 1321 513 1359 licet
533 1320 627 1371 saepe
647 1315 749 1355 mihi
768 1314 930 1357 fuerint,
962 1321 1166 1361 nunquam
1187 1315 1317 1344 tamen
1341 1304 1522 1356 gratiora.
1568 1299 1640 1336 Me
1668 1304 1800 1335 autem

420 1400 499 1427 non
521 1385 643 1423 oratio
665 1392 730 1420 tua
750 1380 891 1423 solum,
922 1386 960 1415 et
990 1375 1148 1413 societas
1179 1384 1276 1424 pene
1302 1366 1559 1421 aegritudinis,
1591 1362 1654 1402 sed
1682 1361 1802 1399 etiam

420 1451 641 1494 auctoritas,
673 1446 908 1485 consolatur.
954 1443 1092 1492 Turpe
1121 1438 1228 1476 enim
1248 1435 1319 1473 effe
1340 1433 1534 1475 existimo,
1565 1443 1628 1467 me
1648 1440 1728 1465 non
1749 1425 1803 1462 ita

422 1517 522 1558 ferre
542 1516 673 1554 casum
689 1525 837 1556 meum,
855 1518 898 1547 ut
916 1517 973 1552 tu,
992 1506 1060 1544 tali
1080 1502 1265 1557 sapientia
1284 1498 1484 1553 praeditus,
1501 1494 1707 1534 ferendum
1726 1504 1803 1543 pu-

423 1593 495 1622 tas.
529 1582 600 1620 Sed
621 1580 823 1632 opprimor
844 1573 1056 1616 interdum,
1088 1580 1126 1608 et
1146 1569 1211 1607 vix
1234 1566 1359 1605 refisto
1380 1563 1521 1607 dolori,
1553 1559 1661 1613 quod
1680 1570 1723 1595 ea
1742 1569 1806 1593 me

426 1648 559 1687 solatia
578 1645 782 1687 deficiunt,
814 1655 899 1693 quae
929 1638 1090 1680 caeteris,
1123 1646 1293 1686 quorum
1323 1629 1425 1667 mihi
1453 1626 1633 1678 exempla
1660 1635 1805 1675 propo·

428 1728 495 1758 no,
526 1711 643 1750 firnili
672 1711 713 1747 in
743 1707 901 1745 fortuna
930 1716 1008 1741 non
1035 1700 1257 1738 defuerunt.
1305 1696 1411 1734 Nam
1440 1703 1479 1730 et
1508 1689 1807 1741 QMaximus,

428 1779 499 1830 qui
520 1777 649 1815 filium
676 1771 932 1813 consularem,
963 1767 1113 1804 clarum
1143 1763 1271 1801 virum
1301 1770 1339 1797 et
1368 1757 1520 1809 magnis
1550 1755 1664 1792 rebus
1694 1751 1809 1803 gestis

431 1844 584 1887 amifit;
617 1850 654 1878 et
685 1841 733 1877 L.
759 1837 917 1880 Paulus,
949 1833 1019 1885 qui
1048 1832 1126 1868 duo
1147 1830 1293 1881 septem
1314 1826 1480 1868 diebus;
1512 1831 1550 1860 et
1570 1819 1688 1859 vester
1710 1816 1810 1855 Gal-

431 1910 508 1954 lus,
540 1916 578 1945 et
607 1906 670 1944 M.
696 1906 809 1947 Cato,
842 1901 911 1953 qui
938 1899 1091 1936 summo
1119 1894 1293 1947 ingenio,
1325 1891 1476 1928 summa
1494 1887 1653 1930 virtute,
1684 1883 1814 1920 filium

433 1972 617 2027 perdidit,
636 1971 682 2008 iis
700 1967 943 2020 temporibus
960 1962 1135 2005 fuerunt,
1154 1969 1197 1997 ut
1213 1970 1349 1996 eorum
1365 1956 1518 1993 luctum
1534 1950 1707 2003 ipsorum
1724 1947 1813 1998 dig-

436 2040 535 2076 nitas
556 2034 818 2074 consolaretur
838 2045 894 2075 ea,
912 2042 1030 2081 quam
1046 2040 1092 2064 ex
1110 2023 1310 2077 republica
1325 2017 1676 2070 consequebantur.
1706 2010 1817 2050 Mihi

437 2113 583 2147 autem,
611 2099 751 2138 amiffis
773 2095 1010 2136 ornamentis
1031 2093 1094 2136 iis,
1116 2104 1202 2143 quae
1223 2087 1302 2141 ipse
1322 2094 1621 2126 commemoras,
1653 2089 1818 2131 quaeque

438 2183 542 2208 eram
559 2164 740 2205 maximis
757 2162 956 2201 laboribus
973 2159 1150 2210 adeptus,
1167 2168 1290 2192 unum
1308 2150 1487 2190 manebat
1503 2147 1603 2186 illud
1620 2144 1818 2187 solatium,

439 2222 545 2286 quod
572 2239 750 2283 ereptum
777 2227 843 2266 est.
887 2227 983 2265 Non
1016 2223 1234 2261 amicorum
1265 2216 1449 2269 negotiis,
1482 2226 1560 2251 non
1593 2207 1820 2262 reipublicae

443 2297 727 2351 procuratione,
760 2291 1075 2345 impediebantur
1104 2284 1360 2337 cogitationes
1390 2293 1512 2318 meae:
1545 2275 1646 2315 nihil
1674 2274 1715 2311 in
1735 2271 1822 2309 foro

444 2377 554 2416 agere
573 2361 720 2399 libebat
738 2375 747 2397 ι
780 2359 946 2411 aspicere
966 2355 1115 2394 curiam
1136 2365 1214 2390 non
1237 2358 1412 2402 poteram
1430 2360 1439 2383 z
1471 2339 1754 2382 existimabam,
1783 2335 1824 2373 id

443 2428 552 2483 quod
567 2435 660 2471 erat,
678 2437 812 2463 omnes
830 2437 891 2461 me
907 2431 946 2460 et
966 2419 1160 2459 industriae
1176 2430 1270 2455 meae
1286 2414 1436 2452 fructus
1452 2419 1490 2448 et
1510 2408 1676 2446 fortunae
1693 2401 1824 2455 perdi-

444 2493 553 2533 diffe.
577 2491 663 2536 Sed,
685 2503 778 2536 cum
797 2489 1024 2540 cogitarem,
1045 2484 1128 2524 haec
1149 2480 1250 2521 mihi
1272 2489 1403 2518 tecum
1422 2485 1462 2514 et
1482 2487 1575 2512 cum
1594 2466 1827 2524 quibusdam

1084 2561 1089 2564 ’
1442 2541 1475 2576 L
1507 2551 1528 2576 2
