2351 2997
604 247 695 285 AD
754 241 1222 282 FAMILIARES
1282 240 1562 279 LIB.X11.
1699 254 1773 292 327

391 347 581 390 invectus,
613 353 657 381 ut
678 343 744 380 ille
766 355 844 380 non
865 340 996 385 ferret,
1028 353 1268 392 omnemque
1295 339 1408 377 suum
1429 339 1677 376 vinolentum
1710 338 1775 376 fu·-

393 424 520 448 rorem
550 410 590 447 in
621 422 684 446 me
718 421 841 445 unum
873 405 1118 450 effunderet;
1151 419 1292 457 meque
1322 418 1413 442 cum
1435 404 1573 442 elicere
1596 404 1711 441 vellet
1732 404 1779 441 ad

394 476 509 514 caedis
537 474 705 519 causam,
737 483 823 511 tum
853 481 1017 510 tentaret
1048 471 1223 509 infidiis:
1257 485 1376 522 quem
1403 484 1475 522 ego
1503 472 1719 507 metantem
1741 480 1780 507 et

394 540 640 578 nauseantem
667 539 819 590 conjeci
850 539 890 575 in
919 537 1077 575 Caesaris
1112 536 1314 573 Octaviani
1347 536 1492 587 plagas.
1541 536 1641 572 Puer
1672 535 1779 572 enim

392 606 571 658 egregius
593 604 813 657 praefidium
833 603 902 640 fibi
923 603 1099 654 primum
1120 610 1158 638 et
1185 601 1314 644 nobis,
1346 600 1485 638 deinde
1515 600 1675 646 summae
1703 600 1779 636 rei-

393 671 577 722 publicae,
607 668 871 720 comparavit:
904 666 971 717 qui
996 666 1064 702 nisl
1086 664 1229 708 fuisset,
1253 665 1421 702 Antonii
1442 664 1588 701 reditus
1610 678 1630 701 a
1652 665 1781 701 Brun-

394 735 502 773 dufio
532 734 647 786 pestis
681 734 812 785 patriae
842 731 986 768 fuiffet.
1035 731 1133 780 Qae
1168 729 1351 781 deinceps
1384 731 1465 766 aeta
1496 729 1583 774 sint,
1616 729 1709 766 scire
1746 739 1783 766 te

394 801 577 838 arbitror.
625 798 697 837 Sed
729 798 927 836 redeamus
960 796 1007 834 ad
1039 796 1154 841 illud,
1187 795 1289 833 unde
1321 795 1567 833 divertimus.
1615 795 1784 846 Accipio

397 865 689 904 excusationem
711 872 819 901 tuam
839 862 885 900 de
908 862 1139 914 Sempronio
1157 876 1166 899 :
1200 874 1326 912 neque
1346 861 1453 898 enim
1473 859 1605 897 statuti
1625 860 1721 912 quid
1743 860 1785 896 in

398 940 505 969 tanta
525 929 816 982 perturbatione
836 927 978 966 habere
998 926 1173 979 potuisti.
1219 927 1331 965 Nunc
1359 925 1415 964 hic
1443 924 1513 963 dies
1541 925 1648 962 aliam
1669 924 1785 962 vitam

398 996 524 1049 qffbrt,
555 995 640 1033 alios
660 1009 769 1032 mores
783 993 953 1047 postulat,
986 1002 1030 1031 ut
1056 993 1110 1031 ait
1136 993 1363 1030 Terentius.
1411 991 1697 1044 Qamobrem‚
1729 991 1786 1029 mi

400 1063 566 1114 Qinte,
607 1060 823 1099 conscende
857 1059 1078 1103 nobiscum,
1118 1066 1157 1096 et
1191 1058 1353 1111 quidem
1386 1057 1433 1095 ad
1466 1058 1649 1110 puppim.
1696 1058 1787 1095 Una

398 1127 504 1165 navis
539 1126 592 1164 est
615 1127 700 1178 jam
731 1125 926 1163 bonorum
960 1124 1170 1168 omnium3
1203 1137 1322 1175 quarn
1351 1122 1513 1175 quidem
1544 1136 1613 1160 nos
1647 1123 1787 1159 damus

399 1206 574 1245 operam,
606 1201 650 1230 ut
680 1193 824 1229 rectam
858 1200 1075 1229 teneamus.
1122 1190 1288 1228 Utinam
1322 1189 1504 1242 prospero
1538 1188 1666 1226 cursu.
1714 1187 1790 1225 Sed

401 1259 632 1310 quicunque
650 1257 757 1295 venti
778 1265 908 1301 erunt,
930 1269 988 1294 ars
1010 1255 1136 1294 nostra
1155 1264 1258 1293 certe
1278 1268 1357 1292 non
1378 1255 1516 1293 aberit.
1550 1254 1659 1305 Qid
1680 1254 1789 1291 enim

402 1323 576 1375 praestare
596 1322 703 1359 aliud
723 1323 846 1360 virtus
874 1321 1030 1373 potest?
1063 1321 1129 1358 Tu
1156 1319 1218 1357 fac
1247 1334 1391 1372 magno
1417 1321 1550 1358 animo
1578 1320 1623 1357 fis
1653 1328 1691 1356 et
1717 1332 1788 1357 ex-

402 1387 533 1433 cels0;
573 1387 812 1439 cogitesque,
854 1400 1016 1425 omnem
1049 1386 1283 1438 dignitatem
1317 1395 1426 1424 tuam
1460 1399 1553 1423 cum
1588 1384 1790 1438 republica

402 1452 655 1504 conjundtam
682 1452 753 1490 effe
774 1451 926 1490 debere.
973 1451 1018 1489 P.
1042 1451 1263 1489 Lucceium
1288 1449 1390 1488 mihi
1420 1464 1555 1487 meum
1581 1462 1789 1488 commen-

403 1517 498 1561 das;
541 1531 677 1569 quem,
711 1517 1011 1568 quibuscunque
1045 1516 1160 1554 rebus
1194 1524 1346 1568 potero,
1389 1515 1599 1567 diligenter
1634 1515 1787 1552 tuebor.

405 1582 589 1619 Hirtium
610 1581 772 1633 quidem
791 1591 831 1619 et
852 1582 1029 1626 Pansam,
1051 1581 1220 1633 collegas
1242 1581 1406 1625 nostros,
1428 1580 1608 1618 homines
1630 1581 1671 1618 in
1692 1593 1792 1617 con-

404 1647 532 1684 sulatu
552 1647 778 1699 reipublicae=
798 1647 995 1691 salutares,
1025 1647 1153 1684 alieno
1174 1647 1260 1684 sane
1281 1655 1457 1698 tempore
1482 1647 1696 1690 amis1mu5‚
1728 1659 1790 1683 re-

403 1712 565 1766 publica
598 1713 826 1751 Antoniano
861 1712 1023 1765 quidem
1057 1712 1265 1750 latrocinio
1299 1712 1473 1756 liberata,
1515 1711 1577 1748 sed
1612 1711 1791 1748 nondum

405 1779 570 1816 omnino
596 1778 814 1831 explicata:
847 1792 967 1830 quam
996 1791 1082 1823 nos,
1114 1778 1140 1815 fi
1172 1777 1326 1823 licebit,
1356 1791 1466 1815 more
1497 1777 1626 1814 nostro
1658 1777 1789 1814 tuebi-

405 1858 522 1888 mur;
556 1857 780 1896 quanquam
807 1844 1020 1881 admodum
1048 1844 1180 1881 sumus
1203 1845 1287 1895 jam
1316 1842 1533 1895 defatigati.
1581 1842 1653 1880 Sed
1683 1843 1794 1879 nulla

404 1908 583 1946 laffitudo
603 1909 792 1961 impedire
813 1909 991 1947 officium
1010 1918 1049 1947 et
1076 1909 1195 1947 fidem
1219 1909 1350 1947 debet.
1396 1909 1547 1946 Verum
1578 1907 1661 1945 haec
1693 1907 1789 1945 hac-

408 1983 535 2013 tenus.
582 1975 647 2012 Ab
676 1974 761 2012 aliis
792 1983 829 2013 te
849 1974 896 2013 de
916 1989 995 2020 me,
1026 1988 1145 2028 quam
1165 1987 1186 2012 a
1204 1988 1268 2013 me
1287 1974 1385 2027 ipso,
1416 1974 1521 2012 malo
1545 1973 1790 2026 cognoscere.

408 2041 471 2077 De
493 2048 530 2076 te
549 2040 801 2078 audiebamus
822 2054 878 2086 ea,
909 2055 995 2092 quae
1015 2042 1187 2079 maxime
1206 2041 1412 2079 vellemus.
1459 2042 1521 2079 De
1547 2041 1624 2078 Cn.
1648 2040 1792 2078 Minu-

409 2105 486 2149 cio,
518 2119 636 2157 quem
667 2115 710 2143 tu
740 2106 974 2158 quibusdam
1005 2107 1128 2146 literis
1158 2107 1206 2145 ad
1232 2107 1373 2146 caelum
1400 2107 1581 2145 laudibus
1603 2105 1794 2150 extulisti,

410 2184 584 2209 rumores
616 2171 790 2209 duriores
821 2181 943 2212 erant.
991 2172 1036 2210 Id
1067 2172 1181 2225 quale
1215 2173 1274 2219 fit,
1305 2173 1548 2226 omninoque
1579 2172 1677 2225 quid
1708 2171 1793 2210 istic.

411 2245 560 2288 agatur,
591 2236 707 2275 facias
729 2251 793 2276 me
812 2237 932 2277 velim
954 2238 1174 2278 certiorem.
