2351 2997
645 329 738 366 AD
797 328 1260 369 FAMILIARES
1321 332 1578 372 LIB.1X,
1732 349 1805 385 219

424 435 465 463 et
484 426 623 478 gratias
651 440 749 479 ago:
782 441 900 479 quern
932 428 1093 481 quidem
1126 429 1209 482 post
1242 438 1279 467 te
1311 431 1526 476 consulem,
1558 431 1684 470 solum
1714 433 1803 484 pos-

423 491 557 529 sumus
578 505 664 529 vere
684 493 885 531 consulem
907 494 1048 533 dicere.
1096 495 1250 533 Deinde
1274 497 1400 534 multa
1420 497 1466 534 de
1487 497 1603 543 facto,
1634 510 1677 535 ac
1699 497 1744 535 de
1766 512 1804 535 re

418 556 551 608 gesta:
585 566 671 595 tum
693 557 793 596 nihil
815 560 1147 611 magnificentius,
1179 560 1279 598 nihil
1312 563 1532 614 praeclarius
1564 565 1693 601 aetum
1726 576 1801 600 un-

422 634 556 673 quam,
589 622 690 660 nihil
712 624 938 676 reipublicae
959 625 1175 664 salutarius.
1222 628 1355 678 Atque
1386 627 1468 665 haec
1501 642 1577 665 una
1608 643 1683 666 vox
1713 642 1800 666 om—

422 688 534 724 nium
567 688 632 725 est.
680 690 716 726 A
749 698 786 727 te
811 699 940 727 autem
960 699 1065 742 peto,
1099 699 1142 728 ut
1161 705 1223 728 me
1245 690 1345 729 hanc
1366 693 1470 744 quali
1491 693 1625 731 falsam
1645 693 1800 731 heredi-

422 761 540 791 tatem
562 755 694 792 alienae
715 755 847 806 gloriae
876 755 971 793 sinas
1003 769 1185 800 cerne1·e;
1219 770 1359 808 meque
1387 758 1516 810 aliqua
1546 773 1592 796 ex
1625 769 1732 811 parte
1761 761 1802 797 in

421 818 642 856 societatem
665 829 819 857 tuarum
840 820 1000 858 laudum
1020 821 1150 859 venire
1170 822 1328 874 patiare.
1360 824 1613 875 Qanquam,
1636 826 1692 863 mi
1715 826 1801 863 Do-

420 883 573 928 labella,
620 883 720 936 (haec
755 886 860 922 enim
889 886 1043 937 jocatus
1080 886 1182 936 sum)
1221 887 1409 925 libentius
1444 902 1580 926 omnes
1615 903 1733 934 meas,
1775 891 1800 928 sl

421 949 539 986 modo
560 950 649 987 sunt
678 950 817 1002 aliquae
844 964 953 995 meze,
985 951 1116 989 laudes
1137 952 1182 989 ad
1205 962 1241 989 te
1264 953 1555 999 transfuderim,
1587 968 1706 1006 quam
1727 956 1798 992 ali-

420 1028 538 1066 quam
560 1025 709 1067 partem
730 1015 972 1054 exhauserim
995 1031 1041 1055 ex
1064 1019 1155 1056 tuis.
1203 1019 1324 1064 Nam,
1356 1033 1447 1057 cum
1477 1029 1513 1058 te
1543 1021 1693 1073 semper
1713 1031 1799 1059 tan-

420 1089 506 1117 tum
528 1081 747 1126 dilexerim,
779 1092 972 1133 quantum
993 1092 1034 1120 tu
1057 1083 1276 1135 intelligere
1297 1085 1485 1137 potuisti;
1519 1096 1604 1124 tum
1634 1087 1696 1124 his
1722 1088 1799 1125 tuis

418 1144 528 1183 factis
551 1146 600 1183 fic
621 1147 799 1185 incensus
817 1147 917 1192 sum,
935 1157 978 1185 ut
996 1148 1096 1185 nihil
1118 1163 1293 1201 unquam
1314 1151 1354 1187 in
1375 1164 1505 1189 amore
1526 1151 1645 1190 fuerit
1660 1153 1799 1190 arden-

417 1211 509 1249 tius.
544 1210 661 1249 Nihil
682 1212 735 1249 est
755 1213 861 1250 enim
886 1212 1005 1265 (mihi
1026 1213 1155 1264 crede)
1179 1216 1323 1253 virtute
1344 1215 1566 1262 formofius,
1583 1216 1685 1255 nihil
1705 1219 1798 1270 pul-

415 1275 564 1321 chrius,
597 1276 697 1314 nihil
718 1278 939 1316 amabi-lius.
987 1280 1145 1331 Semper
1163 1281 1288 1318 amavi
1312 1282 1375 1333 (ut
1404 1282 1495 1333 scis)
1526 1283 1589 1321 M.
1613 1285 1797 1329 Brutum,

416 1351 574 1394 propter
589 1343 671 1394 ejus
694 1342 892 1381 summum
913 1344 1134 1395 ingenium,
1153 1345 1388 1385 suaviffimos
1405 1362 1548 1393 mores,
1566 1349 1798 1402 singularem

414 1407 652 1459 probitatem
672 1417 788 1460 atque
815 1409 1100 1448 constantiam:
1134 1419 1263 1449 tamen
1293 1412 1424 1451 idibus
1455 1414 1613 1452 Martiis
1644 1425 1799 1454 tantum

414 1472 565 1510 acceffit
581 1473 626 1510 ad
642 1487 829 1519 amorem,
848 1485 892 1512 ut
908 1475 1068 1513 mirarer
1082 1476 1216 1514 locum
1237 1476 1349 1515 fuiffe
1369 1479 1536 1531 augendi
1557 1481 1597 1518 in
1613 1495 1673 1526 eo,
1692 1481 1799 1534 quod

415 1537 768 1592 mihijampridem
790 1541 1037 1578 cumulatum
1067 1542 1185 1580 etiam
1205 1542 1423 1583 videbatur.
1471 1545 1572 1596 Qis
1602 1556 1696 1591 erat,
1728 1548 1797 1599 qui

414 1613 567 1655 putaret
587 1604 633 1642 ad
654 1618 745 1642 eum
765 1618 952 1651 amorem,
980 1620 1098 1658 quem
1119 1621 1208 1659 erga
1228 1617 1265 1646 te
1285 1607 1493 1656 habebam,
1525 1611 1628 1663 poss‘e
1647 1612 1798 1664 aliquid

414 1668 624 1705 accedere?
658 1678 812 1707 tantum
841 1671 1007 1715 acceffit‚
1040 1681 1083 1709 ut
1114 1672 1215 1710 mihi
1248 1687 1354 1712 nunc
1383 1675 1553 1728 denique
1579 1690 1705 1715 amare
1736 1678 1797 1715 vi-

413 1733 517 1777 dear,
534 1742 644 1770 antea
664 1734 850 1772 dilexisse.
875 1736 1004 1786 Qare
1021 1737 1115 1788 quid
1133 1737 1184 1774 est
1201 1739 1305 1788 quod
1322 1753 1393 1790 ego
1416 1749 1452 1777 te
1473 1740 1619 1786 horter,
1642 1751 1686 1780 ut
1707 1743 1796 1794 dig-

414 1798 528 1835 nitati
548 1807 586 1836 et
606 1799 739 1850 gloriae
760 1800 896 1837 servias
917 1802 929 1838 ?
963 1802 1183 1853 Proponam
1213 1803 1286 1840 tibi
1313 1805 1436 1842 claros
1458 1807 1575 1851 viros,
1607 1807 1713 1859 quod
1734 1807 1794 1845 fa-

411 1876 498 1900 cere
522 1863 644 1901 solent
672 1865 741 1915 qui
768 1864 1006 1904 hortantur?
1038 1867 1238 1905 neminem
1270 1868 1394 1907 habeo
1424 1871 1644 1917 clariorem,
1676 1886 1796 1925 quam

411 1928 593 1980 teipsum.
617 1930 678 1967 Te
699 1929 852 1968 imitere
872 1940 1027 1983 oportet
1045 1947 1054 1970 z
1079 1942 1211 1970 tecum
1232 1933 1310 1985 ipse
1331 1944 1469 1974 certes.
1503 1937 1567 1974 Ne
1587 1938 1681 1975 licet
1702 1939 1795 1990 qui-

409 1993 500 2031 dem
521 1993 710 2045 tibijam‚
741 1996 858 2034 tantis
880 1997 994 2034 rebus
1015 1997 1145 2049 gestis,
1178 2012 1254 2036 non
1279 2001 1336 2038 tui
1357 2001 1524 2039 similem
1545 2002 1630 2041 esse.
1673 2004 1795 2056 Qod

409 2072 502 2096 cum
538 2059 591 2096 ita
625 2060 684 2104 fit,
716 2059 887 2099 hortatio
919 2075 998 2100 non
1030 2063 1083 2100 est
1116 2065 1344 2110 necessariam
1376 2068 1636 2118 gratulatione
1667 2070 1793 2122 magis

410 2124 601 2162 utendum
621 2125 689 2162 est.
736 2127 918 2178 Contigit
944 2128 1050 2166 enim
1078 2129 1167 2174 tibi,
1199 2131 1306 2182 quod
1333 2131 1437 2169 haud
1458 2133 1537 2171 scio
1557 2148 1604 2171 an
1626 2135 1792 2180 nemini,

409 2198 452 2226 ut
473 2189 624 2227 summa
643 2189 819 2228 severitas
844 2193 1182 2232 animadversionis
1217 2209 1293 2233 non
1326 2198 1445 2235 modo
1476 2212 1555 2236 non
1588 2200 1791 2246 invidiosa,

408 2254 470 2291 sed
490 2256 607 2292 etiam
634 2256 833 2308 popularis
860 2258 964 2302 esset,
996 2268 1033 2295 et
1061 2273 1152 2297 cum
1176 2261 1288 2298 bonis
1309 2263 1511 2307 omnibus,
1543 2274 1629 2302 tum
1650 2265 1791 2304 infimo

406 2320 550 2371 cuique
570 2321 792 2372 gratiffima.
826 2323 918 2360 Hoc
939 2323 964 2361 fi
988 2324 1061 2361 tibi
1082 2323 1239 2363 fortuna
1254 2327 1420 2378 quadam
1443 2330 1678 2381 contigisset,
1699 2345 1789 2383 gra-

408 2385 551 2422 tularer
578 2385 759 2424 felicitati
792 2397 893 2426 tuae:
927 2389 989 2426 sed
1021 2391 1192 2442 contigit
1223 2394 1495 2444 magnitudine
1526 2409 1617 2433 cum
1649 2397 1786 2442 animi,

406 2460 493 2487 tum
513 2451 630 2489 etiam
652 2452 801 2504 ingenii
821 2463 937 2506 atque
957 2455 1122 2494 consilii.
1156 2457 1254 2510 Legi
1274 2459 1382 2496 enim
1399 2461 1630 2498 concionem
1654 2471 1784 2500 tuam:

405 2514 506 2552 nihil
529 2516 596 2553 illa
616 2516 839 2568 sapientius.
887 2520 945 2557 Ita
970 2521 1211 2572 pedetentim
1238 2532 1275 2560 et
1300 2524 1490 2575 gradatim
1514 2535 1599 2563 tum
1621 2526 1785 2564 accefl‘us

400 2594 424 2617 a
444 2589 482 2618 te
502 2581 547 2618 ad
568 2583 720 2621 causam
739 2583 845 2630 facti,
871 2593 955 2624 tum
977 2587 1153 2632 recess‘us,
1177 2598 1219 2625 ut
1242 2603 1298 2626 res
1321 2590 1400 2641 ipsa
1420 2592 1685 2630 maturitatem
1711 2592 1784 2630 tibi

1348 2655 1379 2691 E
1410 2668 1430 2691 e
1461 2667 1482 2692 2
