2351 2997
535 289 610 339 296
905 287 1584 326 EPISTOLARUM

535 385 636 424 mihi
664 394 700 423 et
729 385 798 423 fibi
827 394 863 422 te
895 385 1121 422 amiciorem
1145 385 1450 435 judicaverunt?
1487 384 1584 420 Veni
1616 382 1903 421 Brundufium:

536 452 757 489 oblitumne
779 464 841 487 me
871 461 996 502 putas,
1029 463 1104 500 qua
1133 450 1342 493 celeritate,
1376 458 1418 485 ut
1448 450 1621 499 primum
1650 449 1829 492 audieris,
1862 448 1908 484 ad

535 530 597 554 me
619 518 791 553 Tarento
812 514 1031 551 advolnris?
1063 528 1147 565 quae
1174 522 1239 550 tua
1266 513 1382 550 suerit
1409 513 1562 558 affeffio,
1594 515 1730 557 oratio,
1762 513 1907 550 confir-

535 581 655 618 matio
676 580 796 617 animi
818 580 895 616 mei
917 578 1026 615 fracti
1054 579 1330 615 communium
1359 578 1599 615 miseriarum
1626 588 1731 615 metu
1752 580 1764 615 ?
1797 580 1906 616 Tan-

535 645 622 682 dem
644 644 853 696 aliquando
874 645 1010 680 Rom-ae
1032 643 1102 680 efl'e
1122 644 1314 694 coepimus
1332 658 1340 680 ε
1374 642 1469 694 quid
1490 642 1615 679 defuit
1636 642 1769 680 nostrae
1790 642 1906 680 fami—

534 711 691 748 liaritati
713 711 750 746 in
774 710 955 746 maximis
978 709 1090 745 rebus
1110 709 1122 745 ?
1156 710 1339 758 Qonam
1361 708 1478 745 modo
1500 721 1561 744 nie
1582 721 1753 759 gererem
1773 707 1907 744 adver-

535 777 594 814 sus
618 776 819 818 Caesarem,
845 775 930 812 usus
954 784 1022 811 tuo
1042 774 1202 811 confilio
1223 774 1320 811 sum.
1356 775 1399 810 In
1423 773 1581 825 reliquis
1603 773 1758 818 officiis,
1781 774 1844 810 cui
1867 782 1909 810 tu

536 841 718 885 tribuisti,
737 850 900 892 excepto
918 839 1077 882 Caesare,
1095 849 1231 890 praeter
1252 853 1328 883 me,
1347 847 1389 875 ut
1410 838 1573 875 domum
1595 839 1814 883 ventitares,
1832 838 1906 876 ho-

535 906 666 957 rasque
688 905 829 943 multas
851 905 945 956 saepe
965 904 1181 941 suaviffimo
1204 904 1376 941 sermone
1401 903 1644 940 consumeres
1664 905 1676 940 ἓ
1710 913 1795 941 tum
1815 917 1907 941 cum

534 972 666 1015 etiam,
698 971 723 1007 si
745 969 970 1012 meministi,
1003 978 1045 1005 ut
1066 967 1148 1005 haec
1170 963 1410 1012 φιλοστφὲμλυοι
1432 967 1651 1011 scriberem,
1682 976 1723 1004 tu
1745 981 1808 1005 me
1828 968 1906 1005 im-

534 1035 681 1087 pulisti.
715 1034 803 1071 Post
820 1033 976 1071 Caesaris
994 1032 1177 1076 reditum,
1196 1031 1292 1083 quid
1314 1031 1387 1068 tibi
1407 1032 1545 1082 majori
1563 1045 1662 1069 curae
1682 1031 1773 1076 fuit,
1791 1045 1910 1082 quam

535 1109 577 1137 ut
597 1099 711 1137 essem
731 1112 802 1150 ego
823 1098 882 1135 illi
904 1111 1021 1148 quam
1042 1096 1358 1134 familiariffimus
1377 1097 1390 1132 ?
1422 1096 1527 1147 quod
1548 1095 1740 1134 effeceras.
1774 1097 1907 1146 Qor-

535 1165 619 1203 sum
640 1165 762 1216 igitur
778 1163 859 1201 haee
877 1164 998 1200 oratio
1015 1163 1183 1214 longior,
1202 1175 1320 1213 quam
1341 1162 1542 1212 putaram?
1566 1161 1657 1212 quia
1678 1161 1761 1198 sum
1781 1162 1908 1198 admi-

535 1239 653 1273 ratus,
683 1238 734 1272 te,
766 1229 834 1280 qui
856 1227 937 1265 haec
959 1227 1061 1264 noffe
1082 1227 1253 1270 deberes,
1285 1225 1501 1277 quidquam
1522 1238 1542 1262 a
1563 1239 1624 1262 me
1645 1225 1907 1268 commistum,

534 1294 639 1346 quod
661 1293 749 1330 effet
769 1293 940 1329 alienum
957 1291 1082 1329 nostra
1096 1290 1281 1333 amicitia,
1301 1289 1512 1327 credidisse.
1537 1290 1641 1327 Nam
1660 1300 1795 1341 praeter
1810 1289 1908 1333 haec,

535 1374 620 1411 quae
642 1358 960 1401 commemoravi,
991 1370 1075 1408 quae
1099 1355 1229 1393 testata
1250 1355 1337 1392 sunt
1358 1364 1396 1392 et
1423 1354 1599 1399 illustria,
1631 1354 1754 1392 habeo
1781 1355 1910 1392 multo

534 1425 763 1468 occultiora,
795 1437 880 1474 quae
901 1422 965 1459 vix
987 1421 1112 1459 verbis
1133 1421 1270 1472 exequi
1293 1419 1459 1471 pofl'um.
1505 1420 1651 1456 Omnia
1672 1433 1733 1457 me
1755 1428 1820 1456 tua
1839 1419 1907 1457 de-

549 1493 697 1528 edant:
722 1488 784 1526 sed
806 1488 975 1525 maxime
996 1487 1168 1524 maxima
1187 1499 1279 1523 cum
1301 1485 1395 1522 fides
1415 1486 1456 1521 in
1478 1485 1663 1529 amicitia,
1687 1485 1907 1528 confilium,

533 1555 713 1607 gravitas,
745 1552 984 1596 constantia5
1017 1560 1103 1589 tum
1125 1551 1248 1603 lepos,
1270 1549 1508 1594 humanitas,
1530 1550 1665 1587 literae.
1698 1551 1909 1601 Qaprop-

534 1630 592 1658 ter
612 1619 724 1656 redeo
745 1631 849 1654 nunc
871 1617 916 1654 ad
937 1616 1148 1668 querelam.
1195 1617 1297 1666 Ego,
1331 1623 1367 1652 te
1388 1614 1615 1665 suffragium
1637 1614 1762 1651 tuliffe
1782 1615 1823 1650 in
1844 1615 1913 1651 illa

533 1685 632 1736 lege,
656 1684 830 1734 primum
849 1695 927 1719 non
949 1681 1096 1718 credidi
1114 1695 1122 1718 :
1156 1679 1294 1718 deinde
1315 1679 1341 1716 fi
1362 1679 1617 1723 credidiffem,
1649 1692 1851 1731 nunquam
1871 1679 1912 1717 id

534 1750 610 1787 fine
631 1749 759 1800 aliqua
774 1747 875 1798 justa
890 1746 999 1784 causa
1013 1746 1272 1784 existimarem
1290 1754 1326 1782 te
1341 1743 1483 1783 feciffe.
1516 1745 1700 1796 Dignitas
1718 1754 1782 1782 tua
1797 1743 1907 1789 facit,

535 1825 577 1852 ut
598 1813 924 1851 animadvertatur
944 1811 1138 1864 quidquid
1159 1810 1275 1848 facias
1292 1826 1300 1848 :
1332 1810 1607 1848 malevolentia
1624 1818 1755 1847 autem
1775 1809 1909 1847 homi-

534 1894 645 1923 num,
668 1888 711 1916 ut
732 1878 922 1916 nonnulla
941 1877 1090 1921 durius,
1108 1890 1226 1928 quam
1242 1890 1262 1913 a
1283 1885 1319 1913 te
1339 1875 1438 1913 faeta
1457 1875 1544 1919 fiat,
1568 1874 1826 1927 proferantur.
1854 1876 1911 1912 Ea

534 1953 576 1981 tu
599 1944 625 1981 fi
647 1956 724 1980 non
746 1942 869 1986 audis,
902 1941 997 1993 quid
1018 1941 1160 1984 dicam,
1193 1940 1334 1977 nescio.
1372 1939 1585 1991 Equidem,
1617 1940 1642 1976 fi
1664 1939 1819 1990 quando
1839 1953 1909 1976 au-

534 2008 614 2052 dio,
648 2017 725 2044 tam
747 2006 928 2050 defendo,
960 2019 1078 2057 quam
1106 2019 1167 2042 me
1194 2005 1272 2042 scio
1293 2018 1313 2042 a
1333 2014 1369 2042 te
1389 2013 1524 2041 contra
1544 2004 1699 2054 iniquos
1721 2017 1826 2041 meos
1848 2004 1909 2040 so·-

535 2073 612 2110 lere
633 2071 803 2109 defendi.
837 2069 1021 2108 Defensio
1041 2079 1170 2107 autem
1191 2070 1243 2106 est
1263 2069 1422 2120 duplex.
1452 2068 1543 2106 Alia
1562 2068 1664 2112 sunt,
1683 2081 1767 2119 quae
1788 2067 1909 2119 liqui-

535 2138 585 2175 do
606 2150 742 2188 negare
763 2135 918 2179 soleam,
941 2144 984 2172 ut
1004 2134 1050 2172 de
1070 2134 1140 2172 isto
1161 2134 1242 2186 ipso
1264 2133 1468 2185 suffragi03
1492 2133 1578 2177 alia,
1600 2147 1685 2184 quae
1707 2132 1913 2169 defendam

534 2216 555 2240 a
575 2212 611 2240 te
633 2202 694 2253 pie
716 2201 799 2238 fieri
819 2209 857 2237 et
877 2199 1062 2244 humane,
1085 2209 1128 2237 ut
1149 2199 1195 2236 de
1216 2199 1415 2237 curatione
1436 2198 1635 2235 ludorum.
1669 2197 1740 2234 Sed
1763 2206 1813 2241 te,
1836 2196 1910 2234 ho—

535 2269 686 2306 minem
707 2265 982 2310 doetifi'nnum,
1010 2279 1088 2303 non
1108 2264 1227 2316 fugit,
1251 2265 1277 2301 fi
1300 2264 1423 2302 Caesar
1444 2277 1509 2301 rex
1529 2262 1662 2307 fuerit,
1685 2262 1790 2314 quod
1811 2261 1912 2299 mihi

536 2333 697 2385 quidem
717 2331 883 2375 videtur,
916 2331 957 2368 in
989 2340 1193 2382 utramque
1225 2338 1373 2381 partem
1406 2329 1451 2365 de
1479 2338 1548 2366 tuo
1574 2328 1705 2366 officio
1726 2327 1913 2379 disputari

536 2398 638 2450 posse
657 2413 665 2435 :
698 2397 759 2434 vel
780 2397 819 2433 in
841 2410 939 2440 eam,
963 2409 1039 2447 qua
1058 2409 1130 2447 ego
1151 2395 1208 2431 uti
1231 2394 1347 2438 soleo,
1375 2393 1625 2431 Laudandam
1647 2392 1717 2430 effe
1738 2392 1855 2429 fidem
1875 2400 1914 2429 et

535 2462 820 2503 humanitatem
844 2470 965 2505 tuam,
997 2462 1066 2512 qui
1086 2461 1259 2497 amicum
1279 2460 1397 2496 etiam
1425 2468 1628 2496 mortuum
1655 2457 1821 2508 diligas;
1853 2456 1912 2493 vel

535 2530 576 2568 in
598 2541 696 2573 eam,
728 2540 804 2579 qua
824 2525 1006 2564 nonnulli
1029 2534 1206 2569 utuntur,
1240 2524 1481 2562 Libertatem
1501 2524 1648 2576 patriae,
1679 2522 1766 2559 vitae
1794 2520 1911 2558 amici
