2351 2997
554 288 630 323 240
896 270 1575 310 EPISTOLARUM

547 380 717 423 germ‘m‘,
749 380 790 408 ut
804 370 934 421 sciam.
981 371 1132 409 Interim
1160 370 1347 407 nmximam
1377 369 1434 407 hic
1445 367 1717 419 sollicitudinem
1738 381 1927 420 curamque

537 437 704 488 sustineo,
721 449 762 473 ne
783 437 877 473 inter
896 434 1010 472 aliena
1034 434 1128 471 vitia
1148 434 1203 470 [πε
1217 443 1340 485 gentes
1360 433 1473 483 nostra
1494 432 1701 481 malasttam
1714 441 1847 485 putent
1866 446 1924 470 oc-

552 502 726 550 sqsionem.
767 498 914 550 Qtodfi
923 497 1084 549 proinde,
1115 508 1155 535 ut
1174 498 1243 550 ips&
1263 511 1408 540 mereor,
1440 496 1745 548 mihz'fitcctffbrit‚
1775 506 1870 535 certe
1890 506 1925 534 et

552 566 630 608 tihi,
649 564 706 602 cui
723 564 870 601 lmle'me
890 563 1001 615 cupio,
1023 572 1058 600 et
1077 562 1230 601 omnibus
1252 562 1344 600 viris
1363 562 1471 605 bonis,
1479 562 1722 614 satisfaciam.
1754 564 1832 601 Fac
1852 576 1923 600 ‘'ca-

550 630 635 673 leas,
669 643 786 681 meque
805 639 924 667 mutuo
943 628 1081 680 diligas.

927 830 1169 866 'CICERO
1212 827 1462 864 PLANCO
1512 828 1549 865 S.

552 959 604 996 V.
630 958 690 1028 B
705 959 721 994 I
739 958 778 995 N
792 960 826 994 A
840 958 861 994 S
892 970 912 993 a
933 965 968 993 te
990 955 1119 1006 accepi
1141 954 1268 991 literas
1290 954 1425 991 eodem
1447 954 1649 1005 exemplo;
1673 954 1778 1006 quod
1798 954 1926 1006 ipsum

722 1031 952 1073 argumento
973 1020 1072 1057 mihi
1094 1019 1170 1056 fuit
1190 1019 1403 1070 diligentiae
1431 1028 1504 1055 tuae
1524 1033 1531 1056 ε
1564 1018 1741 1055 intellexi
1762 1020 1868 1055 enim
1889 1029 1926 1055 te

551 1089 736 1132 laborare,
756 1097 798 1125 ut
818 1088 864 1124 ad
884 1100 947 1123 me
967 1084 1067 1123 mihi
1088 1083 1396 1136 expe&a-tiflimzn
1417 1083 1535 1121 literae
1557 1083 1830 1135 perferrentur.
1864 1085 1926 1121 Ex

552 1154 697 1206 quibus
718 1153 803 1206 cepi
824 1152 996 1189 fruftum
1016 1150 1231 1201 duplicem,
1253 1148 1432 1201 mihique
1453 1150 1493 1186 in
1510 1150 1801 1201 comparatione
1821 1148 1927 1186 diffi-

552 1220 670 1257 cilem
691 1217 1025 1270 adjudicandum,
1056 1228 1278 1253 amoremne
1306 1227 1394 1266 erga
1424 1228 1486 1252 me
1514 1224 1644 1259 tuum,
1676 1228 1722 1252 an
1750 1215 1927 1252 animum

552 1286 593 1322 in
615 1284 914 1337 rempublicam,
932 1283 1054 1335 pluris
1077 1281 1342 1319 aestimandum
1363 1289 1553 1332 putarem.
1587 1281 1655 1318 Est
1675 1281 1837 1318 omnino
1858 1293 1927 1331 pa-

549 1351 634 1388 trice
655 1351 805 1394 caritas,
837 1363 925 1386 meo
946 1348 1106 1400 quidem
1121 1347 1288 1398 judicio,
1311 1347 1507 1384 maxima:
1535 1346 1597 1383 sed
1618 1359 1725 1383 amor
1745 1345 1926 1383 volunta-

552 1415 678 1468 tisque
699 1415 924 1466 conjunefitio
944 1413 1032 1466 plus
1054 1421 1156 1450 certe
1180 1411 1298 1449 habet
1324 1411 1534 1448 suavitatis.
1581 1412 1718 1462 Itaque
1749 1423 1926 1447 comme-

550 1480 719 1517 moratio
737 1488 801 1516 tua
820 1487 985 1530 paternae
1002 1475 1304 1520 moestitudinis,
1323 1474 1678 1526 benevolentiaeque
1694 1475 1790 1526 ejus,
1810 1487 1928 1525 quam

553 1558 643 1596 erga
663 1558 725 1581 me
752 1557 772 1580 a
800 1542 966 1594 pueritia
994 1540 1231 1585 contulisses,
1262 1549 1565 1592 caeterarumque
1594 1553 1737 1584 rerum,
1769 1553 1854 1590 quae
1880 1538 1928 1575 ad

552 1623 638 1647 earn
659 1608 888 1646 sententiam
909 1607 1169 1659 pertinebant,
1200 1606 1471 1643 incredibilem
1492 1604 1593 1642 mihi
1619 1604 1795 1642 laetitiam
1822 1612 1928 1640 attu-

554 1674 663 1711 lerat.
697 1673 844 1710 Rursus
866 1671 1073 1708 declaratio
1093 1670 1214 1707 animi
1235 1670 1307 1714 tui,
1330 1683 1448 1721 quem
1468 1668 1626 1706 haberes
1649 1668 1694 1706 de
1715 1668 1927 1720 republica,

553 1752 752 1791 quemque
773 1737 976 1775 habiturus
998 1736 1102 1780 effes,
1125 1734 1225 1772 mihi
1244 1744 1324 1772 erat
1339 1734 1642 1787 jucundiflima;
1666 1747 1787 1786 eoque
1808 1734 1931 1785 major

553 1813 634 1841 erat
654 1803 736 1841 haec
756 1803 904 1847 laetitia,
935 1801 1040 1853 quod
1068 1801 1113 1838 ad
1143 1801 1210 1837 illa
1239 1800 1433 1851 superiora
1461 1799 1678 1837 accedebat.
1726 1800 1860 1850 Itaque
1892 1807 1929 1835 te

555 1882 633 1906 non
655 1867 790 1905 hortor
810 1867 950 1911 solum,
982 1867 1037 1903 mi
1065 1866 1221 1909 Plance,
1252 1864 1315 1902 sed
1341 1865 1453 1916 plane
1474 1865 1591 1901 etiam
1611 1877 1693 1908 oro,
1725 1863 1831 1915 quod
1851 1863 1928 1900 feci

554 1932 617 1970 his
639 1933 775 1977 literis,
807 1933 950 1983 quibus
979 1940 1022 1968 tu
1048 1929 1319 1968 humaniffime
1347 1928 1587 1981 respondisti,
1619 1937 1662 1966 ut
1683 1937 1763 1966 tota
1782 1937 1926 1972 mente,

551 1998 743 2049 omnique
763 1998 883 2034 animi
904 1997 1070 2048 impetu,
1102 1996 1142 2032 in
1164 1994 1449 2046 rempublicam
1469 1994 1689 2031 incumbas.
1722 1992 1840 2031 Nihil
1860 1993 1926 2037 est,

556 2063 662 2115 quod
684 2062 757 2099 tibi
778 2061 915 2113 majori
942 2060 1087 2098 fructui
1113 2059 1324 2111 gloriaeque
1352 2059 1423 2096 effe
1450 2058 1588 2110 poffit:
1621 2072 1691 2096 nec
1712 2057 1927 2110 quidquam

556 2142 604 2166 ex
636 2128 819 2165 omnibus
854 2127 968 2164 rebus
1003 2125 1185 2164 humanis
1217 2125 1269 2162 est
1301 2124 1534 2176 praeclarius,
1576 2133 1642 2161 aut
1673 2123 1926 2176 praestanssus,

557 2207 676 2246 quam
697 2193 742 2230 de
763 2192 963 2244 republica
983 2192 1079 2229 bene
1099 2191 1251 2228 mereri.
1284 2189 1428 2227 Adhuc
1449 2190 1555 2227 enim
1575 2190 1722 2241 patitur
1738 2199 1802 2226 tua
1822 2188 1927 2226 surn-

557 2272 621 2296 ma
640 2258 860 2296 humanitas
890 2267 928 2294 et
955 2257 1150 2309 sapientia,
1181 2270 1258 2300 me,
1290 2256 1395 2307 quod
1426 2255 1602 2299 sentiam,
1635 2255 1755 2292 libere
1786 2254 1926 2291 dicere.

556 2325 731 2362 Fortuna
768 2322 997 2374 suffragante
1030 2321 1169 2360 videris
1205 2334 1262 2358 res
1296 2321 1483 2358 maximas
1523 2319 1779 2364 consecutu53
1823 2318 1928 2369 quod

556 2402 782 2441 quanquam
803 2389 879 2426 sine
899 2389 1042 2425 virtute
1063 2401 1141 2425 non
1161 2385 1357 2439 potuiffes,
1390 2396 1519 2423 tamen
1540 2399 1586 2423 ex
1611 2385 1781 2423 maxima
1806 2393 1925 2436 parte,

554 2468 613 2499 ea,
645 2468 730 2506 quae
750 2468 789 2492 es
816 2454 991 2505 adeptus,
1023 2452 1189 2490 fortunae
1216 2451 1535 2504 temporibusque
1563 2451 1803 2489 tribuuntur.
1849 2450 1926 2486 His

553 2520 801 2573 temporibus
837 2518 1098 2564 difficillimis,
1135 2517 1358 2571 reipublicae
1391 2516 1585 2571 quidquid
1619 2514 1853 2559 subveneris,
1887 2514 1927 2551 id
