2351 2997
527 311 601 337 222
867 295 1551 336 EPISTOLARUM

802 530 1032 566 Cch-:Ro
1074 529 1332 566 PAP1R10
1375 529 1543 567 PAETo
1584 531 1621 569 S.

527 658 638 696 XVI.
664 658 741 730 D
756 657 878 694 ELE
893 657 1013 694 CTA
1023 657 1200 694 RUNT
1232 670 1294 694 me
1316 666 1389 694 tuae
1410 657 1530 695 literae
1548 676 1558 702 ;
1590 658 1631 696 in
1653 658 1795 710 quibus
1816 659 1898 711 pri-

774 736 885 759 mum
905 722 1029 759 amavi
1058 735 1229 758 amorem
1252 732 1380 764 tuum,
1413 723 1481 774 qui
1512 732 1549 760 te
1578 723 1625 760 ad
1653 723 1903 762 scribendum

527 788 719 833 incitavit,
737 795 950 830 verentem,
970 800 1016 823 ne
1038 786 1154 823 Silius
1176 786 1242 823 suo
1260 788 1400 824 nuntio
1416 787 1564 839 aliquid
1585 787 1686 826 mihi
1707 789 1901 826 sollicitua

527 853 629 891 dinis
651 852 858 891 attuliffet:
880 851 929 888 de
948 865 1029 903 quo
1049 860 1087 888 et
1109 860 1150 888 tu
1173 850 1274 888 mihi
1295 861 1405 888 antea
1425 852 1638 904 scripseras,
1661 854 1720 891 bis
1742 854 1902 906 quidem

527 919 664 956 eodem
685 917 881 969 exemplo,
912 916 1026 954 facile
1053 926 1095 954 ut
1126 916 1387 967 intelligerem
1410 926 1445 954 te
1466 917 1536 954 effe
1556 928 1832 964 commotum5
1865 928 1903 956 et

527 999 600 1036 ego
622 986 695 1022 tibi
716 992 891 1022 accurate
913 982 1191 1034 rescripseram,
1215 992 1272 1026 ut,
1296 996 1456 1034 quoquo
1477 983 1608 1027 modo,
1632 984 1673 1021 in
1695 985 1762 1021 tali
1783 997 1822 1022 re
1842 994 1902 1022 at·-

528 1064 604 1102 que
626 1060 813 1102 tempore,
831 1058 896 1085 aut
917 1047 1120 1085 liberarem
1142 1056 1179 1084 te
1199 1046 1267 1083 ista
1285 1061 1390 1092 cura,
1408 1057 1472 1085 aut
1489 1059 1590 1086 certe
1611 1049 1791 1087 levarem.
1816 1049 1903 1094 Sed,

528 1128 621 1152 cum
643 1115 831 1166 proximis
853 1125 1010 1165 quoque
1036 1112 1158 1149 literis
1186 1111 1367 1156 ostendis,
1400 1123 1551 1164 quantae
1579 1114 1653 1150 tibi
1678 1127 1777 1152 curae
1799 1114 1842 1151 fit
1863 1127 1906 1151 ea

529 1194 601 1225 res,
633 1180 682 1217 fic
712 1180 768 1217 mi
798 1180 915 1222 Paete,
947 1176 1116 1214 habeto:
1149 1176 1343 1228 quidquid
1369 1187 1448 1215 arte
1478 1178 1559 1216 fieri
1588 1180 1772 1231 potuerit,
1807 1180 1905 1231 (non

527 1246 634 1282 enim
649 1246 732 1297 jam
754 1245 840 1282 satis
861 1243 913 1280 est
935 1243 1095 1280 confilio
1115 1255 1314 1294 pugnare:
1337 1243 1548 1281 artificium
1568 1244 1766 1296 quoddam
1787 1257 1906 1282 exco-

527 1310 734 1361 gitandum
755 1308 824 1359 est)
849 1308 911 1345 sed
934 1316 1061 1345 tamen
1082 1307 1278 1359 quidquid
1298 1307 1483 1345 elaborari
1510 1318 1576 1346 aut
1603 1309 1707 1346 effici
1733 1308 1907 1360 potuerit

529 1375 575 1412 ad
596 1375 757 1412 istorum
774 1372 1086 1411 benevolentiam
1101 1372 1387 1410 conciliandam
1404 1382 1442 1410 et
1457 1373 1734 1424 colligendam,
1753 1373 1907 1410 summo

529 1440 654 1478 studio
676 1455 738 1478 me
759 1439 1011 1477 consecutum
1033 1437 1132 1482 effe;
1165 1451 1235 1474 nec
1256 1436 1408 1482 frustra,
1440 1448 1483 1476 ut
1503 1439 1695 1476 arbitror:
1728 1439 1778 1476 fic
1798 1439 1907 1476 enim

527 1506 653 1549 color,
671 1505 720 1543 fic
741 1505 920 1542 observor
940 1503 987 1540 ab
1007 1502 1192 1540 omnibus
1213 1500 1290 1546 his,
1312 1502 1380 1554 qui
1401 1516 1421 1540 a
1442 1503 1586 1541 Caesare
1605 1503 1841 1555 diliguntur,
1864 1512 1910 1541 ut

530 1570 577 1606 ab
598 1569 659 1607 his
681 1583 743 1607 rne
763 1569 882 1606 amari
902 1576 1054 1620 putem.
1093 1567 1199 1605 Nam
1219 1567 1286 1604 etfi
1308 1581 1385 1604 non
1407 1566 1522 1605 facile
1543 1567 1779 1620 dijudicatur
1798 1581 1909 1605 amor

530 1649 657 1680 verus,
675 1645 713 1672 et
733 1635 861 1679 fietus,
884 1633 954 1671 nifi
974 1633 1133 1685 aliquod
1154 1632 1301 1670 incidat
1321 1633 1513 1684 ejusmodi
1534 1643 1704 1686 tempus,
1727 1642 1785 1678 ut,
1802 1634 1908 1685 quafi

530 1713 668 1738 aurum
685 1701 783 1752 igni,
802 1701 851 1738 fic
867 1699 1138 1737 benevolentia
1153 1698 1277 1736 fidelis
1295 1699 1470 1750 periculo
1484 1699 1617 1752 aliquo
1633 1699 1798 1752 perspici
1817 1699 1908 1751 pos-

532 1766 598 1811 fit;
621 1775 754 1804 caetera
774 1765 863 1803 sunt
883 1765 988 1817 figna
1007 1765 1253 1802 communia:
1277 1764 1339 1801 sed
1360 1778 1433 1816 ego
1453 1779 1532 1802 uno
1553 1774 1642 1802 utor
1661 1774 1907 1816 argumento,

531 1831 789 1883 quamobrem
808 1843 871 1868 me
891 1844 938 1867 ex
958 1830 1090 1866 animo
1110 1842 1275 1881 vereque
1294 1828 1456 1866 arbitrer
1476 1829 1589 1881 diligi
1604 1848 1615 1873 ;
1647 1830 1740 1881 quia
1759 1838 1798 1867 et
1817 1829 1909 1867 nos-

532 1906 591 1934 tra
609 1896 767 1934 fortuna
786 1910 828 1934 ea
847 1896 917 1940 est,
947 1904 986 1933 et
1006 1895 1182 1940 illorum,
1213 1904 1257 1932 ut
1286 1895 1492 1932 fimulandi
1512 1895 1622 1932 causa
1642 1909 1720 1932 non
1743 1895 1800 1933 fit.
1847 1896 1911 1932 De

532 1962 603 1999 illo
623 1971 768 2006 autem,
800 1975 918 2014 quem
945 1973 1061 2012 penes
1088 1960 1141 1997 est
1167 1960 1296 1997 omnis
1326 1959 1504 2012 potestas,
1536 1959 1638 1997 nihil
1664 1960 1776 1998 video
1803 1959 1911 2012 quod

534 2027 713 2071 timeam;
737 2026 806 2064 nifi
823 2026 929 2078 quod
945 2025 1077 2063 omnia
1093 2025 1181 2062 sunt
1197 2025 1357 2069 incerta,
1375 2039 1467 2062 cum
1483 2026 1600 2076 ajure
1616 2024 1818 2062 discessum
1834 2025 1907 2070 est,

534 2105 604 2129 nec
626 2092 790 2144 praestari
811 2091 1027 2144 quidquam
1048 2090 1185 2143 potest,
1203 2091 1315 2142 quale
1335 2090 1516 2128 futurum
1537 2091 1596 2134 fit,
1615 2090 1721 2142 quod
1740 2091 1912 2143 pofitum

533 2158 587 2195 est
607 2159 647 2196 in
669 2157 826 2196 alterius
843 2157 1057 2202 voluntate,
1075 2171 1122 2194 ne
1139 2157 1266 2194 dicam
1287 2157 1466 2194 libidine.
1500 2157 1572 2194 Sed
1593 2166 1722 2194 tamen
1744 2158 1825 2208 ejus
1846 2157 1911 2208 ip-

536 2223 608 2261 sius
630 2224 739 2261 nulla
759 2237 798 2260 re
818 2236 838 2260 a
858 2236 920 2260 me
941 2222 1108 2260 offensus
1129 2221 1182 2259 est
1202 2222 1354 2259 animus
1373 2237 1382 2260 :
1413 2221 1467 2259 est
1487 2222 1592 2260 enim
1613 2222 1789 2260 adhibita
1809 2223 1850 2260 in
1869 2236 1912 2260 ea

537 2303 575 2327 re
595 2289 674 2341 ipsa
693 2289 844 2327 summa
859 2302 879 2326 a
896 2289 1008 2326 nobis
1029 2288 1257 2326 moderatio.
1291 2290 1348 2326 Ut
1369 2289 1474 2326 enim
1491 2288 1587 2325 olim
1609 2288 1820 2326 arbitrabar
1840 2288 1912 2326 effe

537 2367 671 2392 meum
702 2354 823 2392 libere
851 2354 975 2405 loqui,
1007 2354 1118 2405 cujus
1145 2367 1260 2404 opera
1278 2353 1367 2391 effet
1388 2354 1429 2390 in
1450 2353 1606 2391 civitate
1627 2353 1812 2398 libertas,
1845 2353 1910 2398 fic,

535 2433 579 2457 ea
598 2433 704 2457 nunc
724 2419 868 2463 amiffa,
900 2418 1001 2456 nihil
1023 2418 1147 2470 loqui,
1179 2418 1285 2469 quod
1304 2418 1475 2456 offendat
1501 2427 1567 2456 aut
1593 2419 1716 2463 illius,
1747 2427 1813 2456 aut
1843 2432 1911 2455 eo-

536 2499 639 2531 rum,
657 2486 726 2538 qui
746 2485 792 2523 ab
813 2485 884 2523 illo
903 2484 1138 2536 diliguntur,
1156 2484 1413 2522 voluntatem,
1447 2484 1631 2536 Effugere
1651 2493 1780 2522 autem
1802 2484 1827 2521 fi
1844 2497 1910 2521 ve-

536 2550 610 2589 lim
630 2550 914 2589 nonnullorum
933 2557 1059 2594 acute,
1076 2559 1141 2587 aut
1161 2548 1298 2594 facete,
1316 2549 1510 2587 dierorum
1525 2549 1793 2593 offenfionem,
1810 2547 1911 2586 fama
