2351 2997
565 264 617 316 56
910 259 1594 299 EPISTULARUM

562 378 689 416 agere,
713 364 872 401 statuere
892 363 1031 406 multa,
1054 362 1271 405 decernere,
1287 361 1477 412 judicare,
1501 360 1688 405 dicerent,
1707 372 1798 398 cum
1820 360 1938 413 posses

558 432 642 482 jam
664 429 843 481 suspicari
864 428 937 464 tibi
961 427 1032 464 effe
1053 426 1287 463 succeffum:
1321 439 1406 477 quae
1436 439 1483 462 ne
1513 425 1558 463 ab
1589 426 1636 463 iis
1666 426 1827 478 quidem
1857 425 1941 464 fieri

564 496 743 538 solerent,
776 494 845 545 qui
866 493 971 529 brevi
993 502 1167 543 tempore
1187 490 1256 528 fibi
1278 489 1431 527 succedi
1451 499 1645 541 putarent.
1690 492 1848 528 Horum
1869 505 1941 543 ego

564 560 738 598 sermone
761 572 836 596 non
859 557 1055 594 movebar.
1079 557 1188 607 Qin
1206 556 1337 599 etiam,
1359 555 1506 606 (credas
1523 554 1624 592 mihi
1645 555 1781 606 velim)
1801 557 1826 593 fi
1844 556 1941 608 quid

564 634 608 663 tu
628 637 772 677 ageres,
798 624 915 660 levari
935 636 997 659 me
1018 622 1204 674 putabam
1224 620 1422 665 molestia;
1455 629 1492 657 et
1513 634 1558 658 ex
1580 633 1705 658 annua
1725 621 1939 672 provincia,

564 703 650 742 quae
672 688 773 726 mihi
793 688 909 738 longa
929 686 1095 730 videtur,
1124 699 1244 737 prope
1259 687 1342 737 jam
1364 684 1547 722 undecim
1568 685 1758 722 menslum
1780 686 1941 737 provin—

562 756 664 793 ciam
686 754 826 792 saetam
846 752 917 790 effe
937 751 1168 803 gaudebam,
1200 751 1225 788 fi
1247 750 1395 788 absenti
1415 748 1516 787 mihi
1538 751 1652 788 unius
1674 751 1812 788 mensis
1835 751 1943 788 labor

563 820 755 859 detractus
785 818 888 857 efl‘et.
933 817 1039 854 Illud
1071 818 1175 869 (vere
1205 816 1350 865 dicam)
1381 829 1443 853 me
1464 825 1609 861 movet,
1642 817 1681 853 in
1704 825 1809 853 tanta
1829 816 1939 853 mili-

563 895 651 924 turn
676 885 868 938 paucitate
899 882 1019 920 abesse
1050 892 1124 920 tres
1155 881 1350 926 cohortes,
1381 894 1465 932 quae
1495 881 1567 919 fint
1599 881 1837 933 pleniffimae,
1870 895 1940 918 nec

562 966 626 990 me
648 952 741 990 scire
763 950 832 988 ubi
852 949 939 987 fint.
986 948 1255 986 Molestiflime
1282 956 1411 984 autem
1442 945 1537 990 fero,
1571 947 1690 998 quod,
1723 956 1760 984 te
1791 947 1859 984 ubi
1880 947 1940 983 vi-

562 1017 671 1055 surus
694 1017 777 1060 fim,
810 1014 965 1058 nesci03
998 1027 1121 1065 eoque
1148 1014 1194 1050 ad
1222 1022 1258 1049 te
1284 1012 1428 1049 tardius
1451 1011 1594 1063 scripfi,
1626 1011 1731 1063 quod
1764 1011 1941 1062 quotidie

562 1092 601 1120 te
620 1082 750 1134 ipsum
770 1079 1019 1132 expe&abam
1038 1093 1046 1115 :
1079 1092 1171 1115 cum
1194 1079 1337 1114 interea
1358 1090 1405 1114 ne
1426 1076 1554 1114 literas
1575 1076 1736 1128 quidem
1758 1076 1854 1113 ullas
1876 1090 1941 1113 ac-

559 1149 664 1200 cepi,
696 1162 780 1200 quae
801 1161 864 1184 me
885 1146 1069 1184 docerent
1089 1144 1185 1196 quid
1206 1156 1350 1195 ageres,
1382 1151 1446 1180 aut
1477 1143 1546 1180 ubi
1577 1151 1613 1179 te
1640 1142 1789 1179 visurus
1811 1142 1937 1179 essem.

562 1216 699 1267 Itaque
715 1214 843 1251 virum
858 1212 1016 1256 fortem,
1034 1210 1214 1262 mihique
1236 1210 1273 1246 in
1296 1209 1433 1260 primis
1456 1207 1678 1260 probatum,
1702 1207 1939 1251 Antonium,

561 1279 789 1333 praefecrum
815 1287 1079 1322 evocatorum,
1111 1275 1195 1313 mifi
1223 1275 1268 1311 ad
1295 1284 1345 1319 te,
1377 1274 1455 1318 cui,
1489 1274 1514 1310 fi
1537 1273 1609 1310 tibi
1630 1272 1838 1317 videretur,
1871 1286 1939 1310 co-

558 1344 693 1383 hortes
716 1344 908 1388 traderes3
941 1352 1000 1387 ut,
1031 1342 1126 1379 dum
1154 1350 1307 1392 tempus
1335 1339 1425 1376 anni
1450 1338 1540 1376 efl'et
1560 1337 1760 1382 idoneum,
1792 1337 1941 1390 aliquid

559 1411 710 1463 negotii
737 1423 867 1462 gerere
896 1409 1069 1461 poffem:
1101 1407 1141 1444 in
1163 1419 1257 1458 quo,
1290 1414 1357 1443 tuo
1389 1404 1550 1442 confilio
1584 1412 1626 1441 ut
1656 1418 1719 1441 me
1751 1403 1941 1455 sperarem

560 1476 634 1514 effe
655 1475 828 1519 usurum,
851 1483 890 1512 et
910 1473 1082 1511 amicitia
1102 1472 1228 1509 nostra
1246 1480 1284 1508 et
1306 1470 1424 1508 literae
1447 1478 1520 1507 tuae
1540 1468 1733 1513 fecerant3
1766 1467 1873 1521 quod
1893 1482 1941 1506 ne

560 1554 668 1580 nunc
689 1539 850 1594 quidem
870 1538 1042 1592 despero.
1094 1537 1166 1574 Sed
1190 1536 1304 1589 plane
1331 1534 1500 1588 quando,
1532 1543 1598 1572 aut
1619 1535 1701 1579 ubi,
1734 1543 1770 1572 te
1790 1533 1940 1572 visurus

558 1607 646 1652 fim,
664 1606 734 1643 nisi
754 1605 801 1642 ad
821 1619 884 1643 me
900 1604 1108 1656 scripseris,
1126 1616 1173 1640 ne
1194 1602 1376 1654 suspicari
1396 1600 1557 1653 quidem
1578 1600 1743 1651 poffum.
1777 1600 1878 1651 Ego,
1897 1608 1942 1637 ut

559 1686 624 1711 me
645 1672 719 1710 tibi
739 1671 1015 1708 amiciffimum
1035 1669 1107 1706 effe
1127 1677 1166 1706 et
1185 1668 1286 1719 aequi
1307 1676 1345 1705 et
1366 1666 1493 1718 iniqui
1514 1665 1753 1717 intelligant,
1779 1664 1940 1702 curabo.

559 1739 625 1777 De
645 1747 714 1776 tuo
734 1737 775 1774 in
796 1750 859 1774 me
880 1736 1013 1773 animo
1033 1734 1179 1786 iniquis
1210 1733 1317 1771 secus
1347 1731 1594 1770 existimandi
1623 1730 1764 1768 videris
1795 1729 1942 1767 nonni-

556 1802 620 1843 hil
638 1803 719 1842 loci
739 1801 899 1840 dediffe:
923 1800 963 1837 id
984 1801 1010 1837 fi
1031 1800 1256 1843 correxeris,
1279 1796 1380 1835 mihi
1401 1796 1509 1835 valde
1529 1805 1683 1847 gratum
1704 1797 1790 1833 erit.
1824 1796 1877 1832 Et
1898 1803 1942 1832 ut

557 1869 704 1907 habere
723 1867 914 1906 rationem
935 1866 1064 1918 pofiis,
1087 1879 1165 1917 quo
1185 1865 1276 1902 loco
1300 1877 1377 1908 me,
1399 1862 1497 1900 salva
1518 1862 1602 1913 lege
1623 1861 1821 1905 Cornelia,
1843 1873 1941 1898 con-

557 1934 705 1979 venias,
736 1947 808 1985 ego
837 1933 879 1970 in
908 1931 1150 1984 provinciam
1179 1931 1267 1968 veni
1297 1928 1421 1981 pridie
1442 1928 1520 1965 kal.
1545 1928 1631 1965 Sex.
1675 1928 1753 1964 Iter
1773 1926 1814 1963 in
1837 1925 1941 1963 Cili-

557 2000 663 2039 ciam
689 1998 792 2037 facio
823 2011 891 2050 per
923 1996 1227 2049 Cappadociam.
1271 1994 1401 2032 Castra
1432 1994 1538 2031 movi
1569 1993 1616 2030 ab
1649 1992 1785 2030 Iconio
1816 1991 1941 2042 pridie

558 2065 743 2104 kalendas
774 2062 1028 2115 Septembris.
1075 2062 1196 2100 Nunc
1225 2069 1266 2099 tu
1291 2069 1329 2098 et
1350 2074 1396 2097 ex
1418 2059 1554 2096 diebus
1575 2068 1614 2096 et
1634 2071 1680 2096 ex
1702 2058 1849 2095 ratione
1871 2055 1940 2093 iti-

560 2131 679 2176 neris,
711 2130 737 2168 fi
767 2128 922 2182 putabis
950 2141 1012 2166 me
1039 2127 1110 2165 effe
1137 2125 1465 2170 conveniendum,
1497 2124 1722 2169 constitues,
1754 2135 1833 2176 quo
1853 2121 1941 2160 loco

559 2197 604 2236 id
622 2194 934 2236 commodiffime
954 2193 1037 2232 fieri
1057 2192 1186 2246 possit,
1216 2201 1255 2231 et
1275 2205 1354 2244 quo
1375 2190 1451 2229 die.
1484 2190 1594 2228 Vale.
