2351 2997
666 291 758 328 AD
817 290 1278 331 FAMILIARES
1338 296 1470 335 LIB.
1524 300 1594 337 VI.
1746 319 1816 357 133

442 385 587 431 futura,
618 399 703 438 quae
729 386 828 425 faeta
857 388 958 427 sunt.
1008 391 1069 428 De
1090 393 1166 430 tuis
1189 393 1302 432 rebus
1323 394 1425 434 nihil
1445 398 1516 435 effe
1537 400 1642 450 quod
1663 401 1813 448 timeas,

441 460 578 502 praeter
606 452 789 490 universae
819 454 1043 506 reipublicae
1072 456 1292 504 interitum,
1324 461 1398 498 tibi
1419 463 1624 502 confirmo.
1670 466 1733 504 De
1753 481 1815 505 me

439 523 569 552 autem
602 515 651 552 fic
682 516 800 555 velim
827 519 995 570 judices,
1027 531 1219 572 quantum
1250 538 1322 576 ego
1353 526 1506 577 poffim,
1541 542 1604 566 me
1636 530 1724 574 tibi,
1756 532 1814 569 sa-

438 578 514 616 luti
548 588 636 625 tuae,
674 581 882 636 liberisque
913 587 1005 631 tuis,
1038 587 1190 626 summo
1222 603 1313 628 cum
1345 591 1471 631 studio
1501 594 1635 645 praesto
1666 595 1815 648 semper

436 641 631 684 futurum.
666 647 774 686 Vale.

822 844 1065 881 CICERO
1107 845 1422 887 DOMITIO.

433 964 568 1003 XXII.
589 965 674 1037 N
693 968 728 1005 O
744 968 785 1006 N
815 982 856 1006 ea
878 983 934 1007 res
956 984 1017 1008 me
1039 971 1239 1017 deterruit,
1271 988 1351 1026 quo
1371 977 1518 1023 minus,
1544 979 1672 1031 postea
1692 995 1810 1033 quam

706 1033 745 1069 in
769 1034 920 1071 Italiam
943 1035 1093 1080 venisti,
1125 1037 1253 1075 literas
1275 1039 1320 1076 ad
1343 1049 1379 1078 te
1399 1043 1611 1088 mitterem,
1640 1046 1745 1097 quod
1767 1056 1810 1085 tu

432 1094 479 1132 ad
500 1109 563 1134 me
584 1097 709 1136 nullas
730 1099 912 1144 miseras;
945 1100 1007 1137 sed
1037 1102 1128 1153 quia
1157 1116 1228 1140 nec
1257 1105 1353 1156 quid
1382 1107 1454 1144 tibi
1479 1109 1699 1159 pollicerer,
1731 1112 1810 1164 ipse

431 1173 546 1211 egens
578 1163 691 1201 rebus
720 1164 920 1210 omnibus,
953 1179 1023 1203 nec
1053 1167 1149 1218 quid
1177 1168 1389 1215 suaderem,
1421 1185 1513 1210 cum
1533 1174 1719 1214 mihimet
1739 1178 1808 1230 ipfi

430 1226 636 1264 confilium
658 1229 809 1274 deeffet,
829 1244 898 1267 nec
920 1231 1015 1282 quid
1037 1232 1311 1272 consolationis
1328 1235 1504 1275 afferrem
1525 1240 1566 1276 in
1588 1242 1705 1279 tantis
1723 1256 1806 1280 ma-

428 1289 491 1334 lis,
528 1293 779 1343 reperiebam.
828 1295 924 1332 Haec
957 1309 1180 1348 quanquam
1213 1298 1340 1338 nihilo
1372 1302 1534 1340 meliora
1563 1305 1666 1350 sunt,
1701 1320 1806 1346 nunc

426 1355 545 1393 etiam
575 1365 688 1408 atque
709 1360 825 1396 etiam
847 1360 974 1398 multo
995 1361 1275 1414 desperatiora;
1310 1375 1438 1404 tamen
1459 1368 1591 1407 inanes
1612 1370 1683 1408 effe
1703 1386 1806 1411 meas

425 1419 571 1465 literas,
595 1435 713 1473 quam
735 1424 876 1469 nullas,
899 1425 1034 1463 malui.
1080 1428 1167 1477 Ego
1188 1428 1213 1464 fi
1236 1437 1272 1465 te
1294 1429 1555 1483 intelligerem
1574 1435 1663 1487 plus
1685 1450 1804 1476 cona-

427 1492 513 1522 tum
543 1486 614 1523 effe
644 1487 831 1539 suscipere
862 1490 1086 1541 reipublicae
1117 1492 1226 1529 causa
1254 1497 1442 1541 muneris,
1474 1512 1592 1549 quam
1612 1512 1806 1552 quantum

424 1550 596 1600 praestare
617 1552 814 1603 potuiffes,
839 1562 981 1599 tamen,
1005 1555 1306 1610 quibuscunque
1327 1560 1440 1598 rebus
1462 1563 1621 1613 possem,
1653 1566 1699 1603 ad
1719 1581 1804 1606 eam

423 1615 693 1653 conditionem
721 1626 758 1654 te
783 1618 953 1663 vivendi,
986 1633 1070 1671 quae
1095 1620 1261 1667 daretur,
1294 1638 1458 1676 quaeque
1479 1627 1582 1673 esset,
1614 1628 1800 1670 hortarer.

426 1680 497 1717 Sed
518 1694 609 1718 cum
630 1682 780 1719 confilii
807 1684 864 1720 tui
895 1684 992 1721 bene
1012 1685 1243 1739 fortiterque
1265 1689 1443 1742 suscepti,
1474 1706 1564 1730 eum
1587 1695 1661 1732 tibi
1682 1696 1802 1736 finem

423 1744 611 1790 statueris,
630 1760 748 1798 quem
768 1748 847 1799 ipsa
862 1747 1019 1787 fortuna
1036 1752 1248 1791 terminum
1266 1754 1480 1793 nostrarum
1497 1761 1799 1800 contentionum

421 1810 492 1847 effe
508 1811 707 1856 voluisset,
730 1826 798 1849 oro
818 1814 1063 1867 obtestorque
1085 1825 1121 1853 te
1142 1830 1212 1868 pro
1232 1828 1358 1857 vetere
1378 1821 1502 1859 nostra
1523 1825 1799 1875 conjunctione

421 1888 464 1912 ac
484 1876 774 1923 neceffitudine,
806 1892 953 1931 proque
975 1880 1125 1918 summa
1144 1896 1229 1920 mea
1249 1884 1288 1921 in
1312 1894 1347 1922 te
1369 1886 1652 1934 benevolentia,
1674 1902 1712 1929 et
1734 1902 1799 1931 tua

420 1941 461 1978 in
492 1954 556 1978 me
586 1942 682 1993 pari,
715 1951 751 1980 te
783 1953 826 1981 ut
858 1945 987 1990 nobis,
1020 1948 1182 1999 parenti,
1215 1951 1390 2002 conjugi,
1422 1952 1575 2004 tuisque
1594 1957 1795 2003 omnibus,

419 2007 565 2057 quibus
595 2020 633 2044 es
664 2006 849 2061 fuistique
876 2010 1025 2063 semper
1045 2013 1271 2059 cariffimus,
1303 2015 1451 2055 salvum
1472 2019 1698 2067 conserve33
1731 2024 1796 2061 in-

418 2072 641 2109 columitati
664 2082 752 2118 tuae‚
776 2083 1026 2129 tuorumque,
1050 2078 1118 2129 qui
1139 2092 1185 2116 ex
1208 2088 1244 2117 te
1264 2082 1450 2132 pendent,
1473 2084 1677 2131 consula83
1709 2102 1795 2139 quae

419 2136 602 2181 didicisti,
635 2151 799 2190 quaeque
819 2140 866 2177 ab
887 2140 1141 2180 adolescentia
1167 2144 1432 2196 pulcherrime
1461 2162 1481 2185 a
1511 2149 1792 2202 sapientiffimis

416 2202 509 2239 viris
531 2201 683 2248 tradita,
700 2206 889 2242 memoria
908 2216 946 2244 et
966 2207 1124 2246 scientia
1144 2211 1486 2262 comprehendisti,
1510 2213 1570 2253 his
1592 2215 1667 2255 hoc
1689 2227 1791 2256 tem-

418 2280 510 2318 pore
541 2275 674 2313 utare;
706 2281 803 2319 quos
839 2272 1067 2323 conjunctos
1103 2273 1253 2312 summa
1288 2277 1555 2317 benevolentia
1588 2282 1791 2332 plurimis-

415 2344 493 2383 que
522 2331 661 2369 officiis
691 2334 859 2380 amifisti,
891 2349 1025 2375 eorum
1050 2337 1278 2378 defiderium
1300 2342 1326 2379 fi
1348 2356 1425 2380 non
1447 2357 1556 2395 aequo
1577 2347 1722 2393 animo,
1754 2359 1791 2387 at

418 2396 526 2441 forti,
558 2396 670 2435 feras.
714 2400 801 2452 Ego
830 2402 929 2454 quid
959 2403 1097 2456 poffim
1130 2405 1272 2451 nescio,
1303 2408 1363 2445 vel
1394 2410 1526 2461 potius
1560 2425 1621 2449 me
1652 2427 1789 2464 parum

415 2461 519 2514 poffe
538 2462 660 2501 sentio
679 2478 687 2500 :
720 2464 820 2503 illud
842 2475 969 2507 tamen
990 2469 1063 2508 tibi
1084 2470 1287 2522 polliceor,
1315 2486 1392 2519 me,
1415 2487 1656 2529 quaecunque
1678 2478 1787 2517 saluti

499 2528 635 2567 ΤοΜ.
670 2528 762 2568 VII.
1454 2539 1491 2576 V
