2351 2997
577 238 669 275 AD
729 235 1195 275 FAMILIARES
1255 238 1387 276 LIB.
1437 239 1550 277 XIII.
1686 246 1756 292 “⁶9

1684 271 1700 292 ,3

374 337 399 374 fi
420 345 458 374 et
481 336 524 375 P.
549 336 726 379 Lentuli,
759 335 952 373 necessarii
984 335 1056 379 tui,
1089 336 1231 388 legem,
1264 346 1301 374 et
1331 350 1386 381 ea,
1418 351 1503 389 quae
1528 351 1547 374 a
1575 351 1636 375 me
1657 351 1753 375 con-

373 401 504 439 stituta
536 402 638 445 sunt,
671 401 776 452 sequi
807 401 989 439 volueris.
1037 402 1169 451 Qam
1201 416 1281 439 rem
1314 402 1386 439 tibi
1420 402 1576 440 confido
1607 417 1754 455 magna·

374 466 477 504 laudi
498 465 595 504 fore.
632 466 738 504 Vale.

546 669 786 706 Crczno
829 669 1032 706 CURIO
1076 669 1330 706 PRocos.
1374 670 1411 706 S.
1445 671 1488 707 P.
1524 672 1576 707 D.

1607 741 1615 755 .

371 794 521 832 XLIX.
548 794 898 881 QUINTUS
931 795 1157 847 pompeins,
1190 796 1295 834 Sexti
1317 797 1437 842 filius,
1468 797 1604 834 multis
1626 805 1664 835 et
1686 812 1750 835 vc-

655 861 801 898 teribus
832 861 950 898 caufis
979 861 1266 899 necestitudinis
1295 862 1394 900 mihi
1423 864 1655 914 conjunctus
1683 864 1750 901 est.

371 925 423 969 Is,
453 938 546 962 cum
568 935 678 962 antea
698 926 795 963 meis
817 926 1227 964 commendationibus
1249 936 1286 964 et
1309 941 1405 971 rem,
1436 936 1474 965 et
1503 929 1682 979 gratiam,
1715 938 1752 965 et

369 991 638 1028 auctoritatem
661 990 781 1035 suam,
815 991 914 1028 tueri
945 991 1202 1036 consueverit,
1235 1005 1340 1030 nunc
1371 992 1560 1044 profecto,
1594 1002 1630 1031 te
1658 1007 1749 1045 pro-

368 1054 539 1093 vinciam
573 1055 792 1100 obtinente,
823 1056 920 1093 meis
956 1056 1077 1094 literis
1113 1056 1256 1109 assequi
1290 1056 1420 1102 debet,
1452 1066 1496 1095 ut
1532 1058 1680 1095 nemini
1715 1059 1751 1095 se

367 1119 565 1171 inteIIIgat
585 1120 960 1158 commendatiorem
987 1135 1162 1174 unquam
1191 1121 1317 1161 fuiffe.
1364 1123 1633 1173 Qamobrem
1664 1136 1684 1160 a
1716 1132 1752 1160 te

367 1185 555 1236 majorem
577 1186 618 1223 in
639 1185 802 1223 modum
824 1194 929 1238 peto,
961 1195 1020 1231 ut,
1051 1200 1145 1225 cum
1170 1199 1306 1225 omnes
1334 1201 1440 1225 meos
1469 1201 1576 1239 aeque
1599 1201 1642 1225 ac
1664 1197 1750 1226 tuos

367 1250 566 1288 observare
596 1265 665 1303 pro
692 1251 817 1289 nostra
847 1251 1123 1290 neceffitudine
1151 1252 1304 1297 debeas,
1335 1252 1444 1291 hunc
1474 1253 1514 1290 in
1539 1253 1677 1306 primis
1698 1254 1752 1291 ita

368 1316 408 1352 in
432 1325 539 1353 tuam
561 1315 677 1353 fidem
699 1317 876 1369 recipias,
904 1325 947 1353 ut
968 1317 1046 1368 ipse
1068 1317 1278 1369 intelligat,
1299 1318 1451 1356 nullam
1472 1332 1552 1357 rem
1574 1318 1645 1356 fibi
1665 1332 1750 1357 ma-

361 1381 441 1432 jori
464 1380 548 1418 usui
574 1390 639 1418 aut
668 1391 912 1426 ornamento,
945 1394 1064 1433 quam
1091 1395 1219 1420 meam
1248 1383 1649 1429 commendationem,
1680 1383 1752 1422 effe

365 1446 545 1499 potuiffe.
579 1446 688 1486 Vale.

474 1646 541 1687 M.
574 1650 628 1686 T.
662 1645 904 1687 CICERO
945 1649 1161 1688 AucTo
1203 1650 1460 1690 PRocos.
1503 1652 1541 1690 S.
1574 1651 1628 1690 D.

367 1776 417 1815 L.
443 1776 488 1846 S
508 1777 546 1814 U
564 1777 612 1814 M
631 1776 660 1814 P
678 1776 700 1813 S
718 1777 736 1814 1
766 1775 842 1814 hoc
870 1776 971 1814 mihi
999 1790 1069 1829 pro
1101 1785 1166 1815 tua
1191 1777 1232 1814 in
1262 1791 1325 1816 me
1345 1777 1599 1824 observantia,
1631 1793 1750 1831 quam

519 1842 675 1894 penitus
707 1841 899 1894 perspexi,
930 1842 1118 1893 quamdiu
1147 1842 1353 1880 Brundufii
1383 1843 1548 1888 fuimus,
1581 1854 1624 1882 ut
1645 1845 1690 1882 ad
1713 1855 1750 1882 te

367 1906 611 1945 familiariter
631 1915 669 1944 et
690 1907 794 1958 quasi
817 1920 886 1959 pro
907 1920 994 1944 meo
1013 1908 1102 1959 jure
1129 1907 1351 1952 scriberem,
1384 1910 1410 1946 fi
1440 1924 1525 1962 quae
1556 1923 1613 1947 res
1644 1911 1748 1955 effet,

366 1972 413 2009 de
434 1986 510 2024 qua
529 1972 639 2010 valde
658 1972 888 2011 laborarem.
925 1972 986 2010 M’
1010 1973 1170 2017 Curius,
1202 1974 1271 2025 qui
1293 1974 1417 2012 Patris
1441 1976 1675 2026 negotiatur,
1698 1975 1752 2013 ita

366 2037 467 2075 mihi
488 2037 690 2076 familiaris
708 2037 760 2075 est
781 2047 825 2075 ut
846 2036 947 2075 nihil
969 2038 1082 2090 posfit
1103 2039 1174 2076 effe
1190 2041 1454 2090 conjuncstius.
1487 2041 1622 2079 Multa
1642 2041 1750 2080 illius

366 2104 408 2140 in
428 2116 492 2140 me
521 2103 663 2147 officia,
695 2103 822 2140 multa
850 2103 891 2140 in
920 2103 1037 2141 illum
1067 2117 1181 2148 mea;
1214 2105 1399 2157 quodque
1431 2107 1651 2144 maximum
1681 2107 1748 2152 est,

366 2168 542 2206 summus
565 2168 666 2205 inter
687 2181 756 2206 nos
777 2182 885 2206 amor
901 2176 938 2205 et
959 2177 1137 2207 mutuus.
1171 2169 1269 2220 Qae
1291 2184 1382 2208 cum
1404 2171 1458 2208 ita
1479 2172 1565 2216 sint,
1584 2172 1610 2209 fi
1628 2172 1750 2211 ullam

366 2235 407 2272 in
429 2234 602 2272 amicitia
622 2247 706 2271 mea
727 2233 832 2287 spem
854 2233 972 2272 habes
992 2250 1000 2272 :
1034 2235 1060 2272 s1
1081 2249 1137 2280 ea,
1169 2248 1254 2286 quae
1276 2236 1315 2273 in
1339 2250 1400 2274 me
1421 2237 1550 2275 officia
1569 2247 1607 2275 et
1629 2237 1752 2275 studia

368 2299 574 2337 Brundufii
609 2299 824 2345 contulisti,
856 2300 912 2337 vis
945 2298 1046 2337 mihi
1078 2301 1196 2338 etiam
1229 2302 1397 2353 gratiora
1427 2302 1592 2347 efficere,
1625 2316 1749 2354 quan-

366 2379 486 2417 quam
507 2364 595 2402 sunt
616 2364 852 2416 gratiffima:
885 2365 910 2402 fi
933 2380 995 2403 me
1016 2379 1035 2403 a
1057 2367 1133 2403 tuis
1155 2367 1340 2404 omnibus
1369 2368 1487 2404 amari
1509 2368 1613 2406 vides
1633 2383 1640 2404 :
1674 2367 1749 2403 hoc

366 2429 467 2468 mihi
489 2429 536 2466 da
555 2438 671 2480 atque
693 2429 846 2483 largire,
879 2439 922 2469 ut
950 2431 1026 2470 Μ’.
1052 2431 1236 2478 Curium,
1268 2432 1411 2469 sartum
1444 2443 1482 2470 ct
1516 2435 1674 2475 tectum,
1707 2439 1750 2468 ut

447 2497 578 2534 TOM.
611 2495 706 2533 VII.
1322 2498 1355 2533 A
1386 2511 1404 2533 a
1434 2510 1453 2534 ιι
