2351 2997
543 297 618 337 172.
883 280 1565 322 EPISTOLARUM

597 382 811 436 Epistolam
833 391 954 426 tuam,
986 395 1102 433 quam
1123 381 1254 432 accepi
1279 380 1325 416 ab
1347 380 1394 416 L.
1420 378 1622 422 Arruntio,
1653 375 1825 415 conscidi
1845 376 1908 414 in-

541 457 747 487 nocentem
767 463 775 485 :
800 446 900 484 nihil
921 446 1027 483 enim
1046 445 1228 488 habebat,
1250 443 1356 495 quod
1378 456 1453 480 non
1475 443 1535 480 vel
1555 444 1596 479 in
1617 442 1806 479 concione
1827 454 1910 478 rec-

542 523 579 551 te
611 514 688 564 legi
720 512 853 564 poffet.
902 510 973 548 Sed
999 519 1039 548 et
1059 510 1270 547 Arruntius
1291 509 1345 544 ita
1365 516 1402 544 te
1423 506 1612 545 mandasse
1631 507 1770 551 aiebat,
1800 514 1838 542 et
1869 514 1912 542 tu

541 577 802 628 adscripseras.
826 577 974 612 Verum
997 574 1095 611 illud
1115 573 1207 611 esto.
1240 571 1358 610 Nihil
1381 581 1418 609 te
1438 571 1484 608 ad
1504 584 1567 608 me
1588 571 1714 623 postea
1734 570 1913 622 scripfiffe

542 642 724 686 demiror,
755 640 965 693 praesertim
987 649 1065 679 tam
1087 639 1195 676 novis
1217 637 1345 675 rebus.

898 839 1125 874 CicERo
1158 837 1479 874 TREBATIO
1520 833 1558 869 S.

543 966 657 1005 XIX.
676 964 748 1034 V
763 966 779 1002 I
796 965 876 1002 DE
908 964 1043 1015 quanti
1064 962 1165 1014 apud
1187 975 1248 998 me
1269 961 1337 1005 fi83
1369 959 1435 996 etfi
1452 960 1539 1010 jure
1559 959 1599 997 id
1620 958 1803 1011 quidem:
1835 971 1912 996 non

752 1030 858 1067 enim
879 1039 915 1066 te
935 1041 1063 1065 amore
1080 1029 1208 1064 vinco.
1236 1027 1501 1063 Veruntamen
1519 1025 1624 1076 quod
1644 1023 1818 1075 praesenti
1839 1023 1914 1060 tibi

542 1109 661 1148 prope
683 1095 947 1146 subnegarem,
972 1107 1048 1130 non
1070 1093 1281 1129 tribuerem
1302 1099 1421 1133 certe,
1451 1089 1490 1125 id
1510 1089 1657 1126 absenti
1677 1088 1814 1125 debere
1835 1101 1914 1124 non

543 1160 669 1212 potui.
708 1161 858 1210 Itaque,
880 1167 922 1195 ut
944 1158 1116 1209 primum
1138 1156 1250 1193 Velia
1270 1155 1445 1206 navigare
1466 1154 1583 1205 coepi,
1614 1153 1765 1190 institui
1785 1152 1914 1203 Topi-

545 1238 588 1262 ca
608 1224 837 1262 Aristotelea
856 1222 1111 1266 conscribere,
1129 1221 1176 1258 ab
1198 1220 1276 1273 ipsa
1296 1220 1390 1257 urbe
1407 1218 1687 1263 commonitus,
1705 1216 1916 1254 amantiffi-

543 1303 607 1328 ma
627 1290 698 1328 tui.
732 1291 836 1327 Eum
857 1288 1004 1325 librum
1026 1287 1099 1324 tibi
1120 1286 1203 1324 mifi
1225 1284 1395 1336 Rhegio,
1423 1283 1610 1336 scriptum
1631 1296 1748 1335 quam
1769 1281 1915 1333 planis-

544 1356 635 1393 sime
656 1368 713 1392 res
734 1355 801 1391 illa
820 1354 935 1391 scribi
956 1353 1099 1404 potuit.
1142 1351 1206 1388 Sin
1229 1350 1301 1388 tibi
1322 1348 1497 1401 quaedam
1518 1348 1754 1386 videbuntur
1773 1347 1914 1384 obscu-

545 1421 656 1464 riora,
688 1419 857 1470 cogitare
878 1418 1050 1461 debebis,
1081 1416 1230 1453 nullam
1249 1424 1370 1452 artem
1390 1414 1513 1451 literis
1535 1414 1611 1450 fine
1631 1413 1854 1463 interprete,
1876 1420 1914 1448 et

545 1486 621 1523 sine
652 1485 781 1536 aliqua
811 1483 1101 1525 exercitatione,
1133 1480 1281 1532 percipi
1313 1478 1428 1531 poffe.
1475 1479 1571 1516 Non
1601 1478 1717 1528 longe
1745 1476 1910 1513 abieris:

545 1564 641 1588 num
656 1551 721 1600 jus
749 1548 864 1586 civile
892 1547 1059 1585 vestrum
1088 1559 1134 1583 ex
1164 1545 1274 1582 libris
1303 1542 1485 1595 cognosci
1514 1542 1667 1594 potest?
1699 1542 1766 1593 qui
1788 1554 1912 1593 quan-

545 1629 663 1667 quam
700 1614 863 1667 plurimi
901 1613 1003 1656 sunt,
1053 1612 1249 1648 doetorem
1288 1619 1417 1646 tamen
1458 1607 1648 1659 usumque
1687 1607 1911 1644 desiderant„

547 1682 781 1731 Qanquam
804 1687 859 1721 tu,
892 1678 917 1714 fi
943 1685 1087 1714 attente
1108 1675 1225 1726 leges,
1257 1674 1282 1711 fi
1303 1673 1453 1724 saepius,
1484 1685 1552 1723 per
1572 1681 1608 1708 te
1629 1671 1760 1708 onmia
1780 1671 1914 1708 conse-

546 1759 661 1797 quere
683 1754 725 1781 ut
747 1753 847 1780 certe
868 1742 1061 1792 intelligas
1082 1756 1089 1777 ε
1123 1750 1166 1776 ut
1187 1752 1275 1776 vero
1295 1738 1412 1775 etiam
1433 1737 1501 1789 ips1
1524 1736 1597 1774 tibi
1618 1736 1695 1773 loci
1725 1736 1925 1787 proposita,

546 1808 753 1860 quaestione
774 1816 991 1849 occurrant,
1023 1805 1297 1842 exercitatione
1317 1801 1562 1852 consequere.
1596 1802 1641 1838 In
1663 1813 1738 1851 qua
1757 1800 1926 1851 quidem·

548 1888 616 1912 nos
639 1883 674 1911 te
695 1872 999 1915 continebimus‚
1033 1871 1056 1907 s1
1078 1878 1115 1906 et
1138 1869 1227 1905 salvi
1249 1867 1490 1909 redierimus,
1521 1875 1558 1903 et
1579 1865 1676 1903 salva
1703 1864 1771 1901 ista
1789 1864 1913 1903 offenz

548 1940 731 1976 desimus.
764 1953 801 1975 v.
834 1937 911 1974 kal.
946 1938 1049 1973 Sext.
1083 1934 1252 1985 Rhegio.

850 2138 1075 2173 CICERO
1116 2136 1450 2172 T‘REBArlo
1493 2133 1529 2169 S.
1562 2131 1615 2169 D.

550 2267 642 2304 XX.
661 2264 962 2336 AMABIL
976 2264 993 2300 I
1007 2263 1042 2299 O
1056 2263 1092 2299 R
1123 2260 1223 2299 mihi
1253 2260 1365 2298 Velia
1390 2259 1481 2304 fuit,
1513 2259 1618 2311 quod
1640 2267 1675 2294 te
1695 2257 1741 2294 ab
1763 2271 1803 2294 ea
1823 2258 1926 2297 senff>

759 2329 890 2366 amari.
924 2327 995 2364 Sed
1015 2326 1109 2378 quid
1130 2339 1200 2377 ego
1221 2325 1347 2362 dicam
1369 2334 1419 2369 te,
1438 2338 1556 2376 quem
1577 2323 1664 2375 quis
1686 2335 1764 2359 non
1784 2333 1884 2360 amat
1901 2325 1926 2360 ἒ»

550 2396 684 2439 Rufio,
715 2394 865 2432 medius
886 2392 1016 2436 fidius,
1047 2401 1136 2428 tuus
1158 2391 1210 2427 ita
1229 2389 1522 2433 desiderabatur,
1554 2397 1596 2426 ut
1621 2388 1646 2425 fi
1667 2387 1755 2425 effet
1776 2401 1875 2424 unus
1896 2402 1916 2424 e

550 2462 677 2501 nobis.
711 2459 782 2497 Sed
801 2471 873 2510 ego
894 2467 930 2496 te
951 2470 1029 2494 non
1051 2455 1302 2507 reprehendo,
1332 2455 1399 2506 qui
1420 2454 1535 2492 illum
1556 2453 1601 2491 ad
1621 2452 1916 2490 aedificationem

549 2537 656 2565 tuam
677 2522 904 2564 traduxeris.
950 2523 1186 2573 Qanquam
1206 2519 1312 2559 enim
1332 2518 1444 2557 Velia
1463 2532 1542 2558 non
1563 2518 1614 2556 est
1633 2517 1761 2561 vilior,
1793 2529 1912 2567 quam
