2351 2997
567 232 659 270 AD
718 227 1186 268 FAMILIARES
1247 226 1548 264 LIB.X111.
1679 227 1753 278 365

456 463 519 501 M.
552 465 605 503 Τ.
639 464 687 501 C.
721 465 1058 515 QANanRm
1099 461 1232 511 QF.
1267 460 1404 497 PRoc.
1447 460 1485 497 S.
1518 459 1562 497 Ρ.
1596 460 1649 497 D.

366 590 456 628 XL.
482 589 590 660 LU
605 591 779 629 CIUM
809 600 847 627 et
869 591 916 626 C.
942 588 1139 632 Aurelios,
1162 588 1197 624 L,
1217 587 1334 631 filios,
1357 588 1500 637 quibus
1522 596 1558 624 et
1580 587 1745 638 ipfis‚'et

577 665 684 707 patre
704 669 855 698 eorum,
886 655 969 690 viro
989 653 1156 704 optimo,
1188 651 1479 689 familiariffime
1502 662 1602 696 utor,
1633 666 1743 689 com-

365 721 510 758 mendo
531 721 608 758 tibi
626 722 814 772 majorem
835 720 875 756 in
896 716 1356 761 modum,.ad01escentes
1377 717 1561 753 omnibus
1583 718 1744 768 optimis

367 786 514 822 artibus
535 794 706 829 ornatos,
736 797 843 822 meos
865 782 1173 835 pernecessarios,
1205 791 1270 818 tua
1289 782 1462 818 amicitia
1487 768 1743 831 dignissimos,

368 851 406 887 Si
439 849 520 887 ulla
549 862 634 886 mea
664 848 769 901 apud
798 858 835 885 te
867 847 1157 885 commendatio
1186 846 1322 890 valuit,
1354 845 1458 897 quod
1494 846 1572 882 scio
1602 846 1746 882 multas

368 914 587 966 plurimum
609 913 778 957 valuisse,
810 912 891 950 haec
913 922 956 949 ut
977 912 1098 949 valeat
1119 925 1227 962 rogo.
1261 911 1381 962 Qod
1401 911 1426 948 fi
1448 923 1511 947 eos
1532 909 1748 947 honorifice

368 979 658 1030 liberaliterque
689 978 859 1016 traetaris
877 996 888 1022 ;
920 986 958 1015 et
980 978 1053 1014 tibi
1080 975 1310 1028 gratiffimos
1331 974 1578 1027 optimosque
1598 974 1749 1012 adoles-

370 1053 499 1083 centes
521 1043 758 1096 adjunxeris,
790 1051 827 1081 et
849 1042 950 1080 mihi
970 1042 1227 1094 gratiffimum
1249 1039 1401 1078 feceris.
1434 1040 1544 1078 Vale.

590 1247 653 1283 M.
687 1247 740 1283 T.
775 1245 823 1283 C.
855 1244 905 1282 L.
939 1244 1277 1281 CULLEOLO
1320 1242 1356 1280 S.
1391 1242 1434 1279 P.
1470 1242 1523 1279 D.

370 1373 480 1411 XLI.
595 1373 692 1410 UAE
722 1371 846 1409 fecisti
867 1373 917 1409 L.
940 1371 1104 1408 Lucceii
1124 1370 1246 1414 causa,
1279 1369 1373 1407 scire
1395 1378 1431 1407 te
1452 1369 1565 1421 plane
1585 1369 1689 1412 volo,
1711 1377 1750 1405 te

612 1436 767 1475 homini
794 1437 1005 1490 gratiffimo
1037 1435 1323 1479 commodaffe;
1356 1445 1393 1472 et
1425 1449 1518 1472 cum
1549 1435 1633 1486 ipsi,
1665 1447 1750 1485 quae

372 1504 513 1549 fecisti,
535 1513 709 1556 pergrata
728 1504 831 1548 sunt,
860 1512 947 1541 tum
969 1502 1194 1555 Pompeius,
1218 1501 1527 1552 quotiescunque
1548 1513 1611 1537 me
1631 1499 1752 1543 videt,

375 1570 498 1621 (videt
519 1578 648 1607 autem
670 1568 783 1621 saepe)
807 1569 945 1620 gratias
968 1568 1042 1604 tibi
1062 1568 1142 1618 agit
1164 1566 1386 1618 singulares.
1426 1565 1542 1602 Addo
1562 1565 1679 1602 etiam
1700 1563 1752 1600 il-

373 1634 457 1678 lud,
480 1633 585 1686 quod
607 1633 680 1671 tibi
696 1632 1022 1684 jucundiffimum
1042 1632 1114 1670 effe
1134 1640 1240 1669 certo
1261 1631 1353 1674 scio,
1377 1644 1439 1667 me
1460 1630 1603 1681 ipsum,
1621 1643 1667 1666 ex
1690 1637 1755 1665 tua

374 1714 463 1752 erga
496 1700 713 1738 Lucceium
747 1699 1002 1750 benignitate,
1039 1698 1211 1735 maxima
1241 1696 1440 1748 voluptate
1471 1695 1587 1732 affici.
1635 1693 1755 1744 Qod

375 1765 554 1817 superest,
587 1777 810 1816 quanquam
843 1762 944 1800 mihi
977 1775 1056 1799 non
1088 1761 1141 1799 est
1172 1760 1353 1805 dubium,
1394 1760 1490 1811 quin
1522 1772 1615 1796 cum
1644 1764 1754 1795 antea

374 1830 500 1868 nostra
520 1829 642 1873 causa,
675 1843 780 1867 nunc
796 1830 878 1881 jam
899 1829 1016 1865 etiam
1038 1837 1113 1864 tuae
1134 1826 1356 1864 constantiae
1386 1825 1520 1877 gratia,
1553 1823 1754 1860 mansurus

374 1896 419 1933 fis
441 1896 480 1932 in
502 1894 634 1932 eadem
656 1893 724 1930 ista
744 1893 1004 1936 liberalitate3
1037 1901 1166 1941 tamen
1194 1891 1260 1928 abs
1292 1899 1329 1927 te
1358 1888 1608 1927 vehementer
1637 1888 1756 1925 etiam

372 1969 489 2012 atque
509 1960 627 2005 etiarn
648 1968 754 2011 peto,
786 1967 830 1996 ut
850 1971 905 2003 ea,
937 1971 1022 2010 quae
1044 1957 1160 1994 initio
1181 1954 1391 1999 ostendisti,
1415 1953 1673 2005 deincepsque
1694 1952 1754 1990 fe-

373 2025 473 2068 cisti,
505 2025 552 2061 ad
572 2025 724 2062 exitum
745 2023 876 2075 augeri
896 2032 936 2060 et
955 2022 1148 2060 cumulari
1169 2035 1236 2073 per
1257 2030 1294 2058 te
1314 2020 1424 2058 velis.
1457 2019 1503 2057 Id
1523 2028 1561 2056 et
1583 2018 1756 2056 Lucceio

374 2099 413 2128 et
434 2090 623 2141 Pompeio
644 2088 753 2126 valde
773 2098 928 2140 gratum
948 2087 1046 2132 fore,
1065 2097 1179 2138 teque
1200 2086 1308 2139 apud.
1322 2099 1386 2123 eos
1407 2085 1586 2138 praeclare
1606 2084 1755 2136 positu-

376 2169 463 2193 rum
488 2154 680 2192 confirmo
707 2163 745 2191 et
772 2152 955 2205 spondeo.
1002 2153 1063 2190 De
1092 2151 1307 2204 republica,
1340 2151 1465 2202 deque
1493 2149 1555 2188 his
1588 2149 1755 2200 negotiis

375 2218 758 2272 cogitationibusque
778 2218 930 2263 nostris,
956 2216 1250 2270 perscripseram
1269 2215 1315 2254 ad
1336 2225 1374 2253 te
1394 2215 1603 2266 diligenter
1622 2214 1767 2266 paucis-

376 2295 464 2324 ante
484 2285 635 2330 diebus,
667 2284 802 2337 easque
822 2284 950 2322 literas
971 2283 1150 2322 dederam
1169 2282 1299 2334 pueris
1321 2281 1413 2319 tuis.
1447 2280 1556 2319 Vale.
