2351 2997
659 242 750 279 AD
809 239 1273 277 FAMILIARES
1334 240 1463 278 ΜΒ.
1512 243 1560 279 v.
1749 257 1798 293 99

426 350 465 378 et
484 340 610 378 civem
629 339 831 391 egregium
848 339 855 375 !
879 338 963 391 qui,
986 351 1062 390 qua
1082 351 1196 390 poena
1216 338 1380 382 senatus,
1399 339 1583 377 consensu
1606 340 1800 378 bonorum

424 405 619 448 omnium,
642 417 705 442 eos
722 404 913 448 affecerat,
932 405 1001 456 qui
1018 404 1156 442 urbem
1177 404 1397 449 incendere,
1420 405 1661 456 magistratus
1678 419 1720 442 ac
1743 406 1799 442 se-

424 477 560 506 natum
581 468 787 513 trucidare,
811 468 961 506 bellum
982 470 1201 506 maximum
1222 468 1402 513 conflare,
1426 469 1645 513 voluissent,
1668 469 1800 507 eadem

424 532 590 584 dignum
619 533 813 585 judicaret
847 547 952 578 eum,
984 534 1053 585 qui
1088 535 1236 571 curiam
1271 534 1386 578 caede,
1418 535 1556 571 urbem
1591 535 1797 579 incendiis,

423 598 578 635 Italiam
600 598 718 643 bello,
750 598 954 635 liberasset.
993 599 1128 650 Itaque
1148 612 1222 649 ego
1243 599 1424 643 Metello,
1457 599 1563 637 fratri
1588 608 1669 644 tuo,
1702 613 1799 651 prae-

424 662 520 700 senti
552 663 686 701 restiti.
734 664 839 701 Nam
871 663 912 700 in
944 663 1090 707 senatu,
1123 663 1298 700 kalendis
1326 664 1533 713 januariis,
1566 665 1615 701 fic
1643 679 1734 702 cum
1756 679 1801 702 eo

422 727 468 764 de
489 728 690 780 republica
709 727 915 779 disputavi,
947 736 991 764 ut
1021 727 1177 764 sentiret
1207 727 1276 764 fibi
1306 741 1397 764 cum
1419 729 1501 765 viro
1523 728 1616 765 forti
1645 738 1683 766 et
1704 743 1800 766 con-

423 792 535 830 stanti
556 792 626 830 effe
647 792 918 844 pugnandum.
952 794 1002 829 A.
1027 792 1064 830 d.
1091 793 1250 829 tertium
1272 807 1365 830 non.
1389 794 1546 843 Januar.
1571 807 1663 831 cum
1692 807 1801 845 agere

423 857 610 909 coepiffet‚
629 858 744 895 tertio
764 871 921 909 quoque
938 857 1055 894 verbo
1076 858 1260 895 orationis
1278 857 1351 895 suae
1367 871 1429 895 me
1450 859 1682 910 appellabat,
1702 859 1803 896 mihi

423 923 671 960 minabatur:
705 936 830 974 neque
851 923 911 959 illi
932 922 1149 974 quidquam
1172 922 1420 961 deliberatius
1448 923 1539 967 fuit,
1572 937 1691 975 quam
1723 938 1799 969 me,

424 1001 659 1039 quacunque
693 988 840 1024 ratione
876 987 1009 1038 pofl'et,
1043 1001 1119 1024 non
1148 987 1317 1038 judicio,
1349 1002 1475 1039 neque
1507 988 1800 1040 disceptatione,

425 1052 487 1089 sed
507 1053 544 1090 vi
565 1061 681 1104 atque
702 1052 960 1104 impreffione,
983 1062 1164 1090 evertere.
1196 1053 1329 1103 Hujus
1350 1066 1421 1104 ego
1443 1054 1652 1091 temeritati
1674 1054 1699 1091 si
1722 1055 1800 1091 vir-

425 1127 508 1155 tute
528 1127 642 1169 atque
664 1118 795 1154 animo
817 1131 893 1154 non
916 1117 1156 1161 restitiffem;
1190 1117 1277 1169 quis
1299 1118 1402 1162 efl'et,
1425 1119 1492 1169 qui
1514 1132 1576 1155 me
1597 1119 1637 1156 in
1659 1119 1800 1156 consu-

423 1183 502 1219 latu
525 1196 602 1219 non
624 1183 711 1219 casu
731 1183 862 1234 potius
883 1182 1133 1226 existimaret,
1156 1195 1273 1233 quam
1295 1183 1470 1227 confilio,
1494 1182 1637 1221 fortem
1658 1183 1769 1222 fuisse
1788 1186 1801 1221 ?

424 1248 522 1284 Haec
544 1247 570 1284 s1
602 1256 644 1284 tu
674 1247 889 1284 Metellum
910 1248 1080 1298 cogitare
1101 1247 1147 1284 de
1169 1261 1231 1284 me
1252 1247 1417 1292 nescisti,
1449 1248 1563 1286 debes
1586 1249 1802 1286 existimare

423 1321 460 1349 te
482 1312 663 1349 maximis
686 1311 732 1349 de
753 1312 867 1348 rebus
888 1325 908 1348 a
935 1311 1051 1349 fratre
1080 1311 1151 1349 effe
1180 1312 1377 1350 celatum:
1410 1313 1463 1350 sin
1494 1323 1624 1351 autem
1653 1314 1803 1365 aliquid

423 1378 641 1429 impertivit
663 1377 736 1414 tibi
758 1377 814 1413 sui
835 1377 1001 1421 confilii,
1024 1377 1121 1414 lenis
1139 1390 1159 1413 a
1174 1386 1211 1414 te
1227 1387 1265 1414 et
1286 1377 1412 1415 facilis
1433 1379 1643 1416 existimari
1664 1379 1800 1424 debeo,

422 1443 491 1493 qui
513 1441 614 1480 nihil
637 1451 767 1479 tecum
785 1441 830 1478 de
850 1441 912 1479 his
933 1442 1022 1494 ipfis
1040 1442 1153 1479 rebus
1171 1442 1427 1494 expostulem.
1462 1445 1528 1487 Et,
1548 1444 1573 1481 fi
1594 1444 1800 1496 intelligis,

423 1522 502 1547 non
523 1522 586 1546 me
605 1508 709 1545 dicto
739 1507 912 1552 Metelli,
945 1516 988 1545 ut
1017 1507 1168 1552 scribis,
1200 1508 1263 1545 sed
1292 1508 1454 1545 consilio
1482 1509 1564 1560 ejus
1594 1510 1805 1561 animoque

424 1575 464 1612 in
484 1588 548 1612 me
568 1573 849 1618 inimiciffimo,
880 1573 952 1611 effe
972 1582 1248 1618 commotum3
1280 1574 1471 1626 cognosce
1492 1588 1597 1612 nunc
1617 1574 1804 1613 humani-

424 1648 544 1676 tatem
564 1652 705 1682 meam,
735 1638 760 1675 si
781 1637 1004 1675 humanitas
1025 1638 1253 1690 appellanda
1272 1638 1326 1676 est
1345 1639 1385 1676 in
1406 1639 1644 1677 acerbiffima
1664 1641 1806 1692 injuria

425 1704 591 1742 remiffio
613 1703 734 1741 animi
755 1716 797 1740 ac
818 1702 1030 1740 diffolutio.
1078 1703 1203 1740 Nulla
1225 1703 1278 1740 est
1298 1717 1318 1740 a
1338 1717 1401 1741 me
1422 1718 1596 1756 unquam
1617 1705 1806 1743 sententia

424 1770 526 1807 dicta
545 1769 586 1806 in
606 1768 766 1806 fratrem
797 1777 938 1806 tuum:
971 1768 1280 1820 quotiescunque
1308 1769 1458 1821 aliquid
1488 1770 1540 1807 est
1570 1773 1713 1816 actum,
1745 1771 1804 1809 se-

425 1835 518 1872 dens
544 1834 591 1871 iis
619 1832 762 1877 affenfi,
798 1833 868 1885 qui
900 1832 1001 1870 mihi
1033 1833 1222 1870 leniffime
1253 1833 1392 1870 sentire
1412 1834 1479 1871 visi
1502 1834 1604 1872 sunt.
1650 1835 1806 1874 Addam

424 1899 525 1937 illud
546 1900 679 1943 etiam,
711 1899 817 1950 quod
833 1899 917 1950 jam
937 1912 1010 1950 ego
1037 1911 1169 1936 curare
1198 1912 1277 1936 non
1305 1898 1438 1944 debui,
1470 1900 1534 1937 sed
1566 1909 1695 1939 tamen
1723 1901 1807 1939 fieri

426 1979 504 2003 non
526 1964 685 2002 moleste
706 1964 795 2009 tuli,
827 1973 943 2016 atque
963 1965 1095 2008 etiam,
1128 1974 1171 2002 ut
1193 1964 1245 2002 ita
1266 1964 1388 2009 fieret,
1415 1979 1486 2017 pro
1506 1979 1590 2004 mea
1609 1975 1717 2019 parte
1737 1967 1806 2004 ad—

420 2031 522 2082 juvi,
555 2038 598 2067 ut
619 2030 975 2067 senatus-consulto
996 2043 1106 2067 meus
1128 2030 1329 2074 inimicus,
1352 2030 1444 2081 quia
1465 2039 1554 2069 tuus
1576 2030 1693 2070 frater
1712 2042 1805 2078 erat,

425 2095 701 2132 sublevaretur.
735 2095 864 2145 Qare
885 2108 963 2131 non
985 2108 1057 2145 ego
1077 2094 1286 2146 oppugnavi
1303 2094 1461 2132 fratrem
1483 2104 1612 2141 tuum,
1644 2096 1706 2134 sed
1727 2097 1807 2135 fra-

426 2159 477 2196 tri
509 2168 576 2196 tuo
604 2159 842 2210 repugnavi:
876 2172 946 2196 nec
976 2159 1016 2196 in
1048 2168 1098 2203 te,
1131 2168 1174 2197 ut
1195 2159 1346 2204 scribis,
1377 2159 1568 2211 animofici
1585 2160 1712 2205 mobili,
1745 2162 1807 2199 sed

427 2224 480 2260 ita
501 2223 643 2268 stabili,
675 2233 718 2260 ut
738 2224 778 2260 in
800 2237 885 2261 mea
905 2237 994 2275 erga
1014 2232 1051 2260 te
1072 2224 1287 2269 voluntate,
1319 2225 1437 2262 etiam
1458 2226 1628 2264 desertus
1649 2227 1695 2263 ab
1717 2228 1806 2264 offi—

427 2288 498 2324 ciis
515 2288 613 2332 tuis,
637 2301 916 2339 permanerem.
950 2289 1081 2340 Atque
1102 2287 1178 2326 hoc
1198 2289 1282 2340 ipso
1303 2298 1478 2341 tempore
1500 2291 1588 2335 tibi,
1611 2305 1708 2342 pene
1728 2292 1807 2328 mi·-

427 2353 570 2390 nitanti
603 2353 715 2391 nobis
748 2368 816 2406 per
846 2354 991 2398 literas,
1023 2353 1099 2391 hoc
1125 2354 1293 2392 rescribo
1313 2364 1429 2406 atque
1450 2356 1687 2407 respondeo:
1721 2358 1808 2407 Ego

429 2418 556 2456 dolori
578 2426 646 2454 tuo
666 2431 744 2456 non
766 2419 892 2457 solum
913 2418 1087 2471 ignosco,
1120 2419 1182 2457 sed
1207 2420 1400 2457 summam
1421 2422 1538 2458 etiam
1560 2421 1714 2458 laudem
1737 2422 1807 2457 tri-

431 2484 538 2521 buo:
571 2496 681 2521 meus
713 2483 819 2521 enim
850 2498 913 2522 me
945 2483 1086 2529 sensus,
1119 2495 1263 2537 quanta
1296 2487 1352 2523 vis
1385 2485 1544 2524 fraterni
1576 2487 1619 2523 fit
1651 2486 1806 2528 amoris,

1416 2551 1455 2586 N
1488 2563 1508 2587 2
