2351 2997
571 269 663 306 AD
723 266 1193 304 FAMILIARES
1253 266 1386 304 LIB.
1435 268 1489 304 II.
1689 283 1733 321 31

349 371 456 408 enim
492 368 565 405 tibi
599 366 724 419 gravis
759 366 968 405 adversaria
1001 366 1211 405 constituta
1245 376 1283 405 et
1317 376 1461 420 parata,
1494 367 1738 406 incredibilis

352 434 527 487 quaedam
548 432 793 485 expediatio:
828 447 946 484 quam
974 442 1016 471 tu
1045 446 1120 470 una
1146 447 1186 470 re
1212 432 1403 471 facillime
1427 434 1574 477 vinces,
1607 434 1632 471 fi
1662 433 1740 472 hoc

351 498 551 542 statueris;
575 511 740 550 quarum
762 498 924 536 laudum
945 499 1112 550 gloriam
1132 497 1334 544 adamatis,
1352 498 1497 550 quibus
1519 499 1667 536 artibus
1689 513 1740 537 eae

352 564 483 603 laudes
505 573 795 616 comparantur,
827 565 867 602 in
899 565 946 602 iis
974 565 1046 602 effe
1074 564 1346 602 laborandum.
1394 566 1440 602 In
1461 563 1562 602 hanc
1584 565 1740 603 senten-

350 630 447 667 tiam
479 629 687 667 scriberem
716 629 842 681 plura,
880 629 949 667 nifi
980 638 1018 667 te
1049 639 1114 667 tua
1143 629 1279 681 sponte
1310 629 1397 667 satis
1428 630 1638 668 incitatum
1668 630 1740 668 effe

353 695 592 734 confiderem
610 710 619 733 ε
652 704 690 732 et
710 694 787 732 hoc
807 695 1003 748 quidquid
1027 695 1156 748 attigi,
1188 709 1268 733 non
1289 695 1367 734 feci
1388 695 1658 734 inflammandi
1683 698 1746 734 tui

351 761 475 806 causa,
507 761 570 799 sed
590 760 821 800 testificandi
841 763 984 799 amoris
1006 761 1099 800 mei.
1133 761 1246 799 Vale.

611 963 675 1002 M.
709 964 762 1002 T.
796 964 846 1002 C.
880 965 929 1002 C.
964 963 1234 1001 CUR10N1
1275 963 1312 1000 S.
1348 963 1392 1000 P.
1426 963 1481 1000 D.

353 1091 406 1129 V.
428 1090 507 1165 H
523 1092 571 1129 AE
591 1092 623 1129 C
655 1093 811 1144 negotia
836 1090 1037 1144 quomodo
1062 1091 1098 1128 se
1118 1090 1301 1135 habeant,
1334 1104 1382 1128 ne
1402 1090 1563 1143 epistola
1582 1090 1747 1143 quidem·

538 1170 690 1194 narrare
709 1157 846 1195 audeo.
890 1156 1003 1201 Tibi,
1027 1156 1109 1201 etfi,
1133 1156 1362 1207 ubicunque
1383 1169 1437 1201 es,
1462 1157 1525 1208 (ut
1547 1156 1676 1209 scripsi
1698 1157 1746 1194 ad

354 1231 392 1261 te
413 1220 540 1271 antea>
560 1222 600 1258 in
621 1222 755 1260 eadem
771 1237 808 1260 es
827 1222 929 1266 navi,
949 1230 1095 1266 tamen,
1113 1221 1219 1273 quod
1236 1221 1340 1266 abes,
1358 1222 1551 1273 gratulor:
1576 1223 1636 1260 vel
1654 1223 1746 1274 quia

354 1301 434 1326 non
456 1286 561 1325 vides
583 1300 639 1332 ea,
671 1301 756 1339 quae
777 1301 875 1332 nos;
909 1287 969 1325 vel
1001 1287 1107 1338 quod
1137 1286 1289 1324 excelso
1319 1295 1357 1324 et
1386 1286 1528 1324 illustri
1558 1287 1647 1326 loco
1678 1288 1747 1325 fita

356 1354 402 1391 fit
422 1354 503 1391 laus
527 1362 592 1390 tua
612 1354 651 1390 in
674 1354 940 1406 plurimorum
962 1361 1000 1391 et
1030 1353 1226 1390 sociorum
1257 1361 1296 1390 et
1326 1352 1475 1390 civium
1505 1353 1714 1406 conspeffu
1734 1369 1747 1392 .-

354 1433 439 1471 quae
470 1418 517 1456 ad
550 1433 619 1457 nos
652 1433 723 1457 nec
755 1419 935 1464 obscuro,
967 1432 1039 1456 nec
1071 1419 1177 1457 vario
1204 1417 1394 1462 sermone,
1427 1418 1490 1455 sed
1517 1429 1555 1456 et
1583 1419 1744 1457 clariffi-

354 1498 418 1522 ma
437 1492 475 1522 et
495 1498 572 1522 una
592 1485 775 1523 omnium
795 1499 904 1531 voce,
936 1484 1144 1537 perfertur.
1178 1485 1317 1522 Unum
1339 1483 1439 1521 illud
1461 1483 1590 1522 nescio
1610 1494 1746 1536 gratu—

355 1551 461 1588 lerne
483 1550 572 1595 tibi,
591 1564 637 1588 an
660 1551 836 1597 timeam,
855 1550 962 1603 quod
982 1550 1175 1588 mirabilis
1193 1550 1246 1587 est
1261 1550 1479 1602 expediatio
1500 1549 1646 1588 reditus
1665 1552 1743 1589 tui:

354 1629 433 1653 non
456 1629 535 1668 quo
555 1630 696 1662 verear,
730 1630 778 1654 ne
799 1627 865 1655 tua
885 1617 1008 1655 virtus
1030 1616 1210 1668 opinioni
1242 1615 1454 1653 hominum
1485 1629 1563 1653 non
1586 1616 1746 1669 respon-

357 1681 470 1725 deat;
504 1681 581 1726 sed,
613 1681 853 1726 mehercule,
885 1696 947 1726 ne,
977 1695 1070 1719 cum
1091 1681 1256 1726 vener-is,
1279 1694 1358 1718 non
1380 1680 1520 1719 habeas
1536 1683 1620 1733 jam
1641 1683 1749 1733 quod

358 1761 497 1791 cures;
530 1748 584 1784 ita
610 1747 700 1785 sunt
727 1748 860 1786 omnia
886 1748 1090 1786 debilitata
1111 1748 1209 1799 jam,
1242 1760 1362 1799 prope
1383 1756 1422 1784 et
1442 1748 1626 1786 extincta.
1675 1748 1749 1786 Sed

356 1812 439 1851 haec
460 1812 540 1865 ipsa
560 1812 689 1850 nescio
706 1815 856 1851 reeiene
872 1814 946 1851 fint
967 1813 1090 1851 literis
1108 1812 1333 1851 commissa:
1358 1825 1474 1864 quare
1495 1822 1631 1851 caetera
1651 1827 1748 1865 cog-

356 1878 491 1916 nosces
511 1891 559 1915 ex
579 1878 680 1916 aliis.
714 1880 781 1916 Tu
804 1887 948 1924 tamen,
975 1879 1050 1917 five
1071 1877 1193 1916 habes
1211 1878 1384 1930 aliquam
1405 1878 1512 1930 spem
1534 1879 1580 1916 de
1601 1879 1747 1931 repub-

357 1943 449 1989 lica,
481 1944 555 1982 five
576 1943 765 1996 desperas,
797 1958 839 1982 ea
866 1958 969 1998 para,
1000 1944 1202 1990 meditare,
1235 1944 1379 1996 cogita,
1411 1957 1497 1995 quae
1528 1943 1600 1982 effe
1630 1946 1672 1982 in
1704 1958 1749 1983 eo

356 2009 433 2046 civi
454 2021 496 2046 ac
518 2008 601 2046 viro
623 2008 781 2054 debent,
803 2010 873 2061 qui
894 2010 939 2047 fit
959 2009 1247 2062 rempublicam
1269 2008 1453 2047 afflictam
1474 2018 1512 2046 et
1532 2009 1752 2062 oppreffam

359 2074 510 2112 miseris
533 2075 777 2127 temporibus
799 2089 842 2114 ac
862 2075 1026 2128 perditis
1049 2076 1227 2114 moribus
1255 2075 1297 2114 in
1316 2085 1488 2114 veterem
1515 2076 1757 2129 dignitatemr

358 2153 402 2179 ac
423 2140 646 2180 libertatem
668 2141 951 2181 vindicaturus.
986 2142 1099 2181 Vale.

617 2341 681 2381 M.
714 2342 768 2381 T.
802 2342 851 2382 C.
885 2343 934 2381 C.
969 2343 1238 2382 CUR10N1
1279 2342 1317 2380 S.
1351 2342 1397 2381 P.
1431 2342 1486 2380 D.

362 2467 533 2542 VI.N
547 2468 582 2506 O
593 2468 635 2507 N
648 2469 686 2507 D
697 2470 735 2507 U
745 2470 794 2509 M
814 2480 894 2510 erat
915 2472 1110 2518 auditum,
1128 2480 1166 2511 te
1181 2472 1229 2510 ad
1249 2471 1406 2512 Italiam
1421 2472 1638 2518 adventare,
1657 2486 1749 2510 cum

568 2535 731 2575 Sextum
746 2536 934 2585 Villium,
953 2538 1124 2579 Milonis
1145 2539 1225 2578 mei
1245 2538 1608 2587 familiarem,rcum
1624 2537 1685 2577 his
1703 2537 1754 2576 ad.
