2351 2997
608 238 701 276 AD
760 234 1226 274 FAMILIARES
1288 234 1420 272 LIB.
1474 236 1524 272 V.
1703 250 1769 275 121

384 336 593 392 Qidquid
613 335 803 380 statueris,
834 344 871 373 te
891 334 993 373 mihi
1014 335 1214 380 amicum3
1247 334 1301 373 fin
1323 335 1363 373 id
1384 335 1491 388 quod
1512 344 1621 388 opto,
1653 337 1771 374 etiam

383 402 673 447 amiciffimum,
700 401 904 454 judicabo.
938 401 1049 441 Vale.

819 598 1086 636 CICERO
1137 597 1332 635 Rupe.

385 727 478 766 XX.
498 727 571 814 Q
587 728 672 765 UO
701 725 821 764 modo
841 724 1065 778 potuissem,
1089 733 1126 761 te
1147 724 1424 770 convenifl'em,
1448 725 1474 763 s1
1495 738 1555 770 eo,
1574 739 1654 777 quo
1675 740 1771 764 con-

603 792 794 836 stitueras,
825 791 955 828 venire
976 789 1170 828 voluifl‘es.
1219 791 1349 842 Qare
1375 791 1443 828 etfi
1471 792 1550 828 mei
1571 791 1773 828 commodi

385 858 496 896 causa
516 871 764 896 commovere
785 870 847 894 me
875 856 1050 901 noluisti,
1083 865 1213 893 tamen
1241 857 1295 894 ita
1321 857 1516 894 existimes
1545 856 1680 901 velim,
1712 870 1776 894 me

384 924 649 963 antelaturum
670 923 796 968 fuiffe,
814 923 839 960 fi
862 923 908 960 ad
929 936 992 960 me
1009 921 1181 967 mififfes,
1198 922 1443 961 voluntatem
1465 932 1572 960 tuam
1592 936 1775 960 commo-

386 989 436 1028 do
456 1004 559 1028 meo,
606 989 671 1027 Ad
691 1003 733 1026 ea
752 1002 838 1040 quae
860 987 1052 1041 scripfisti,
1084 987 1334 1026 commodius
1355 989 1541 1041 equidem
1562 988 1707 1040 poffem
1729 988 1776 1024 de

387 1056 548 1108 singulis
569 1055 616 1093 ad
637 1064 674 1093 te
701 1055 815 1092 rebus
845 1054 1024 1098 scribere,
1056 1053 1082 1090 fi
1105 1053 1168 1092 M.
1193 1053 1371 1099 Tullius,
1403 1054 1528 1092 scriba
1548 1067 1674 1098 meus,
1705 1053 1774 1090 ad-

387 1121 505 1166 effet;
538 1135 558 1158 a
579 1135 658 1173 quo
680 1119 781 1158 mihi
802 1120 1051 1172 exploratum
1071 1119 1138 1164 est,
1161 1120 1202 1157 in
1224 1119 1441 1158 rationibus
1463 1120 1652 1158 duntaxat
1673 1119 1775 1157 refe-

390 1186 518 1224 rendis
552 1186 617 1238 (de
647 1186 795 1223 caeteris
826 1185 941 1223 rebus
971 1185 1163 1222 affirmare
1184 1198 1262 1222 non
1283 1185 1454 1237 poffum)
1480 1185 1581 1223 nihil
1603 1198 1694 1222 eum
1714 1184 1775 1222 fe-

388 1251 477 1289 ciffe
508 1251 710 1295 scientem,
743 1250 850 1302 quod
870 1250 960 1287 effet
981 1258 1117 1286 contra
1136 1258 1202 1287 aut
1224 1263 1320 1294 rem,
1353 1259 1418 1288 aut
1446 1250 1777 1288 existimationem

389 1327 525 1354 tuam:
559 1316 664 1361 dein,
696 1316 722 1353 fi
753 1316 952 1353 rationum
982 1314 1271 1352 referendarum
1296 1317 1362 1367 jus
1390 1326 1500 1354 vetus
1527 1325 1566 1354 et
1593 1329 1678 1354 mos
1705 1329 1776 1353 an-

390 1383 524 1434 tiquus
555 1390 741 1425 maneret,
774 1395 837 1418 me
867 1381 1080 1418 relaturum
1111 1380 1293 1424 rationes,
1326 1381 1396 1419 nisi
1427 1391 1559 1419 tecum
1584 1395 1654 1434 pro
1679 1395 1777 1420 con-

385 1448 591 1500 junctione
630 1446 765 1485 nostrae
808 1446 1098 1484 neceffitudinis
1141 1446 1390 1484 contulissem
1434 1446 1777 1499 confecifl‘emque,

391 1527 468 1551 non
491 1512 616 1550 fuifl'e.
650 1512 771 1564 Qod
791 1513 914 1564 igitur
934 1511 1106 1549 fecissem
1127 1511 1173 1548 ad
1195 1511 1348 1556 urbem,
1368 1512 1393 1549 fi
1415 1512 1656 1551 consuetudo
1678 1513 1777 1565 pris—

392 1579 474 1615 tina
498 1587 684 1622 maneret,
717 1577 771 1622 id,
804 1591 897 1615 cum
928 1577 1012 1629 lege
1033 1576 1140 1628 Julia
1169 1576 1389 1629 relinquere
1418 1578 1585 1616 rationes
1616 1578 1658 1615 in
1684 1592 1778 1631 pro-

392 1644 521 1682 vincia
541 1643 686 1681 neceffe
713 1651 807 1687 erat,
838 1643 1067 1694 easdemque
1096 1642 1262 1680 totidem
1289 1643 1416 1680 verbis
1445 1643 1586 1682 referre
1613 1644 1660 1682 ad
1687 1658 1780 1682 aera-

394 1710 512 1755 rium,
544 1709 621 1747 feci
642 1710 682 1746 in
704 1709 919 1761 provincia.
966 1710 1109 1760 Neque
1130 1709 1186 1746 ita
1203 1708 1295 1754 feci,
1328 1719 1372 1747 ut
1394 1718 1430 1747 te
1451 1709 1496 1747 ad
1518 1724 1653 1749 meum
1672 1711 1778 1748 arbi-

393 1777 514 1814 trium
530 1776 784 1820 adducerem3
808 1774 870 1812 sed
888 1775 1010 1813 tribui
1033 1774 1106 1812 tibi
1129 1784 1298 1820 tantum,
1316 1786 1510 1827 quantum
1526 1791 1589 1814 me
1606 1776 1781 1814 tribuiffe

394 1856 598 1894 nunquam
628 1855 691 1878 me
722 1841 960 1893 poenitebit:
995 1850 1124 1879 totum
1151 1842 1258 1879 enim
1286 1842 1452 1880 scribam
1479 1855 1629 1888 meum,
1660 1857 1781 1895 quem

394 1908 469 1945 tibi
486 1907 599 1945 video
615 1920 720 1944 nunc
738 1907 808 1944 effe
826 1906 1059 1959 suspeetum,
1079 1907 1153 1944 tibi
1175 1907 1335 1945 tradidi:
1361 1917 1403 1946 tu
1420 1908 1455 1946 ei
1477 1909 1539 1947 M.
1557 1909 1780 1954 Mindium,

393 1972 554 2011 fratrem
576 1982 706 2017 tuum,
737 1972 961 2024 adjunxisti.
1010 1972 1198 2010 Rationes
1225 1972 1412 2012 confectae
1433 1988 1496 2011 me
1517 1974 1672 2013 absente
1692 1974 1782 2013 sunt

395 2050 543 2084 tecum,
574 2039 621 2077 ad
648 2052 741 2092 quas
770 2053 843 2090 ego
871 2039 972 2076 nihil
1004 2038 1170 2077 adhibui
1197 2049 1333 2092 praeter
1360 2041 1584 2080 lectionem.
1629 2043 1689 2080 Ita
1714 2055 1779 2080 ac·
1809 2080 1812 2082 ,

395 2106 482 2157 cepi
502 2105 651 2142 librum
672 2118 692 2141 a
712 2118 800 2142 meo
822 2105 926 2143 servo
948 2105 1084 2150 scriba,
1117 2114 1162 2143 ut
1190 2106 1359 2144 eundem
1386 2108 1604 2160 acceperim
1624 2121 1644 2144 a
1664 2107 1791 2147 fratre<

397 2181 479 2209 tuo.
514 2172 552 2208 Si
573 2170 700 2208 honor
720 2171 751 2207 is
774 2169 865 2215 fuit,
889 2171 1076 2222 niajorem
1099 2171 1172 2208 tibi
1193 2171 1335 2209 habere
1356 2186 1433 2210 non
1457 2173 1567 2225 potui
1587 2188 1595 2211 :
1624 2174 1649 2211 fi
1670 2173 1780 2219 fides,

396 2238 583 2289 majorem
605 2237 678 2274 tibi
700 2235 835 2281 habui,
854 2251 971 2288 quam
988 2250 1086 2288 pene
1107 2238 1175 2288 ipfi
1194 2237 1317 2276 mihi:
1342 2239 1367 2276 fi
1385 2239 1671 2290 providendum
1687 2239 1780 2285 fuit,

398 2317 445 2341 ne
466 2303 562 2355 quid
582 2303 708 2347 aliter,
740 2316 783 2340 ac
810 2303 885 2340 tibi
918 2313 955 2340 et
982 2301 1189 2340 honestum
1216 2313 1254 2341 et
1283 2303 1379 2341 utile
1407 2304 1512 2349 effer,
1545 2305 1778 2350 referretu1·;

398 2382 475 2407 non
498 2368 616 2405 habui
639 2368 704 2404 cui
724 2369 856 2420 potius
878 2368 917 2406 id
940 2369 1089 2420 negotii
1109 2369 1254 2414 darem,
1287 2383 1406 2421 quam
1431 2370 1497 2407 cui
1527 2370 1629 2408 dedi.
1676 2371 1782 2408 Illud

397 2433 557 2487 quidem
593 2443 697 2470 certe
730 2432 878 2471 faCtum
913 2434 979 2480 est,
1021 2434 1127 2487 quod
1163 2434 1224 2473 lex
1254 2435 1433 2486 jubebat,
1476 2445 1519 2473 ut
1553 2435 1655 2488 apud
1689 2436 1780 2473 duas

481 2502 617 2538 ToM.
651 2499 745 2538 VII.
1444 2501 1512 2550 Q
