2351 2997
537 280 584 318 16
907 275 1592 315 EPISTOLARUM

532 378 727 423 debuisti3
760 390 886 430 neque
906 377 953 414 de
972 378 1010 415 vi
1033 375 1190 420 nefaria,
1222 388 1298 426 qua
1318 388 1410 412 cum
1440 374 1555 412 fratre
1576 387 1680 412 eram
1701 372 1818 411 domo
1839 386 1909 411 ex-

531 445 680 498 pulsus,
712 457 838 494 neque
858 442 1017 480 hercule
1037 442 1077 478 in
1099 441 1146 478 iis
1168 441 1255 492 ipfis
1278 440 1406 484 rebus,
1436 453 1535 492 quae,
1558 452 1782 492 quanquam
1802 448 1910 477 erant

531 509 633 548 mihi
660 518 818 562 propter
845 508 899 545 rei
926 507 1128 545 familiaris
1162 505 1361 556 naufragia
1392 505 1616 549 necessariae,
1648 514 1778 542 tamen
1804 518 1824 541 a
1848 517 1912 542 me

529 576 689 614 minimi
710 574 947 627 putabantur
967 574 1009 611 in
1037 573 1133 610 meis
1155 572 1321 616 damnis,
1353 585 1400 609 ex
1424 571 1648 609 auctoritate
1676 571 1826 608 senatus
1848 583 1910 607 re-

530 641 753 685 sarciendis,
785 654 869 678 eam
903 640 1161 682 voluntatem,
1193 651 1312 690 quam
1346 639 1600 689 expectatam,
1636 635 1909 689 praestiterunt.

532 709 630 759 Qae
661 720 754 744 cum
783 706 969 749 viderem,
1005 706 1150 757 (neque
1179 704 1286 740 enim
1315 711 1423 740 erant
1456 702 1634 751 obscura)
1672 715 1751 739 non
1781 710 1911 738 tamen

531 781 611 811 tam
632 772 767 810 acerba
787 771 888 809 mihi
907 770 990 809 haec
1018 769 1260 813 accidebant,
1292 782 1411 820 quam
1443 777 1550 805 erant
1581 767 1648 804 illa
1674 776 1794 819 grata,
1826 779 1912 818 quae

531 838 717 876 fecerant.
751 839 901 889 Itaque,
925 849 1150 889 quanquam
1171 844 1208 872 et
1230 834 1419 886 Pompeio
1441 834 1674 885 plurimum,
1698 843 1734 870 te
1750 832 1913 884 quidem

532 904 615 956 ipso
636 903 885 956 praedicatore
905 916 947 940 ac
975 901 1081 946 teste,
1113 901 1317 944 debebam,
1349 909 1387 936 et
1414 913 1503 936 eum
1532 913 1609 936 non
1638 898 1764 935 solum
1791 898 1911 935 bene-

530 969 648 1014 ficio,
680 969 743 1006 sed
777 982 906 1006 amore
940 968 1083 1011 etiam,
1115 975 1153 1004 et
1186 975 1374 1018 perpetuo
1410 964 1580 1016 quodam
1609 963 1762 1015 judicio
1795 976 1910 1006 meo,

530 1035 772 1087 diligebam3
806 1043 935 1072 tamen
963 1047 1041 1070 non
1070 1042 1251 1084 reputans
1279 1031 1375 1082 quid
1402 1031 1468 1066 ille
1495 1030 1626 1072 vellet,
1658 1030 1699 1065 in
1726 1028 1912 1066 omnibus

530 1101 627 1138 meis
657 1100 857 1137 sententiis
885 1099 931 1136 de
958 1097 1160 1149 republica
1186 1096 1356 1148 pristinis
1389 1094 1678 1146 permanebam.
1720 1095 1821 1145 Ego,
1853 1093 1912 1130 se-

531 1166 646 1204 dente
675 1166 751 1203 Cn.
777 1165 980 1216 Pompeio,
1012 1176 1119 1206 cum,
1152 1171 1196 1199 ut
1227 1160 1398 1198 laudaret
1431 1161 1474 1198 P.
1499 1160 1692 1203 Sextium,
1723 1157 1913 1196 introiffet

529 1233 571 1270 in
594 1232 746 1275 urbem,
778 1230 1009 1281 dixissetque
1031 1229 1133 1266 testis
1156 1228 1353 1270 Vatinius,
1385 1240 1461 1270 me,
1491 1225 1648 1263 fortuna
1667 1234 1706 1262 et
1725 1224 1914 1262 felicitate

532 1298 581 1335 C.
607 1296 763 1334 Caesaris
785 1303 1049 1338 commotum,
1082 1293 1141 1330 illi
1163 1293 1337 1329 amicum
1357 1290 1428 1328 effe
1448 1290 1617 1342 coepiffe,
1641 1290 1723 1327 dixi
1744 1304 1806 1327 me
1827 1303 1912 1327 eam

531 1363 667 1401 Bibuli
689 1362 902 1406 fortunam,
934 1373 1053 1412 quam
1074 1359 1141 1397 ille
1161 1357 1344 1396 afflictam
1365 1366 1531 1410 putaret,
1563 1357 1745 1394 omnium
1767 1357 1910 1393 trium-

531 1429 620 1482 phis
653 1427 901 1480 victoriisque
933 1425 1149 1464 anteferre:
1183 1424 1359 1476 dixique,
1390 1423 1527 1461 eodem
1560 1422 1665 1466 teste,
1697 1422 1773 1459 alio
1805 1422 1908 1466 loco,

530 1495 685 1532 eosdem
705 1493 791 1537 effe,
813 1493 883 1544 qui
904 1491 1094 1529 Bibulum
1115 1491 1219 1528 exire
1240 1489 1357 1527 domo
1379 1487 1678 1540 prohibuissent,
1700 1496 1737 1525 et
1759 1488 1826 1539 qui
1848 1501 1912 1525 me

531 1560 755 1612 coegiffent.
793 1560 898 1596 Tota
917 1571 1007 1596 vero
1028 1556 1281 1608 interrogatio
1302 1568 1387 1593 mea
1407 1553 1508 1592 nihil
1529 1552 1669 1591 habuit
1689 1553 1809 1598 aliud,
1841 1553 1912 1590 nisi

532 1625 869 1678 reprehensionem
890 1623 998 1660 illius
1021 1623 1270 1665 tribunatu53
1303 1622 1343 1658 in
1371 1633 1449 1672 quo
1476 1620 1608 1656 omnia
1631 1618 1730 1656 dieca
1750 1618 1839 1656 sunt
1859 1618 1912 1655 li-

532 1693 679 1729 bertate
699 1691 909 1741 animoque
936 1689 1126 1733 maximo,
1157 1687 1204 1724 de
1235 1687 1287 1730 vi,
1321 1686 1367 1723 de
1399 1685 1594 1737 auspiciis,
1626 1684 1672 1721 de
1703 1683 1913 1721 donatione

531 1770 757 1810 regnorum.
804 1755 947 1807 Neque
980 1767 1070 1791 vero
1104 1752 1177 1790 hac
1208 1753 1250 1790 in
1282 1751 1391 1789 causa
1422 1750 1565 1794 modo,
1597 1749 1660 1786 sed
1694 1748 1913 1786 constanter

530 1824 627 1875 saepe
657 1823 698 1859 in
725 1822 872 1859 senatu.
916 1819 1028 1870 Qin
1048 1819 1181 1862 etiam,
1214 1817 1450 1854 Marcellino
1471 1825 1508 1853 et
1530 1815 1716 1866 Philippo
1737 1814 1911 1851 consuli-

531 1890 620 1933 bus,
652 1886 766 1925 nonis
787 1885 938 1937 Aprilis
958 1883 1059 1921 mihi
1080 1883 1132 1921 est
1160 1882 1308 1920 senatus
1337 1881 1513 1924 affensus,
1546 1889 1589 1917 ut
1610 1879 1656 1916 de
1676 1892 1767 1930 agro
1789 1880 1911 1916 Cam-

488 1940 492 1944 *
532 1966 648 2006 pano,
678 1950 877 2003 frequenti
909 1949 1055 1993 senatu,
1086 1947 1217 1985 idibus
1250 1946 1366 1991 Maii,
1397 1944 1617 1983 referretur.
1661 1945 1775 1982 Num
1799 1944 1912 1996 potui

531 2019 656 2070 magis
678 2018 719 2054 in
739 2029 867 2053 arcem
887 2015 994 2052 illius
1017 2014 1134 2051 causae
1154 2012 1346 2056 invadere,
1378 2021 1443 2049 aut
1465 2011 1588 2062 magis
1610 2009 1788 2047 oblivisci
1810 2019 1912 2047 tem-

532 2098 675 2137 porum
706 2095 900 2126 meorum,
936 2079 1153 2118 meminiffe
1184 2079 1413 2116 actionum?
1451 2078 1538 2114 Hac
1572 2089 1592 2113 a
1626 2089 1688 2113 me
1722 2075 1912 2112 sententia

531 2150 647 2194 dieta,
679 2160 843 2199 magnus
871 2147 1094 2183 animorum
1120 2143 1243 2181 sactus
1265 2143 1317 2180 est
1337 2151 1483 2186 motus,
1516 2155 1608 2179 cum
1628 2154 1778 2185 eorum,
1811 2153 1912 2192 quo-

533 2229 622 2253 rum
656 2213 846 2265 oportuit,
879 2220 965 2249 tum
1000 2211 1162 2248 illorum
1194 2211 1325 2253 etiam,
1359 2221 1528 2260 quorum
1561 2219 1763 2258 nunquam
1796 2215 1911 2257 puta-

533 2294 630 2318 ram.
675 2280 796 2323 Nam,
827 2277 903 2315 hoc
931 2275 1288 2314 senatus-consulto
1315 2275 1355 2311 in
1384 2287 1511 2310 meam
1539 2272 1767 2309 sententiam
1796 2270 1911 2315 fatfto,

533 2344 761 2397 Pompeius,
798 2356 891 2381 cum
924 2341 1026 2380 mihi
1060 2340 1163 2378 nihil
1196 2339 1413 2377 ostendisset
1448 2338 1483 2375 se
1517 2337 1588 2374 effe
1623 2336 1835 2381 offensum,
1871 2337 1913 2373 in

534 2411 765 2454 Sardiniam,
797 2418 835 2447 et
855 2410 896 2446 in
917 2407 1110 2451 Africam,
1142 2405 1338 2458 profectus
1361 2405 1426 2449 est,
1458 2418 1581 2456 eoque
1602 2404 1739 2440 itinere
1761 2403 1912 2439 Lucam

533 2477 581 2515 ad
602 2476 790 2515 Caesarem
810 2475 932 2513 venit.
966 2474 1028 2512 Ibi
1048 2472 1174 2510 multa
1194 2472 1239 2509 de
1261 2484 1345 2509 mea
1366 2471 1553 2508 sententia
1574 2468 1728 2520 questus
1750 2467 1801 2504 est
1823 2468 1910 2504 Cae-

533 2543 603 2589 sar,
621 2543 769 2596 quippe
789 2542 857 2594 qui
878 2541 996 2580 etiam
1017 2540 1210 2578 Ravennae
1233 2537 1408 2575 Crafl'um
1429 2545 1515 2574 ante
1537 2534 1700 2579 vidiffet,
1723 2533 1769 2571 ab
1790 2546 1912 2584 eoque
