2351 2997
551 282 625 334 376
896 275 1580 316 EPISTOLARUM

550 378 619 430 qui
640 389 702 414 me
723 388 815 413 cum
838 382 1021 417 tutorem,
1050 381 1135 410 tum
1155 372 1271 409 etiam
1295 370 1506 408 secundum
1529 369 1725 414 heredem,
1748 368 1926 408 institue-

550 443 613 480 rit.
648 443 745 493 Ejus
767 440 849 477 filio
871 439 967 475 mire
988 436 1170 479 studioso,
1202 445 1239 472 et
1260 435 1427 478 erudito,
1449 444 1488 472 et
1507 434 1694 479 modesto,
1720 436 1927 486 pecuniam

550 506 768 545 Nicaeenses
796 502 982 555 grandem
1012 501 1169 545 debent,
1201 500 1247 537 ad
1281 500 1372 537 H-S
1405 500 1600 550 oerogies;
1632 508 1684 544 et,
1721 509 1765 537 ut
1796 500 1924 544 audio,

551 574 591 610 in
619 571 756 623 primis
786 568 924 606 volunt
955 568 989 604 ei
1022 566 1178 603 solvere.
1228 566 1456 616 Pergratum
1489 565 1610 615 igitur
1641 563 1743 602 mihi
1774 563 1926 610 feceris,

548 635 706 688 quando
728 647 805 672 non
827 632 946 670 modo
967 631 1109 682 reliqui
1131 638 1292 674 tutores,
1315 630 1384 681 qui
1406 629 1533 666 sciunt
1554 629 1690 680 quanti
1711 641 1774 665 me
1794 628 1925 673 facias,

549 700 612 739 sed
633 700 750 737 etiam
771 711 866 750 puer
887 696 965 748 ipse
986 696 1055 733 fibi
1076 694 1270 747 persuasit,
1295 702 1330 730 te
1350 693 1483 730 omnia
1503 706 1587 730 mea
1607 692 1717 730 causa
1736 691 1930 731 facturum

549 766 635 810 ess'e,
668 765 693 802 fi
724 763 872 801 dederis
902 775 1073 814 operam,
1105 760 1233 812 quoad
1264 768 1329 796 tua
1357 758 1450 795 fides
1482 757 1725 809 dignitasque
1747 757 1928 809 patietur,

551 841 596 869 ut
616 844 734 882 quam
755 829 972 881 plurimum
994 826 1168 879 pecuniae
1199 825 1341 863 Pinnio
1371 823 1539 861 solvatur
1563 823 1826 862 Nicaeenfium
1857 837 1928 861 no-

550 897 672 935 mine.
706 896 816 934 Vale.

756 1096 818 1133 Μ.
853 1097 904 1133 T.
940 1096 987 1132 C.
1023 1094 1067 1131 P.
1101 1093 1295 1133 SILIO,
1339 1090 1559 1127 PROPR.
1603 1089 1639 1126 S.
1672 1090 1726 1126 D.

551 1227 684 1265 LXII.
713 1224 827 1295 ET
859 1224 899 1261 in
923 1222 1038 1262 Atilii
1061 1219 1218 1271 negotio
1240 1228 1276 1256 te
1297 1219 1439 1256 amavi:
1464 1231 1556 1256 cum
1577 1219 1684 1255 enim
1706 1217 1786 1255 sero
1807 1217 1931 1255 venis-

809 1290 901 1333 sem,
921 1297 1049 1326 tamen
1071 1285 1277 1323 honestum
1298 1284 1473 1335 equitem
1495 1285 1721 1321 Romanum
1744 1282 1935 1320 beneficio

553 1369 622 1397 tuo
643 1357 862 1396 conservavi
880 1371 887 1393 :
921 1364 958 1392 et
979 1352 1202 1392 mehercule
1224 1351 1371 1402 semper
1392 1350 1442 1387 fic
1464 1352 1503 1387 in
1525 1350 1659 1387 animo
1676 1349 1812 1393 habui,
1836 1358 1871 1386 te
1893 1349 1933 1386 in

553 1439 642 1463 meo
663 1437 732 1462 aere
754 1422 823 1459 effe
846 1430 1002 1473 propter
1024 1418 1169 1456 Lamiae
1200 1415 1317 1454 nostri
1347 1416 1667 1466 conjunctionem
1696 1423 1734 1451 et
1763 1414 1933 1465 fingula-

553 1505 634 1528 rem
658 1487 989 1527 necessitudinem.
1028 1485 1165 1534 Itaque
1186 1482 1359 1534 primum
1382 1480 1455 1517 tibi
1476 1493 1547 1531 ago
1567 1479 1722 1531 gratias,
1745 1478 1852 1530 quod
1872 1492 1936 1517 me

552 1556 662 1593 omni
683 1551 857 1591 molestia
878 1551 1015 1588 liberas
1033 1565 1041 1586 ;
1075 1546 1213 1585 deinde
1234 1545 1479 1597 impudentia
1498 1544 1723 1596 prosequor,
1746 1543 1808 1580 sed
1829 1544 1934 1582 idem

553 1621 735 1663 sarciam;
759 1626 795 1654 te
815 1616 921 1653 enini
943 1614 1090 1665 semper
1111 1612 1159 1649 fic
1180 1611 1307 1648 colam
1325 1619 1363 1647 et
1384 1609 1536 1653 tuebor,
1559 1617 1603 1646 ut
1623 1621 1743 1659 quem
1763 1607 1934 1659 diligen-

554 1687 708 1724 tiffime.
755 1683 955 1733 Qintum
989 1679 1149 1717 fratrem
1181 1690 1329 1721 meum,
1362 1676 1387 1713 s1
1418 1689 1480 1713 me
1515 1674 1663 1726 diligis,
1694 1687 1740 1711 eo
1771 1687 1935 1712 numero

554 1766 646 1790 cura
667 1760 709 1788 ut
731 1749 884 1792 habeas,
903 1760 981 1798 quo
1003 1759 1078 1784 me.
1113 1745 1172 1783 Ita
1191 1756 1382 1796 magnum
1399 1742 1635 1781 beneficium
1657 1749 1771 1779 tuum
1792 1753 1935 1792 magno

553 1817 717 1871 cumulo
738 1814 902 1853 auxeris.
937 1811 1047 1850 Vale.

719 2015 782 2053 M.
815 2015 868 2052 T.
903 2014 951 2051 C.
986 2012 1259 2054 P.51L10‚
1302 2010 1522 2047 PROPR.
1566 2009 1603 2046 S.
1638 2008 1682 2047 P.
1715 2009 1770 2046 D.

556 2145 710 2185 LXIII.
737 2141 821 2215 N
835 2143 870 2180 O
885 2143 925 2180 N
948 2141 1079 2194 putavi
1102 2140 1185 2178 fieri
1206 2138 1322 2192 posse,
1342 2147 1384 2175 ut
1405 2137 1506 2182 mihi
1527 2137 1642 2175 verba
1663 2136 1850 2174 deessent:
1876 2134 1938 2172 sed

852 2218 981 2245 tamen
1002 2207 1042 2244 in
1065 2208 1113 2243 C.
1131 2205 1266 2243 Laenio
1287 2203 1599 2241 commendando
1616 2202 1767 2240 desunt.
1801 2202 1938 2251 Itaque

556 2290 637 2315 rem
659 2276 733 2313 tibi
754 2287 947 2327 exponam
968 2272 1101 2325 paucis
1122 2270 1263 2313 verbis,
1292 2269 1354 2306 sed
1375 2278 1502 2306 tamen
1526 2277 1569 2306 ut
1591 2269 1703 2320 plane
1724 2266 1938 2319 perspicere

556 2342 670 2395 possis
692 2341 934 2379 voluntatem
956 2351 1098 2376 meam.
1147 2334 1383 2373 Incredibile
1414 2334 1481 2379 est,
1513 2334 1650 2385 quanti
1681 2332 1867 2370 faciamus
1899 2340 1938 2367 et

556 2422 643 2461 ego,
675 2416 713 2444 et
733 2406 850 2444 frater
871 2418 995 2449 meus,
1027 2403 1096 2455 qui
1117 2400 1218 2438 mihi
1239 2400 1451 2438 cariffimus
1471 2400 1538 2444 est,
1571 2400 1634 2437 M.
1660 2398 1854 2436 Laenium.
1894 2395 1939 2433 Id

557 2473 602 2511 fit
623 2486 715 2511 cum
738 2471 918 2524 plurimis
940 2471 1022 2521 ejus
1043 2467 1199 2510 officiis,
1232 2474 1317 2502 tum
1346 2465 1497 2502 summa
1523 2464 1716 2517 probitate
1743 2472 1780 2500 et
1806 2463 1937 2512 fingu-

556 2539 627 2578 lari
650 2537 848 2577 modestia.
882 2537 989 2574 Eum
1009 2547 1081 2587 ego
1101 2545 1123 2571 a
1141 2545 1205 2571 me
1225 2530 1474 2569 invitiffimus
1497 2529 1639 2574 dimisi,
1671 2541 1761 2567 cum
1783 2534 1941 2580 propter
