2351 2997
642 244 735 281 AD
794 241 1260 281 FAMILIARES
1322 243 1452 282 LIB.
1500 246 1554 283 ΙΙ.
1751 263 1801 302 45

411 472 474 510 M.
495 473 547 510 T.
574 473 622 510 C.
648 473 750 510 ΙΜΡ.
777 474 984 511 CANINIO
1009 474 1273 512 SALLUSTIO
1298 475 1645 524 PROQJAEsToRi
1680 478 1716 516 S.
1744 479 1796 517 D.

408 601 544 639 XVII.
563 601 706 673 LIT
721 603 752 639 E
768 603 802 639 R
817 603 851 639 A
866 603 887 639 S
919 615 938 638 a
961 610 996 639 te
1017 600 1119 638 mihi
1140 601 1256 639 stator
1276 612 1366 642 tuus
1390 605 1557 644 reddidit
1579 607 1686 644 Tarfi
1710 618 1798 646 ante

659 667 763 704 diem
783 681 875 705 xvr.
896 667 974 705 kal.
1000 667 1179 705 Sextiles.
1214 668 1291 705 His
1308 683 1400 721 ergo
1417 671 1568 716 ordine,
1592 682 1634 709 ut
1654 673 1796 713 videris

406 733 520 777 velle,
554 733 807 786 respondebo.
848 734 908 770 De
930 733 1139 770 succeffore
1160 747 1248 771 meo
1270 735 1369 772 nihil
1393 737 1538 782 audivi,
1562 752 1632 775 nec
1655 753 1796 790 quem-

408 811 526 849 quam
548 798 630 837 fore
651 798 830 836 arbitror.
878 800 989 850 Qin
1020 798 1067 835 ad
1098 799 1202 836 diem
1233 799 1432 846 decedam,
1466 803 1574 840 nulla
1599 804 1708 841 causa
1728 805 1795 850 est,

407 864 621 915 praesertim
652 864 804 902 sublato
836 874 944 902 metu
978 864 1177 903 Parthico.
1224 867 1575 907 Commoraturum
1608 883 1671 907 me
1703 872 1795 908 nus—

407 943 526 981 quam
559 930 644 967 sane
679 930 872 968 arbitror:
906 930 1114 975 Rhodum,
1147 932 1389 970 Ciceronum
1423 934 1535 972 causa
1567 948 1794 987 puerorum,

405 995 645 1033 acceffurum
675 1004 800 1047 put03
834 1009 960 1048 neque
990 995 1030 1033 id
1061 1004 1191 1034 tamen
1223 1007 1392 1048 certum.
1438 999 1503 1036 Ad
1535 999 1674 1038 urbem
1706 1003 1796 1040 volo

406 1074 525 1113 quam
545 1061 721 1113 primum
742 1061 900 1106 venire3
934 1061 996 1099 sed
1019 1070 1148 1099 tamen
1176 1062 1250 1099 iter
1269 1077 1405 1102 meum
1426 1065 1652 1117 reipublicae
1674 1077 1711 1105 et
1733 1082 1794 1106 re-

404 1141 494 1165 rum
516 1128 752 1166 urbanarum
772 1128 871 1165 ratio
891 1128 1142 1180 gubernabit.
1176 1129 1373 1168 Succeffor
1389 1140 1479 1169 tuus
1496 1146 1576 1170 non
1596 1134 1722 1185 potest
1742 1135 1796 1173 ita

404 1203 597 1232 maturare
619 1194 702 1232 ullo
719 1193 852 1239 modO,
871 1203 914 1232 ut
937 1203 979 1232 tu
1000 1209 1063 1232 me
1084 1195 1125 1232 in
1147 1195 1236 1233 Afia
1255 1197 1370 1248 poffis
1391 1199 1615 1238 convenire.
1649 1201 1711 1239 De
1732 1215 1793 1239 ra-

402 1259 579 1297 tionibus
602 1259 829 1304 referendis,
862 1273 940 1297 non
961 1269 1040 1298 erat
1061 1260 1364 1300 incommodum
1387 1271 1423 1301 te
1448 1264 1599 1303 nullam
1621 1265 1790 1312 referre;

402 1338 523 1378 quam
553 1325 628 1363 tibi
658 1325 794 1364 scribis
824 1339 844 1363 a
874 1326 1019 1364 Bibulo
1049 1325 1133 1364 fieri
1156 1327 1401 1379 potestatem.
1450 1330 1522 1367 Sed
1543 1331 1583 1368 id
1605 1332 1669 1370 vix
1691 1333 1793 1372 mihi

402 1392 545 1429 videris
578 1405 644 1444 per
676 1392 805 1444 legem
835 1392 985 1443 Juliam
1017 1391 1143 1430 facere
1174 1393 1305 1445 poffe:
1339 1408 1457 1446 quam
1491 1397 1657 1436 Bibulus
1689 1410 1794 1438 certa

402 1459 570 1511 quadam
592 1459 739 1496 ratione
760 1472 839 1497 non
865 1458 1000 1504 servat,
1034 1459 1108 1496 tibi
1137 1472 1373 1513 magnopere
1394 1461 1616 1502 servandam
1637 1466 1788 1506 censeo.

402 1526 522 1577 Qod
543 1526 694 1571 scribis,
727 1527 902 1578 Apamea
922 1525 1143 1578 praesidium
1163 1526 1304 1565 deduci
1328 1542 1405 1566 non
1426 1531 1651 1582 oportuisse,
1680 1532 1790 1571 vide-

401 1591 492 1629 bam
522 1591 628 1629 idem
658 1601 814 1629 caeteros
845 1591 1091 1636 existimare3
1125 1592 1363 1646 molesteque
1394 1593 1567 1634 ferebam
1600 1597 1647 1635 de
1678 1611 1720 1635 ea
1752 1613 1792 1637 re

401 1659 534 1695 minus
556 1658 786 1696 commodos
809 1658 1002 1696 sermones
1028 1658 1314 1698 malevolorum
1343 1659 1468 1700 fuiffe.
1516 1662 1652 1701 Parthi
1683 1674 1789 1702 tran·-

400 1722 546 1768 fierint,
570 1737 705 1768 necne,
728 1732 866 1775 praeter
888 1732 939 1769 te,
962 1723 1074 1761 video
1095 1723 1273 1762 dubitare
1294 1726 1508 1765 neminem.
1542 1729 1679 1781 Itaque
1698 1744 1788 1769 om-

400 1789 465 1825 nia
484 1789 669 1840 praefidia,
690 1802 775 1840 quae
796 1802 937 1840 magna
957 1798 995 1826 et
1016 1788 1127 1826 firma
1148 1803 1383 1841 paraveram,
1406 1803 1631 1832 commotus
1652 1794 1787 1834 homi-

401 1867 499 1891 num
521 1867 599 1891 non
621 1854 743 1891 dubio
765 1854 954 1899 sermone,
987 1854 1129 1892 dimisi.
1177 1855 1364 1894 Rationes
1392 1858 1471 1895 mei
1497 1859 1694 1910 quaestoris
1717 1875 1788 1901 nec

397 1933 534 1957 verum
561 1919 639 1957 fuit
669 1933 733 1958 nie
767 1920 841 1958 tibi
874 1920 1044 1965 mittere,
1078 1934 1148 1958 nec
1178 1930 1306 1959 tamen
1335 1923 1664 1965 era1itconfe6'tae.
1712 1928 1787 1966 Eas

399 1998 469 2023 nos
502 1987 686 2038 Apameae
719 1985 910 2038 deponere
942 1986 1228 2038 cogitabamus.
1277 1988 1338 2025 De
1366 1988 1492 2040 praeda
1520 2004 1619 2036 mea,
1650 2002 1789 2045 praeter

398 2051 602 2103 quaestores
626 2051 808 2097 urbanos,
832 2052 870 2089 id
891 2051 958 2096 est,
981 2053 1176 2105 populum
1198 2054 1442 2100 Romanum,
1470 2058 1694 2097 teruncium
1715 2073 1787 2099 nec

398 2117 545 2168 attigit,
564 2131 634 2154 nec
652 2120 822 2156 maurus
843 2117 896 2155 est
917 2117 1139 2171 quisquam.
1173 2119 1375 2158 Laodiceae
1395 2135 1459 2159 me
1478 2123 1785 2178 praedes'accep-

399 2191 533 2220 turum
555 2183 721 2221 arbitror
742 2184 870 2221 omnis
892 2185 1068 2235 pecuniae
1089 2185 1273 2237 publicae,
1306 2195 1350 2224 ut
1379 2195 1417 2225 et
1447 2187 1549 2225 mihi
1577 2198 1615 2227 et
1635 2192 1786 2243 populo

398 2257 558 2286 cautum
575 2249 620 2287 fit
641 2249 718 2287 fine
735 2251 897 2288 veeturae
917 2250 1109 2302 periculo.
1144 2251 1263 2303 Qod
1286 2251 1421 2290 scribis
1438 2253 1484 2290 ad
1500 2267 1563 2292 me
1579 2255 1626 2293 de
1642 2256 1783 2295 drach-

397 2313 473 2351 mis
498 2326 718 2360 cccmoo3
752 2314 853 2353 nihil
884 2315 937 2353 est
967 2316 1073 2368 quod
1103 2317 1144 2354 in
1175 2317 1245 2355 isto
1274 2331 1414 2369 genere
1438 2319 1625 2372 cuiquam
1645 2322 1784 2374 poffim

397 2379 672 2418 commodare:
706 2382 835 2420 omnis
868 2382 974 2419 enim
1002 2383 1170 2435 pecunia
1203 2383 1257 2421 ita
1292 2386 1489 2430 tractatur,
1522 2396 1566 2423 ut
1592 2387 1732 2439 praeda,
1764 2403 1784 2426 a

397 2444 617 2497 praefeffi33
649 2459 734 2498 quae
754 2456 885 2486 autem
908 2447 1009 2486 mihi
1030 2449 1218 2488 attributa
1238 2449 1305 2495 est,
1337 2463 1357 2488 a
1377 2451 1576 2503 quaestore,
1608 2463 1778 2493 curetur.

397 2511 516 2563 Qod
538 2511 693 2564 quaeris‚
716 2513 812 2565 quid
832 2513 1053 2554 existimem
1073 2515 1120 2554 de
1141 2515 1381 2569 legionibuS,
1403 2530 1490 2569 quae
1511 2518 1671 2558 decretae
1692 2519 1780 2559 sunt
