2351 2997
604 261 679 314 366
948 260 1630 299 EPISTOLARUM

714 494 777 531 M.
811 494 863 530 T.
898 493 946 530 C.
980 493 1027 530 L.
1063 494 1403 529 CULLEOLO
1445 491 1619 530 PRoc.
1661 493 1699 530 S.
1733 492 1776 530 P.
1809 493 1863 531 D.

601 620 734 659 XLII.
761 618 1042 690 LUCIU.S
1074 618 1268 657 Lucceius
1299 632 1423 663 meus,
1455 617 1576 656 homo
1604 618 1786 657 omnium
1812 619 1976 671 gratiffi-

856 698 959 729 mus,
978 684 1161 723 mirificas
1184 684 1257 722 tibi
1278 684 1380 736 apud
1401 697 1463 721 me
1484 686 1622 735 gratias
1643 685 1738 736 egit,
1756 698 1848 722 cum
1869 685 1976 723 dice-

602 760 674 796 ret,
696 751 829 788 omnia
848 760 885 788 te
905 750 1206 788 cumulatissime
1225 759 1264 787 et
1284 750 1544 787 liberaliffime
1562 751 1878 802 procuratoribus
1901 751 1976 788 suis

601 816 829 868 pollicitum
849 816 934 854 effe.
968 817 1074 854 Cum
1093 816 1216 853 oratio
1237 824 1303 852 tua
1321 824 1401 852 tam
1420 815 1455 852 ei
1476 824 1582 866 grata
1600 814 1733 859 fuerit,
1751 828 1868 866 quarn
1888 829 1976 866 gra-

603 890 683 919 tam
703 894 785 918 rem
805 880 927 932 ipsam
947 881 1141 918 existimas
1163 879 1259 924 fore,
1291 893 1398 923 cum,
1430 889 1475 916 ut
1504 879 1626 932 spero,
1658 893 1743 931 quae
1774 880 1977 931 pollicitus

600 959 656 990 es,
678 945 842 983 feceris?
866 946 1044 983 Omnino
1064 945 1313 983 ostenderunt
1333 944 1549 989 Bulliones,
1567 944 1641 981 sese
1661 945 1834 982 Lucceio
1854 946 1977 983 Pom—

600 1012 679 1063 peii
700 1011 886 1049 arbitratu
907 1011 1180 1049 satisfacturos.
1227 1010 1300 1048 Sed
1320 1009 1570 1049 vehementer
1588 1023 1686 1061 opus
1707 1009 1760 1047 est
1779 1011 1908 1055 nobis,
1939 1020 1979 1049 et

601 1075 858 1120 voluntatem,
900 1085 940 1113 et
972 1077 1255 1120 aueloritatem,
1299 1084 1337 1113 et
1371 1075 1582 1126 imperium
1617 1083 1746 1118 tuum,
1782 1075 1976 1114 accedere.

600 1141 720 1193 Qod
753 1151 796 1179 ut
827 1141 958 1186 facias,
991 1151 1028 1179 te
1058 1142 1177 1179 etiam
1208 1151 1323 1192 atque
1353 1141 1471 1178 etiam
1505 1153 1613 1191 rogo.
1660 1139 1845 1192 Illudque
1876 1139 1976 1178 mihi

599 1205 856 1257 gratiffimu'm
877 1206 943 1250 est,
974 1206 1080 1258 quod
1108 1207 1163 1243 ita
1193 1206 1320 1243 sciunt
1350 1205 1512 1242 Lucceii
1543 1214 1824 1256 procuratores,
1856 1215 1895 1242 et
1925 1206 1979 1243 ita

602 1271 795 1309 Lucceius
817 1271 895 1323 ipse
920 1285 967 1309 ex
995 1271 1117 1309 literis
1148 1272 1240 1315 tuis,
1272 1283 1365 1323 quas
1393 1270 1439 1307 ad
1466 1283 1557 1307 eum
1586 1269 1734 1314 misisti,
1765 1270 1976 1315 intellexit,

600 1333 775 1372 hominis
797 1335 943 1373 nullius
965 1335 1066 1387 apud
1088 1344 1124 1372 te
1144 1336 1413 1373 au&oritatem
1442 1343 1508 1371 aut
1536 1335 1700 1385 gratiam
1729 1334 1852 1371 valere
1871 1335 1976 1386 plus,

601 1414 720 1451 quam
750 1414 891 1439 meam.
938 1401 984 1439 Id
1014 1409 1057 1438 ut
1088 1415 1126 1439 re
1157 1401 1391 1452 experiatur,
1422 1399 1566 1437 iterum
1593 1409 1631 1437 et
1652 1399 1786 1451 saepius
1809 1408 1846 1437 te
1866 1413 1975 1451 rogo.

602 1466 712 1504 Vale.

755 1665 818 1703 Μ.
852 1667 905 1704 Τ.
939 1665 1316 1716 C.QU1NT10
1357 1665 1574 1702 GALLO
1616 1664 1654 1702 S.
1686 1663 1732 1702 P.
1765 1662 1820 1702 D.

599 1794 753 1832 XLIII.
778 1792 890 1864 ET
905 1793 956 1829 SI
987 1792 1169 1844 plurimis
1187 1792 1299 1829 rebus
1321 1791 1429 1844 spero
1445 1792 1528 1830 fore
1544 1800 1587 1830 ut
1607 1792 1852 1845 perspiciam,
1870 1791 1977 1844 quod

873 1867 1001 1895 tamen
1017 1856 1255 1909 jampridem
1276 1855 1481 1909 perspicio,
1503 1870 1567 1895 me
1587 1871 1607 1895 a
1627 1866 1664 1894 te
1684 1857 1817 1902 amari,
1845 1866 1975 1894 tamen

599 1937 704 1961 nunc
729 1937 771 1960 ea
802 1922 912 1960 causa
937 1922 1011 1959 tibi
1038 1922 1163 1966 datur,
1195 1922 1236 1958 in
1267 1935 1343 1973 qua
1371 1920 1486 1959 facile
1516 1921 1704 1959 declarare
1733 1921 1846 1974 poffis
1868 1931 1977 1959 tuam

598 2002 689 2040 erga
717 2001 780 2025 me
810 1987 1137 2025 benevolentiam.
1184 1987 1231 2024 L.
1254 1987 1428 2038 Oppius,
1461 1987 1589 2024 Marci
1610 1986 1730 2031 filius,
1762 1986 1977 2025 Philomeli

599 2054 835 2105 negotiatur,
852 2051 974 2090 homo
995 2050 1095 2089 mihi
1115 2050 1334 2089 familiaris.
1366 2053 1471 2090 Eum
1493 2052 1567 2089 tibi
1588 2053 1703 2090 unice
1719 2051 1973 2096 commend03

599 2132 722 2170 eoque
743 2117 881 2169 magis,
913 2117 1019 2168 quod
1039 2130 1130 2154 cum
1151 2116 1280 2168 ipsum
1300 2115 1439 2168 diligo,
1472 2126 1557 2154 tum
1582 2117 1688 2169 quod
1709 2117 1864 2168 negotia
1884 2130 1976 2168 pro-

599 2192 709 2221 curat
730 2184 778 2220 L.
802 2182 962 2234 Egnatii
983 2182 1091 2227 Rufi,
1110 2195 1189 2234 quo
1209 2195 1380 2233 egouno
1401 2183 1531 2235 equite
1552 2183 1734 2220 Romano
1754 2181 1975 2219 familiaris—

600 2249 693 2287 fime
713 2257 815 2292 utor,
846 2257 884 2286 et
916 2249 984 2299 qui
1014 2261 1105 2285 cum
1133 2248 1416 2285 consuetudine
1444 2247 1688 2300 quotidiana,
1722 2257 1807 2285 tum
1835 2247 1975 2284 officiis

602 2314 783 2366 plurimis
816 2313 1089 2364 maximisque,
1126 2311 1226 2350 mihi
1261 2314 1493 2364 conjunCtus
1528 2312 1594 2350 est.
1642 2312 1821 2364 Oppium
1855 2312 1978 2363 igitur

601 2379 828 2432 praesentem
848 2387 892 2415 ut
912 2377 1065 2429 diligas,
1098 2378 1257 2429 Egnatii
1287 2377 1452 2415 absentis
1481 2391 1563 2415 rem
1585 2388 1629 2415 ut
1658 2386 1799 2422 tueare,
1831 2390 1937 2428 aeque
1958 2388 1978 2412 a

601 2455 639 2483 te
659 2453 764 2498 peto,
795 2457 838 2481 ac
859 2443 885 2481 fi
912 2456 997 2481 mea
1017 2443 1173 2495 negotia
1191 2442 1323 2480 effent.
1370 2443 1504 2480 Velim
1534 2443 1731 2481 memoriae
1763 2452 1836 2480 tuae
1868 2441 1976 2478 causa

601 2510 667 2548 des
688 2510 887 2548 literarum
907 2507 1072 2560 aliquid,
1094 2521 1179 2560 quae
1200 2507 1276 2546 tibi
1295 2508 1336 2545 in
1356 2508 1557 2559 provincia
1576 2507 1808 2546 reddantur:
1840 2505 1903 2543 sed
1923 2506 1975 2542 ita
