2351 2997
543 262 710 317 324⁵
886 267 1566 307 EPISTOLARUM

670 500 733 537 M.
767 501 819 537 T.
854 500 1093 537 C1cERo
1135 499 1179 535 P.
1213 499 1612 538 CORNIFICIO
1654 501 1786 540 S.D·„.

543 625 699 662 XXIII.
725 625 1007 696 OMNEM
1038 625 1307 664 conditionem
1328 626 1484 678 imperii
1505 627 1563 665 tui
1583 627 1802 679 statumque
1821 641 1918 680 pro-2

818 692 955 739 vincia:
975 690 1075 728 mihi
1097 691 1372 728 demonstravit
1393 692 1617 730 Stratorius.
1649 693 1684 729 O
1707 693 1832 730 multa
1851 693 1915 730 in-

542 755 758 794 tolerabilia
789 757 885 794 locis
919 756 1129 794 omnibus!
1164 756 1250 800 Sed,
1282 770 1360 808 quo
1392 766 1458 794 tua
1486 759 1608 809 major
1639 757 1823 809 dignitas,
1853 772 1912 802 eo,

541 834 626 871 quae
663 822 736 858 tibi
771 821 1008 866 acciderunt,
1045 822 1175 858 minus
1209 820 1378 858 ferenda.
1425 822 1565 873 Neque
1597 822 1717 867 enim,
1753 836 1838 874 quae
1872 832 1917 860 tu

542 895 699 937 propter
719 879 1031 938 magnitudinem
1053 896 1090 923 et
1111 886 1232 923 animi
1253 895 1290 923 et
1311 886 1460 936 ingenii
1487 886 1682 924 moderate
1708 886 1799 931 fers,
1830 901 1851 925 a
1879 896 1917 925 te

542 963 620 986 non
643 951 861 988 ulciscenda
881 950 983 995 sunt,
1014 951 1131 988 etiam
1152 951 1177 987 fi
1198 964 1277 987 non
1299 950 1386 988 sunt
1408 950 1586 988 dolenda.
1631 951 1703 987 Sed
1722 951 1805 988 haec
1825 952 1915 1003 pos-

541 1016 675 1054 terius.
722 1018 871 1053 Rerum
893 1016 1125 1055 urbanarum
1147 1017 1228 1053 aeta
1247 1016 1321 1052 tibi
1342 1017 1449 1053 mitti
1469 1025 1576 1053 certo
1596 1015 1687 1053 scio.
1732 1016 1851 1067 Qod
1875 1017 1916 1054 ni

540 1081 594 1117 ita
627 1090 818 1132 putarem,
850 1080 928 1132 ipse
960 1080 1250 1132 perscriberem,
1282 1081 1323 1117 in
1356 1080 1570 1132 primisque
1603 1079 1761 1118 Caesaris
1794 1081 1919 1118 Oeta-⁷

539 1146 643 1183 viani
664 1155 848 1184 conatum
867 1162 875 1184 ε
909 1146 954 1183 de
975 1159 1055 1198 quo
1075 1146 1325 1183 multitudini
1346 1145 1483 1183 fletum
1502 1146 1549 1183 ab
1570 1147 1748 1183 Antonio
1768 1147 1917 1184 crimen

538 1211 705 1256 videtur,
737 1222 781 1249 ut
810 1212 851 1248 in
878 1212 1085 1264 pecuniam
1111 1211 1364 1249 adolescentis
1392 1211 1587 1262 impetum
1615 1210 1786 1256 faceret;
1818 1225 1916 1263 pru-

540 1276 673 1314 dentes
694 1286 824 1314 autem
844 1286 881 1314 et
902 1277 997 1314 boni
1017 1277 1090 1314 viri
1110 1285 1148 1314 et
1169 1276 1334 1314 credunt
1354 1275 1516 1321 facium,
1534 1285 1572 1314 et
1592 1277 1772 1328 probant.
1806 1277 1917 1328 Qid

541 1343 710 1394 quaeris?
743 1355 882 1394 magna
902 1342 983 1394 spes
1013 1341 1065 1379 est
1092 1342 1132 1379 in
1153 1355 1225 1380 eo:
1258 1341 1360 1379 nihil
1380 1341 1448 1386 est,
1480 1342 1586 1393 quod
1612 1355 1691 1379 non
1717 1341 1915 1379 existime-

539 1417 604 1445 tur
630 1408 754 1445 laudis
785 1416 824 1445 et
854 1408 987 1458 gloriae
1019 1407 1128 1444 causa
1158 1406 1345 1444 facturus.
1390 1407 1589 1444 Antonius
1614 1416 1758 1451 autem,
1790 1406 1915 1444 noster

540 1474 759 1518 familiaris,
790 1483 898 1511 tanto
924 1473 960 1510 se
986 1473 1076 1510 odio
1102 1473 1173 1510 esse
1204 1473 1408 1524 intelligit,
1439 1482 1498 1518 ut,
1529 1486 1620 1510 cum
1652 1471 1915 1511 interfectores

542 1540 626 1576 suos
662 1539 769 1576 domi
803 1537 1157 1590 comprehenderit,
1189 1552 1270 1576 rem
1297 1537 1467 1590 proferre
1496 1552 1575 1575 non
1604 1538 1753 1576 audeat.
1799 1539 1850 1575 A.
1873 1538 1914 1575 d.

541 1618 606 1641 vri
641 1604 733 1641 Idus
768 1605 930 1641 Octobr.
965 1603 1226 1641 Brundusium
1252 1612 1420 1648 venerat,
1451 1602 1646 1655 profectus
1674 1603 1831 1640 obviam
1855 1603 1914 1640 le-

539 1670 723 1720 gionibus
760 1669 1027 1706 Macedonicis
1061 1678 1254 1720 quatuor5
1287 1682 1379 1720 quas
1413 1668 1483 1706 fibi
1514 1668 1721 1705 conciliare
1751 1669 1918 1720 pecunia

539 1735 749 1786 cogitabat,
780 1734 914 1786 easque
934 1735 979 1771 ad
1001 1735 1138 1772 urbem
1166 1734 1367 1779 adducere,
1399 1744 1437 1772 et
1465 1735 1505 1772 in
1533 1733 1749 1771 cervicibus
1777 1733 1913 1771 nostris

539 1801 742 1837 collocare.
790 1800 923 1837 Habes
953 1799 1121 1837 formam
1153 1799 1394 1851 reipublicae,
1425 1799 1453 1836 fi
1481 1799 1522 1836 in
1550 1798 1679 1836 castriS
1700 1798 1824 1850 potest
1843 1798 1914 1836 effe

539 1865 754 1916 respublica
772 1879 779 1902 ε
813 1865 853 1901 in
875 1877 951 1916 qua
971 1873 1078 1902 tuam
1099 1864 1226 1901 vicem
1246 1864 1342 1915 saepe
1362 1863 1489 1907 doleo,
1521 1863 1627 1914 quod
1648 1863 1798 1900 nullam
1824 1876 1915 1913 par-

540 1940 619 1967 tem
640 1943 707 1980 per
727 1938 877 1967 aetatem
898 1929 992 1966 sanae
1013 1937 1050 1966 et
1072 1928 1179 1966 salvae
1199 1928 1424 1979 reipublicae
1444 1927 1592 1978 gustare
1616 1926 1789 1978 potuisti.
1836 1928 1913 1964 At-

539 2008 615 2046 que
647 1993 806 2031 antehac
839 1993 999 2045 quidem
1032 1993 1177 2044 sperare
1211 1993 1346 2030 saltem
1379 1992 1549 2036 licebat3
1582 2005 1687 2029 nunc
1722 1991 1839 2028 etiam
1873 1991 1913 2028 id

539 2068 716 2111 ereptum
737 2059 802 2097 est.
836 2061 934 2110 Qae
955 2059 1060 2095 enim
1080 2059 1133 2096 est
1154 2058 1250 2110 spes,
1273 2072 1365 2095 cuin
1386 2059 1426 2095 in
1448 2058 1637 2095 concione
1657 2057 1783 2093 dicere
1803 2056 1913 2094 ausus

540 2127 584 2164 sit
606 2126 818 2169 Antonius,
851 2125 1066 2162 Canutium
1086 2124 1187 2176 apud
1208 2137 1271 2162 eos
1292 2124 1364 2161 fibi
1384 2124 1517 2161 locum
1539 2136 1720 2175 quaerere,
1752 2123 1914 2174 quibus,

539 2192 574 2229 se
595 2191 710 2235 salvo,
742 2191 850 2228 locus
872 2191 912 2227 in
933 2190 1089 2227 civitate
1109 2190 1179 2227 effe
1199 2203 1279 2227 non
1299 2189 1448 2241 pofi‘et?
1481 2189 1680 2240 Equidem
1699 2197 1737 2225 et
1757 2187 1854 2231 haec,
1876 2197 1914 2225 et

539 2256 670 2294 onmia
690 2269 774 2308 quae
800 2255 952 2293 homini
980 2254 1151 2292 accidere
1178 2255 1347 2307 poffunt,
1379 2254 1429 2291 fic
1458 2253 1553 2297 fero,
1586 2262 1628 2290 ut
1657 2252 1914 2304 philosophiae

538 2336 719 2375 magnam
740 2321 902 2359 habeam
923 2322 1101 2373 gratiam,
1133 2335 1218 2372 quae
1240 2334 1302 2358 me
1324 2333 1401 2357 non
1426 2319 1544 2357 modo
1574 2320 1620 2356 ab
1651 2318 1914 2356 sollicitudine

537 2389 711 2432 abducit,
735 2388 796 2425 sed
817 2388 933 2425 etiam
955 2396 1089 2424 contra
1109 2400 1243 2424 omnes
1264 2386 1431 2424 fortunae
1452 2386 1622 2438 impetus
1644 2393 1766 2422 armat
1784 2399 1793 2422 ε
1817 2384 1913 2421 tibi-

538 2468 613 2506 que
647 2453 751 2491 idem
785 2453 919 2490 censeo
952 2452 1190 2497 faciendum,
1222 2465 1308 2496 nec,
1339 2465 1360 2488 a
1394 2465 1472 2503 quo
1505 2451 1620 2502 culpa
1653 2450 1762 2494 absit,
1795 2449 1913 2500 quid-

536 2533 653 2572 quam
674 2520 714 2557 in
737 2519 847 2556 malis
871 2517 1169 2556 numerandum.
1217 2517 1288 2555 Sed
1309 2516 1391 2554 haec
1415 2526 1455 2554 tu
1479 2516 1633 2554 melius.
1682 2514 1912 2553 Stratorium
