2351 2997
614 248 705 285 AD
765 245 1226 284 FAMILIARES
1287 247 1418 284 LIB.
1466 249 1540 286 IX.
1695 263 1772 302 229

395 349 551 386 tractare
572 359 650 383 uno
670 345 804 383 mod0.
836 345 1006 383 Privatas
1028 345 1171 391 causas,
1193 355 1231 384 et
1252 360 1312 384 eas
1335 356 1484 392 tenues,
1507 347 1659 399 agimus
1680 348 1773 385 sub-

395 413 503 451 tilius
521 427 529 450 :
561 411 715 463 capitis,
738 421 802 448 aut
823 410 949 455 famae,
973 411 1120 449 scilicet
1140 413 1338 450 ornatius:
1362 413 1539 465 epistolas
1561 427 1650 450 vero
1672 427 1774 465 quo-

394 479 551 516 tidianis
573 478 698 515 verbis
720 487 849 515 texere
870 477 1052 516 solemus.
1086 478 1157 515 Sed
1180 488 1325 524 tamen,
1356 479 1412 517 mi
1434 480 1550 524 Paete,
1583 479 1679 531 quid
1702 480 1776 517 tibi

392 545 500 582 venit
531 544 571 581 in
604 552 777 581 mentem
810 556 961 595 negare,
994 544 1194 595 Papirium
1221 557 1461 596 quemquam
1482 559 1672 596 unquam,
1704 546 1774 583 nifi

393 609 609 661 plebeium,
640 608 782 646 fuiffe?
816 609 992 645 Fuerunt
1023 609 1129 645 enim
1161 610 1316 660 patricii
1347 610 1547 647 minorum
1577 611 1773 662 gentium,

392 688 563 726 quorum
585 674 765 726 princeps
788 675 835 710 L.
860 674 1036 724 Papirius
1059 674 1324 725 Mugillanus,
1357 675 1425 726 qui
1446 675 1581 712 consul
1603 689 1695 713 cum
1724 677 1772 714 L.

394 739 623 791 Sempronio
644 738 827 775 Atratino
847 737 939 782 fuit,
971 751 1064 775 cum
1084 746 1172 775 ante
1192 738 1327 775 censor
1347 752 1437 776 curn
1466 739 1602 776 eodem
1630 739 1772 784 fuisset,

393 803 504 842 annis
525 803 608 855 post
630 803 799 840 Romam
820 802 1020 840 conditam
1044 815 1217 841 cccxn.
1251 803 1323 840 Sed
1346 812 1431 841 tum
1454 804 1594 856 Papifii
1616 805 1774 842 diceba-

392 869 507 907 mini.
555 867 644 905 Post
670 867 792 912 hunc,
824 868 1012 905 tredecim
1033 868 1194 905 fuerunt
1215 868 1306 905 sella
1326 869 1454 906 curuli
1474 879 1562 907 ante
1584 871 1632 907 L.
1657 870 1774 922 Papi-

392 935 497 972 rium
520 933 710 978 Craffum,
732 933 801 985 qui
823 934 997 985 primum
1022 934 1191 985 Papifius
1213 933 1265 971 est
1285 935 1413 972 vocari
1434 935 1590 973 desitus.
1628 936 1666 972 Is
1687 936 1773 973 dic-

393 1008 495 1038 tator
521 1013 614 1037 cum
641 1000 690 1036 L.
715 999 869 1051 Papirio
896 999 1076 1043 Cursore,
1107 999 1290 1050 magistro
1321 1001 1517 1052 equitum,
1549 1000 1672 1038 fastus
1705 1001 1772 1046 est,

394 1066 503 1103 annis
525 1064 609 1117 post
630 1065 799 1102 Romam
821 1064 1020 1102 conditam
1044 1077 1232 1109 ccccxv,
1250 1074 1288 1102 et
1304 1065 1560 1117 quadriennio
1576 1066 1660 1118 post
1675 1080 1773 1104 con-

394 1131 452 1168 sul
473 1143 566 1168 cum
588 1130 635 1167 C.
660 1129 814 1167 Duilio.
847 1130 969 1166 Hunc
991 1129 1142 1167 secutus
1164 1129 1217 1167 est
1239 1130 1397 1175 Cursor,
1426 1129 1548 1168 homo
1567 1131 1676 1168 valde
1697 1130 1773 1169 ho-

392 1205 577 1234 noratus:
610 1194 749 1232 deinde
779 1196 828 1233 L.
861 1195 1001 1239 Maffo,
1033 1195 1244 1233 aedilitius:
1277 1196 1367 1233 inde
1398 1197 1518 1233 multi
1548 1196 1772 1235 Maffones:

392 1274 563 1314 quorum
579 1260 741 1311 quidem
762 1269 804 1297 tu
825 1260 1006 1298 omnium
1027 1260 1284 1312 patriciorum
1304 1262 1493 1313 imagines
1511 1261 1649 1299 habeas
1667 1263 1770 1301 volo.

392 1325 548 1364 Deinde
570 1325 766 1362 Carbones
792 1333 830 1361 et
851 1325 978 1361 Turdi
1011 1324 1284 1377 insequuntur.
1330 1327 1389 1364 Hi
1420 1327 1565 1379 plebeii
1596 1326 1772 1373 fuerunt,

392 1404 489 1444 quos
525 1399 750 1427 contemnas
786 1389 935 1427 censeo.
987 1390 1094 1428 Nam
1128 1400 1265 1442 praeter
1302 1391 1410 1429 hunc
1447 1394 1494 1430 C.
1534 1393 1773 1438 Carbonem,

392 1471 509 1509 quem
532 1455 789 1507 Damafippus
810 1455 971 1500 occidit,
1003 1456 1100 1493 civis
1127 1470 1146 1493 e
1173 1457 1375 1509 republica
1403 1458 1631 1496 Carbonum
1657 1472 1773 1497 nemo

391 1522 483 1560 fuit.
530 1521 801 1572 Cognovimus
835 1522 884 1558 C.
920 1521 1157 1566 Carbonem,
1194 1530 1232 1559 et
1263 1523 1345 1574 ejus
1377 1522 1538 1560 fratrem
1572 1523 1771 1562 scurram:

393 1588 489 1639 quid
509 1586 570 1624 his
599 1586 849 1637 improbius?
882 1586 944 1622 De
968 1585 1044 1623 hoc
1066 1587 1193 1624 amico
1214 1601 1316 1632 meo,
1350 1588 1510 1626 Rubriae
1539 1588 1638 1633 filio,
1670 1587 1773 1626 nihil

392 1653 495 1690 dico.
542 1652 640 1689 Tres
673 1650 733 1687 illi
760 1649 895 1687 fratres
917 1649 1038 1695 fuere,
1072 1652 1119 1688 C.
1145 1652 1221 1689 Cn.
1246 1652 1309 1690 M.
1334 1654 1548 1691 Carbones.
1594 1654 1772 1698 Marcus,

392 1718 438 1755 P.
474 1717 617 1754 Flacco
651 1714 865 1759 accusante,
898 1714 1194 1760 condemnatus,
1231 1715 1296 1753 fur
1329 1730 1494 1769 magnus
1526 1731 1574 1755 ex
1610 1718 1769 1756 Sicilia:

394 1782 527 1826 Caius,
558 1780 759 1818 accusante
781 1781 829 1818 L.
854 1780 999 1825 Crasso,
1031 1780 1273 1818 cantharidas
1302 1781 1496 1834 sumpfiffe
1527 1782 1686 1821 dicitur.
1734 1785 1771 1822 Is

391 1857 430 1886 et
464 1847 646 1885 tribunus
681 1845 807 1898 plebis
843 1846 1058 1891 seditiosus,
1094 1855 1132 1884 et
1167 1847 1212 1884 P.
1247 1847 1436 1885 Africano
1470 1849 1552 1886 vim
1587 1849 1772 1894 attuliffe,

392 1913 633 1951 existimatus
664 1911 730 1949 est.
778 1911 869 1948 Hoc
897 1924 1001 1956 ver0‚
1034 1911 1103 1963 qui
1135 1911 1292 1962 Lilybei
1320 1927 1340 1949 a
1360 1913 1549 1964 Pompeio
1571 1913 1699 1951 nostro
1719 1914 1773 1952 est

392 1977 633 2021 interfectus,
666 1977 884 2029 improbior
919 1991 1049 2022 nemo,
1083 1990 1171 2015 meo
1199 1977 1368 2029 judicio,
1404 1977 1496 2016 fuit.
1542 1979 1631 2029 Jam
1665 1989 1772 2030 pater

391 2045 489 2095 ejus,
525 2042 722 2080 accusatus
757 2055 777 2078 a
812 2042 875 2079 M.
911 2043 1102 2087 Antonio,
1144 2043 1288 2081 sutorio
1322 2053 1539 2082 atramento
1572 2044 1770 2082 absolutus

391 2116 564 2161 putatur.
609 2108 739 2158 Qare
758 2106 803 2144 ad
824 2115 948 2158 patres
970 2108 1105 2146 censeo
1126 2117 1325 2149 revertare.
1372 2109 1521 2148 Plebeii
1542 2122 1661 2161 quam
1680 2108 1771 2148 fue-

392 2174 471 2211 rint
492 2172 724 2224 importuni,
755 2172 876 2210 vides.
910 2172 1020 2211 Vale.
