2351 2997
524 301 603 341 442
872 278 1557 324 EPISTOLARUM

529 384 781 425 domicilium
817 383 870 422 est
904 382 1109 435 proprium
1142 380 1185 418 in
1214 378 1370 422 officio,
1392 377 1646 430 migrationes
1682 375 1723 414 in
1743 374 1915 414 alienum

530 451 682 489 multae.
715 449 820 487 Nam
841 458 879 486 et
900 448 1088 489 doctrina,
1110 454 1149 482 et
1169 444 1326 488 domus,
1348 451 1386 480 et
1406 455 1480 487 ars,
1511 451 1550 480 et
1571 455 1659 494 ager
1678 442 1797 480 etiam
1817 441 1915 479 fide·

532 517 582 555 lis
603 516 682 553 dici
702 513 839 567 potest,
872 521 915 550 ut
937 512 995 555 fit,
1024 508 1226 563 quomodo
1247 506 1519 560 Theophrasto
1540 507 1681 559 placet,
1702 507 1919 546 verecunda

533 580 701 619 tralatio.
734 577 805 615 Sed
826 576 908 615 haec
930 589 1076 614 coram.
1110 574 1338 612 Demetrius
1359 573 1465 611 venit
1486 571 1532 610 ad
1550 585 1633 610 me:
1657 586 1736 624 quo
1757 572 1918 625 quidem

534 645 725 683 comitatu
745 639 957 689 ἀφωμίλητοι
975 656 984 680 :
1017 640 1104 679 satis
1126 639 1213 677 scis.
1256 640 1322 677 Tu
1344 652 1435 677 eum
1454 637 1639 675 videlicet
1659 650 1738 676 non
1759 636 1919 690 potuisti

534 709 664 747 videre
683 723 692 747 :
725 721 806 746 cras
841 707 961 745 aderit
981 721 990 745 ε
1023 704 1173 744 videbis
1209 705 1345 756 igitur.
1391 704 1497 742 Nam
1518 716 1592 754 ego
1611 701 1706 740 hinc
1737 701 1920 754 perendie

534 787 649 814 mane
671 773 818 825 cogito.
850 771 1046 811 valetudo
1067 779 1133 809 tua
1153 783 1216 808 me
1238 769 1347 807 valde
1367 769 1552 807 sollicitat
1572 783 1580 806 ε
1614 767 1676 805 sed
1698 767 1852 812 inservi,
1881 774 1922 805 et

535 839 598 878 fac
619 839 778 878 omnia:
802 847 889 876 tum
911 847 948 875 te
969 849 1127 875 mecum
1147 834 1233 878 effe,
1256 844 1343 872 tum
1364 833 1465 872 mihi
1486 832 1787 872 cumulatiffime
1807 832 1919 870 satis-

536 904 662 945 facere
683 912 834 957 putato.
881 903 1029 954 Cuspio
1060 899 1168 953 quod
1188 912 1345 951 operam
1366 898 1519 943 dedisti,
1550 897 1651 936 mihi
1676 907 1832 950 gratum
1852 896 1918 937 est„

538 969 662 1008 Valde
682 970 789 1008 enim
809 969 891 1021 ejus
912 967 1022 1007 causa
1041 966 1143 1005 volo.
1177 964 1289 1003 Vale.

821 1166 1387 1208 TutrrusT1R0N1
1435 1165 1469 1203 S.
1506 1166 1551 1205 P.
1584 1166 1636 1203 D.

542 1297 690 1336 XVIII.
721 1296 794 1384 Q
812 1297 849 1334 U
868 1297 943 1335 ID
972 1296 1125 1348 igitur?
1156 1309 1235 1333 non
1267 1295 1317 1333 fic
1349 1296 1536 1347 oportet?
1568 1291 1767 1345 Equidem
1788 1292 1924 1330 censeo

825 1363 891 1407 sic,
923 1361 1143 1400 addendum
1163 1361 1295 1404 etiam,
1311 1361 1397 1412 βω.
1439 1359 1527 1404 Sed,
1560 1359 1585 1397 fi
1607 1358 1746 1410 placet,
1777 1357 1925 1395 invidia

541 1430 712 1467 vitetur:
745 1442 863 1480 quam
898 1427 1061 1480 quidem
1096 1440 1168 1478 ego
1203 1426 1298 1478 saepe
1332 1424 1564 1477 contempsi.
1609 1423 1708 1461 Tibi
1741 1415 1926 1474 ὢοιφόςησ-ιν

542 1494 691 1546 gaudeo
713 1493 909 1546 profuisse.
943 1494 981 1530 Si
1002 1505 1092 1530 vero
1111 1491 1227 1529 etiam
1249 1489 1539 1534 Tusculanum,
1569 1488 1626 1526 dii
1646 1487 1755 1530 boni,
1777 1495 1925 1538 quanto

544 1559 645 1596 mihi
666 1559 766 1596 illud
787 1559 859 1596 erit
880 1558 1087 1595 amabilius
1106 1557 1114 1593 l
1148 1556 1233 1598 Sed,
1265 1556 1291 1594 s1
1312 1569 1375 1592 me
1395 1568 1513 1599 amas,
1544 1552 1651 1606 quod
1677 1551 1838 1604 quidem
1859 1560 1925 1589 aut

544 1624 654 1669 facis,
686 1633 752 1662 aut
780 1623 951 1676 perbelle
973 1622 1127 1660 simulas
1146 1640 1158 1665 ς
1190 1620 1296 1672 quod
1319 1629 1447 1657 tamen
1470 1620 1509 1657 in
1532 1618 1696 1656 modum
1718 1616 1894 1668 procedit
1914 1631 1922 1654 :

544 1689 607 1727 sed
628 1699 672 1727 ut
691 1689 758 1733 est,
782 1688 943 1740 indulge
963 1686 1179 1724 valetudini
1200 1695 1300 1730 tuae;
1333 1685 1396 1722 cui
1418 1683 1579 1737 quidem
1601 1692 1644 1723 tu
1665 1681 1807 1725 adhuc,
1830 1681 1927 1719 dum

545 1754 646 1793 mihi
667 1754 846 1798 deservis,
866 1752 1009 1791 servisti
1030 1765 1108 1790 non
1131 1752 1233 1790 satis.
1266 1752 1322 1789 Ea
1344 1751 1439 1803 quid
1460 1749 1628 1803 postulet
1648 1761 1727 1786 non
1748 1747 1923 1799 ignoras:

544 1815 657 1869 πέψιν,
686 1816 841 1858 aiamim,
869 1812 1025 1856 wssc‘ffotslov
1044 1813 1229 1865 σύμμετρον,
1258 1811 1378 1864 τέρψιν,
1397 1813 1547 1850 εὐλυσίαν
1567 1811 1708 1851 κοιλίαις.
1740 1813 1817 1851 Fac
1840 1812 1926 1850 bel-

546 1886 607 1931 lus
634 1893 834 1922 revertare.
882 1883 977 1920 Non
999 1881 1118 1919 modo
1139 1889 1190 1924 te,
1221 1880 1284 1918 sed
1304 1881 1421 1918 etiarn
1444 1879 1714 1917 Tusculanum
1737 1878 1926 1921 nostrum,

549 1949 637 2001 plus
658 1961 799 1986 amem.
846 1945 1246 1988 Parhedrumexcsta,
1279 1954 1321 1981 ut
1343 1944 1502 1981 hortum
1525 1941 1603 1995 ipse
1624 1942 1817 1980 conducat
1836 1957 1845 1980 2
1878 1941 1927 1980 fic

547 2014 729 2052 olitorem
751 2012 877 2065 ipsum
899 2010 1184 2048 commovebis.
1215 2009 1361 2048 Helico
1382 2008 1634 2060 nequissimus
1653 2008 1745 2045 H-S
1764 2021 1836 2047 (310
1859 2007 1927 2044 da-

548 2081 628 2123 bat,
663 2078 774 2116 nullo
795 2077 925 2129 aprico
953 2075 1082 2119 horto,
1113 2075 1226 2113 nullo
1246 2073 1450 2117 emissario,
1482 2073 1589 2111 nulla
1610 2073 1788 2117 maceria,
1821 2072 1930 2110 nulla

548 2144 642 2181 casa.
691 2142 762 2180 Iste
797 2155 864 2179 nos
899 2151 1003 2179 tanta
1036 2140 1209 2193 impensa
1228 2139 1432 2178 derideat?
1465 2137 1610 2177 calface
1631 2137 1851 2181 hominem,
1885 2146 1928 2173 ut

549 2223 622 2261 ego
657 2208 718 2245 M.
743 2207 976 2244 Othonem:
1010 2206 1140 2258 itaque
1172 2204 1310 2243 abutor
1343 2205 1509 2243 coronis.
1563 2205 1625 2241 De
1656 2203 1800 2240 Crabra
1832 2202 1929 2254 quid

550 2284 697 2326 agatur,
716 2273 781 2310 etsi
804 2285 908 2309 nunc
929 2271 1090 2323 quidem
1111 2270 1229 2309 etiam
1251 2270 1421 2308 nimium
1442 2269 1495 2307 est
1515 2282 1636 2321 aquae,
1660 2278 1788 2305 tamen
1809 2267 1929 2304 velim

551 2340 659 2378 scire.
709 2338 975 2389 Horologium
1006 2337 1177 2381 mittam,
1210 2346 1247 2373 et
1279 2336 1415 2379 libros,
1447 2334 1473 2372 fi
1500 2335 1573 2372 erit
1594 2333 1747 2371 sudum.
1792 2331 1863 2370 Sed
1886 2341 1928 2369 tu

552 2403 731 2443 nullosne
752 2413 882 2440 tecum
909 2402 1065 2440 libellos
1086 2402 1098 2438 ?
1130 2414 1174 2438 an
1211 2401 1346 2453 pangis
1368 2399 1517 2452 aliquid
1540 2397 1802 2451 Sophocleum
1822 2398 1834 2434 ?
1867 2395 1929 2434 fac

550 2484 648 2523 opus
682 2477 872 2521 appareat.
922 2468 972 2506 A.
997 2467 1199 2519 LigurIus,
1232 2466 1388 2505 Caesaris
1410 2465 1630 2509 familiaris,
1661 2472 1839 2502 mortuus
1861 2461 1928 2505 est,
