2351 2997
537 258 615 312 438
883 256 1564 296 EPISTOLARUM

539 374 640 399 rum.
688 360 773 398 Nos
795 358 944 410 agimus
967 356 1067 394 nihil
1089 356 1244 408 cupide,
1275 370 1399 408 eoque
1419 356 1471 394 est
1493 356 1617 395 nostra
1636 355 1758 408 pluris
1779 358 1912 396 aucto-2

538 426 644 463 ritas.
691 423 810 462 Italiae
843 422 1017 473 regiones
1049 421 1247 471 descriptae
1280 420 1382 464 sunt,
1413 434 1531 470 quam
1566 421 1729 473 quisque
1761 432 1911 474 partem

538 499 725 530 tueretur.
772 489 858 526 Nos
881 487 1057 537 Capuam
1089 484 1335 536 sumpsimus.
1381 485 1479 522 Haec
1507 495 1543 523 te
1563 487 1657 524 scire
1678 486 1799 525 volui.
1845 489 1913 526 Tu

536 556 655 593 etiam
689 562 802 604 atque
837 551 955 588 etiam
984 562 1076 586 cura
1107 559 1150 587 ut
1180 549 1318 594 valeas,
1350 549 1556 602 literasque
1587 550 1633 588 ad
1666 564 1728 588 me
1762 552 1910 596 mittas,

538 618 848 671 quotiescunque
868 614 1029 653 habebis
1051 615 1115 652 cui
1135 615 1216 652 des.
1263 615 1396 652 Etiam
1427 624 1543 668 atque
1573 616 1692 653 etiam
1714 617 1812 655 vale.
1855 617 1911 655 D.

537 684 663 737 pridie
685 682 744 721 Id.
767 683 856 733 Jan.

782 882 846 920 M.
879 881 932 919 T.
966 882 1014 919 C.
1047 881 1273 917 T1RON1
1318 892 1418 917 suo
1461 880 1497 917 S.
1531 879 1576 917 P.
1609 880 1665 918 D.

535 1012 631 1051 XII.
747 1009 838 1046 UO
869 1008 910 1046 in
942 1006 1166 1045 discrimine
1195 1006 1363 1044 versetur
1394 1005 1492 1043 salus
1525 1018 1624 1050 mea,
1655 1014 1693 1044 et
1716 1005 1912 1045 bonorum

762 1075 959 1119 omnium,
989 1082 1105 1125 atque
1125 1072 1309 1110 universae
1331 1072 1570 1123 reipublicae,
1592 1084 1639 1108 ex
1659 1085 1705 1109 eo
1725 1071 1820 1109 scire
1838 1086 1912 1125 po—

534 1150 608 1186 tes,
640 1140 746 1193 quod
777 1140 913 1178 domos
944 1138 1102 1182 nostraS,
1133 1147 1172 1175 et
1202 1137 1367 1189 patriam
1398 1135 1535 1188 ipsam,
1567 1136 1628 1174 vel
1655 1136 1914 1188 diripiendam

533 1208 597 1246 vel
617 1205 936 1245 inflammandam
957 1204 1205 1256 reliquimus.
1252 1204 1298 1240 In
1318 1216 1409 1240 eum
1430 1202 1565 1240 locum
1585 1216 1642 1240 res
1664 1202 1826 1240 deducta
1845 1202 1913 1248 est,

535 1282 594 1318 ut,
626 1273 696 1310 nisi
733 1272 822 1324 quis
853 1271 946 1309 deus
978 1270 1039 1309 vel
1068 1269 1174 1306 casus
1206 1269 1346 1320 aliquis
1375 1268 1608 1313 subvenerit,
1640 1267 1732 1305 salvi
1752 1268 1823 1306 effe
1843 1282 1913 1306 ne·-

535 1351 739 1391 queamus.
784 1336 984 1388 Equidem
1014 1344 1058 1372 ut
1088 1335 1177 1372 veni
1206 1334 1252 1372 ad
1282 1333 1435 1378 urbem,
1467 1347 1545 1372 non
1573 1333 1700 1372 destiti
1725 1333 1856 1371 omnia
1875 1342 1915 1373 et

536 1404 689 1448 sentire,
721 1411 759 1441 et
790 1402 931 1446 dicere,
962 1410 1000 1439 et
1030 1399 1171 1445 facere,
1201 1413 1286 1452 quae
1310 1398 1356 1437 ad
1376 1398 1625 1436 concordiam
1645 1399 1914 1449 pertinerent:

535 1469 599 1506 sed
625 1468 748 1506 mirus
779 1466 965 1505 invaserat
995 1464 1105 1503 furor
1135 1477 1214 1502 non
1244 1463 1371 1501 solum
1392 1463 1598 1515 improbis,
1630 1461 1693 1499 sed
1713 1463 1827 1501 etiam
1850 1462 1913 1500 his

535 1536 607 1587 qui
626 1535 721 1572 boni
740 1533 948 1577 habentur,
980 1540 1024 1569 ut
1049 1544 1221 1583 pugnare
1249 1539 1451 1581 cuperent,
1483 1542 1545 1566 me
1575 1529 1781 1573 clamante,
1812 1527 1916 1566 nihil

536 1600 607 1638 effe
628 1599 733 1637 bello
753 1598 862 1636 civili
882 1597 1073 1635 miserius.
1121 1597 1258 1647 Itaque
1288 1608 1382 1633 cum
1415 1594 1539 1633 Caesar
1559 1593 1728 1631 amentia
1747 1593 1916 1645 quadam

535 1673 746 1717 raperetur,
777 1672 816 1701 et
839 1663 987 1700 oblitus
1010 1661 1180 1699 nominis
1202 1669 1317 1711 atque
1337 1659 1535 1698 honorum
1556 1658 1728 1703 suorum,
1760 1658 1914 1696 Arimi-

535 1745 648 1776 num,
686 1730 901 1773 Pisaurum,
942 1729 1163 1772 Anconam,
1204 1727 1421 1771 Arretium,
1462 1725 1735 1777 occupaviffet,
1775 1724 1916 1763 urbem

535 1797 794 1848 reliquimus:
827 1807 946 1847 quam
976 1793 1179 1845 sapienter,
1210 1801 1277 1830 aut
1306 1805 1423 1843 quam
1452 1790 1619 1835 fortiter,
1651 1789 1754 1828 nihil
1774 1790 1916 1828 attinet

533 1862 742 1914 disputare.
767 1862 859 1911 Qo
879 1859 1039 1910 quidem
1061 1859 1102 1896 in
1123 1858 1210 1896 casu
1231 1859 1362 1902 fimus,
1381 1857 1499 1895 vides.
1535 1858 1731 1894 Feruntur
1750 1856 1914 1893 omnino

535 1927 780 1965 conditiones
801 1926 848 1962 ab
869 1925 955 1969 illo,
987 1933 1030 1961 ut
1061 1924 1272 1976 Pompeius
1293 1932 1353 1960 eat
1382 1922 1423 1959 in
1451 1921 1710 1973 Hispaniam:
1743 1921 1912 1958 deleetus

534 1993 605 2045 qui
626 1992 714 2030 sunt
734 1990 875 2035 habiti,
906 1999 944 2027 et
964 1989 1134 2041 praesxdia
1155 1989 1292 2033 nostra,
1324 1987 1597 2025 dimittantur:
1631 1986 1666 2023 se
1688 1986 1914 2023 ulteriorem

538 2058 711 2096 Galliam
732 2055 928 2099 Domitio,
955 2055 1176 2092 citeriorem
1196 2053 1381 2091 Considio
1404 2053 1588 2091 Noniano
1611 2050 1691 2103 <his
1712 2051 1818 2088 enim
1839 2051 1913 2088 ob-

536 2122 728 2176 tigerunt)
753 2121 987 2159 traditurum
1008 2135 1016 2157 z
1049 2120 1095 2157 ad
1125 2119 1348 2157 consulatus
1379 2118 1612 2170 petitionem
1634 2116 1668 2153 se
1689 2125 1913 2162 venturum,

536 2203 662 2242 neque
695 2188 729 2225 se
755 2189 838 2240 jam
865 2186 977 2230 velle,
1010 2186 1164 2223 absente
1193 2186 1244 2230 se,
1276 2186 1465 2222 rationem
1486 2183 1620 2221 haberi
1641 2182 1724 2220 sui:
1758 2182 1793 2220 se
1813 2197 1912 2234 prae-

537 2257 684 2295 sentem
705 2253 980 2292 trinundinum
1002 2253 1232 2304 petiturum.
1276 2251 1514 2303 Accepimus
1545 2249 1818 2292 conditiones;
1851 2248 1914 2285 sed

537 2324 603 2367 ita,
635 2330 677 2359 ut
706 2328 898 2358 removeat
928 2318 1097 2370 praefidia
1128 2332 1173 2356 ex
1195 2317 1256 2355 his
1278 2317 1374 2354 locis
1396 2330 1481 2368 quae
1513 2314 1733 2366 occupavit,
1766 2322 1808 2350 ut
1838 2314 1914 2352 fine

536 2397 645 2428 metu
672 2386 718 2424 de
750 2386 795 2423 iis
829 2385 916 2438 ipfis
949 2384 1243 2422 conditionibus
1276 2384 1413 2420 Romae
1440 2382 1589 2419 senatus
1622 2380 1756 2418 haberi
1783 2379 1910 2431 poffit.

539 2454 583 2492 Id
604 2452 671 2490 ille
692 2451 718 2488 fi
738 2450 888 2494 fecerit,
913 2449 994 2501 spes
1015 2449 1067 2486 est
1087 2449 1191 2501 pacis
1215 2462 1291 2485 non
1314 2446 1504 2491 honestae5
1529 2446 1631 2497 leges
1653 2445 1759 2481 enim
1780 2443 1910 2495 impo—

538 2527 711 2558 nuntur:
745 2515 807 2554 sed
833 2514 987 2568 quidvis
1016 2514 1069 2552 est
1098 2514 1255 2558 melius,
1287 2526 1404 2565 quam
1426 2511 1475 2550 fic
1496 2511 1567 2549 effe
1588 2519 1632 2549 ut
1652 2509 1798 2547 sumus.
1844 2508 1910 2545 Sin
