2351 2997
569 228 639 266 128
911 221 1598 262 EPISTOLARUM

562 328 680 367 habet
701 327 936 380 explicatam
957 334 1022 363 aut
1043 325 1283 377 exploratam
1305 324 1495 361 rationem
1518 322 1648 360 salutis
1679 321 1767 359 suae.
1815 320 1944 359 Cum=

564 409 641 449 que
672 395 853 433 omnium
886 392 1082 430 bellorum
1114 391 1242 428 exitus
1275 390 1415 427 incerti
1447 389 1535 433 sint,
1567 388 1614 426 ab
1642 388 1759 426 altera
1787 387 1947 426 victoria

564 462 639 499 tibi
670 459 892 513 periculum
924 457 1082 495 nullum
1113 455 1185 493 effe
1216 454 1423 506 perspicio,
1459 454 1565 505 quod
1596 453 1759 505 quidem
1792 453 1946 504 sejunc-

566 536 651 564 tum
674 526 718 564 fit
739 525 786 562 ab
807 524 988 562 omnium
1010 522 1199 565 interitu;
1232 520 1279 557 ab
1307 520 1425 557 altera
1452 527 1488 556 te
1514 519 1644 571 ipsum
1669 532 1873 571 nunquam
1895 519 1947 556 ti·-

565 592 702 630 muiffe
723 599 826 628 certe
847 589 939 627 scio.
973 588 1192 640 Reliquum
1208 585 1275 630 est,
1293 594 1337 623 ut
1355 594 1390 622 te
1411 584 1451 622 id
1471 584 1614 636 ipsum,
1633 583 1739 636 quod
1756 597 1828 635 ego
1844 584 1948 635 quasi

566 656 842 695 consolationis
864 655 953 692 loco
972 667 1093 706 pono,
1124 653 1295 690 maxime
1316 650 1528 694 excruciet,
1560 662 1773 687 commune
1792 649 1949 701 pericu-

565 723 651 760 lum
673 720 921 773 reipublicae;
945 719 1057 770 cujus
1081 718 1177 755 tanti
1199 716 1307 760 mali,
1326 716 1503 768 quamvis
1525 715 1629 752 docti
1648 715 1721 752 viri
1743 714 1869 751 multa
1888 713 1950 750 di-

566 797 671 832 cant,
704 796 833 824 tamen
854 798 986 822 vereor
1007 797 1054 821 ne
1075 782 1289 820 consolatio
1310 781 1390 818 ulla
1410 780 1523 832 pofiit
1543 794 1630 818 vera
1651 779 1825 832 reperiri,
1851 791 1950 830 prae-

568 863 625 890 ter
653 852 778 895 illam,
810 864 895 902 quae
924 857 1029 886 tanta
1055 848 1122 892 est,
1154 855 1348 900 quantum
1376 846 1416 882 in
1437 845 1626 896 cujusque
1646 845 1778 882 animo
1800 843 1950 881 roboris

567 918 620 956 est
640 928 756 969 atque
778 929 999 954 nervorum.
1034 915 1071 951 Si
1093 914 1199 951 enim
1221 913 1318 950 bene
1339 911 1493 955 sentire,
1526 913 1704 962 recteque
1724 909 1863 953 facere,
1894 909 1951 946 sa·-

569 985 618 1022 tis
651 983 703 1021 est
735 982 781 1020 ad
814 983 911 1019 bene
944 981 1131 1031 beateque
1162 978 1388 1021 vivendum,
1421 990 1566 1020 vereor,
1600 989 1647 1013 ne
1675 989 1782 1019 eum,
1815 975 1884 1025 qui
1916 973 1953 1011 se

568 1049 812 1101 optimorum
839 1046 1089 1084 confiliorum
1119 1043 1357 1081 conscientia
1381 1042 1586 1079 sustentare
1607 1040 1735 1093 poffit‚
1767 1038 1954 1077 miserum

568 1115 639 1153 effe
661 1113 766 1152 nefas
794 1113 839 1150 fit
865 1112 1006 1149 dicere.
1054 1111 1142 1148 Nec
1163 1110 1270 1146 enim
1291 1122 1360 1145 nos
1381 1108 1561 1151 arbitror,
1593 1106 1762 1144 victoriae
1783 1106 1954 1157 praemiis

569 1182 720 1225 duetos,
753 1179 917 1232 patriam
938 1178 1051 1221 olim,
1083 1186 1121 1214 et
1152 1176 1312 1219 liberos,
1343 1183 1381 1212 et
1413 1173 1604 1217 fortunas,
1636 1171 1858 1224 reliquiffe;
1891 1171 1955 1208 sed

568 1246 767 1299 quoddam
790 1244 902 1282 nobis
923 1243 1101 1281 officium
1117 1241 1283 1293 justum,
1315 1249 1352 1277 et
1373 1239 1500 1291 pium,
1532 1247 1570 1276 et
1591 1237 1771 1275 debitum
1792 1236 1954 1288 reipub-

569 1313 654 1351 licae
676 1311 888 1362 nostraeque
909 1308 1108 1361 dignitati,
1139 1306 1369 1344 videbamur
1389 1305 1496 1356 sequi
1515 1319 1523 1342 :
1558 1317 1628 1342 nec
1649 1316 1741 1341 cum
1763 1302 1803 1339 id
1833 1301 1955 1339 facie-

570 1379 724 1423 bamus,
756 1387 836 1415 tam
856 1388 1007 1414 eramus
1028 1382 1217 1418 amentes,
1250 1381 1293 1410 ut
1313 1371 1512 1424 explorata
1533 1371 1645 1408 nobis
1667 1369 1756 1407 effet
1777 1368 1969 1406 victorias*

571 1448 702 1498 Qare
730 1445 755 1482 fi
783 1444 824 1481 id
850 1443 994 1486 evenit,
1026 1440 1133 1493 quod
1158 1438 1470 1492 ingredientibus
1492 1437 1606 1474 nobis
1627 1436 1667 1474 in
1689 1435 1840 1474 causam
1861 1448 1954 1487 pro-

572 1512 742 1564 poiitum
770 1509 847 1547 fuit
874 1508 1047 1546 accidere
1075 1506 1191 1559 poffe,
1224 1519 1302 1542 non
1331 1504 1517 1542 debemus
1550 1503 1605 1540 ita
1632 1501 1766 1540 cadere
1798 1501 1955 1545 animis,

572 1577 676 1630 quali
703 1574 853 1628 aliquid
879 1574 1065 1617 evenerit,
1097 1571 1203 1624 quod
1236 1570 1318 1608 fieri
1351 1569 1453 1622 poffe
1486 1582 1687 1620 nunquam
1720 1567 1955 1619 putarimus.

573 1643 702 1680 Simus
731 1642 853 1692 igitur
884 1653 926 1676 ea
957 1648 1102 1681 mente,
1134 1650 1252 1689 quam
1285 1635 1381 1672 ratio
1413 1643 1451 1671 et
1483 1634 1620 1671 veritas
1654 1631 1881 1685 praescribit,
1914 1639 1959 1668 ut

574 1707 675 1746 nihil
698 1708 738 1744 in
760 1707 837 1743 vita
859 1705 971 1742 nobis
993 1702 1251 1756 praestandum
1272 1709 1409 1753 praeter
1429 1699 1587 1752 culpam
1608 1707 1816 1751 putemus;
1840 1709 1960 1748 eaque

572 1787 666 1823 cum
687 1784 898 1815 careamus,
930 1769 1063 1808 omnia
1094 1768 1266 1806 humana
1297 1767 1446 1818 placate
1478 1774 1515 1802 et
1547 1764 1744 1802 moderate
1771 1761 1956 1800 feramus.

576 1841 710 1891 Atque
731 1837 813 1876 haec
835 1850 880 1874 eo
901 1836 1070 1888 pertinet
1091 1834 1228 1877 oratio,
1261 1841 1319 1876 ut,
1350 1830 1513 1883 perditis
1535 1830 1649 1867 rebus
1669 1827 1872 1871 omnibus,
1900 1836 1959 1864 ta-

575 1919 665 1943 men
688 1903 767 1955 ipsa
787 1903 910 1940 virtus
932 1901 967 1938 se
989 1900 1193 1938 sustentare
1214 1896 1317 1950 poffe
1337 1896 1526 1933 videatur
1561 1894 1647 1939 Sed,
1666 1894 1691 1931 fi
1708 1893 1760 1930 est
1782 1892 1864 1944 spes
1885 1891 1959 1929 ali-

575 1983 651 2022 qua
683 1968 797 2006 rebus
830 1966 1126 2008 communibus,
1158 1977 1200 2001 ea
1230 1972 1287 2007 tu,
1319 1962 1546 2013 quicunque
1574 1959 1690 1997 status
1712 1958 1765 1995 est
1784 1957 1957 2002 futurus,

576 2049 701 2073 carere
724 2046 801 2071 non
819 2032 950 2069 debes.
984 2033 1117 2082 Atque
1134 2028 1216 2067 haec
1233 2026 1334 2065 mihi
1357 2026 1540 2064 scribenti
1560 2024 1798 2062 veniebant
1789 2037 1828 2060 in
1847 2036 1960 2060 men-

577 2111 671 2144 tem,
710 2113 772 2137 me
806 2112 898 2136 eum
929 2096 1015 2140 effe,
1053 2097 1164 2147 cujus
1198 2103 1240 2132 tu
1276 2093 1582 2145 despe11t101iem
1616 2089 1790 2127 accusare
1825 2088 1961 2125 solitus

576 2166 681 2209 effes,
714 2176 912 2216 quemque
943 2161 1170 2198 auctoritate
1203 2169 1268 2196 tua
1294 2160 1544 2195 cunctantem
1566 2165 1603 2193 et
1625 2155 1869 2192 diffidentem
1890 2167 1961 2189 ex-

578 2232 711 2269 citare.
756 2231 849 2280 Qo
881 2227 1042 2279 quidem
1076 2235 1251 2277 tempore
1283 2238 1361 2261 non
1395 2237 1467 2274 ego
1499 2221 1650 2259 causam
1684 2219 1866 2263 nostram,
1900 2217 1962 2255 sed

578 2298 801 2340 confilium,
833 2293 1120 2346 improbabam.
1158 2293 1248 2329 Sero
1269 2291 1375 2328 enim
1397 2303 1465 2326 nos
1488 2289 1534 2326 iis
1557 2287 1672 2326 armis
1694 2285 1879 2324 adversari
1902 2285 1962 2322 vi-

578 2365 733 2407 debam,
766 2376 851 2414 quae
886 2360 1015 2398 multo
1049 2368 1137 2396 ante
1171 2357 1400 2395 confirmata
1434 2369 1501 2407 per
1536 2353 1790 2405 nosmetipsos
1826 2360 1961 2389 erant:

579 2430 855 2480 dolebamque,
887 2426 978 2478 pilis
1005 2434 1043 2463 et
1068 2424 1223 2476 gladiis,
1256 2436 1334 2460 non
1355 2421 1541 2465 consiliis,
1575 2432 1700 2472 neque
1721 2417 1963 2456 auctoritati-

581 2497 652 2534 bus
675 2493 827 2540 nostris,
846 2492 991 2545 dejure
1007 2490 1170 2544 publico
1192 2488 1410 2541 disceptari.
1435 2487 1577 2538 Neque
1597 2499 1669 2538 ego
1690 2498 1745 2529 ea,
1764 2497 1848 2536 quae
1869 2481 1967 2520 facta
