2351 2997
558 276 635 327 403
902 274 1584 314 EPISTOLARUM

560 386 605 413 ut
626 389 703 414 non
725 374 802 413 fine
821 375 931 413 causa
951 384 1096 414 tantam
1118 389 1250 414 curam
1271 375 1595 427 diligentiamque
1615 375 1656 412 in
1676 374 1758 426 ejus
1779 387 1845 413 vos
1873 373 1929 412 sa-

560 441 685 479 lutem
704 440 914 479 videamini
933 440 1152 478 contulisse,

804 640 867 678 M.
901 640 1140 678 CICERO
1184 640 1248 678 M.
1281 640 1525 678 CATONI
1569 640 1606 678 S.
1640 640 1694 678 D.

560 767 637 806 111.
663 766 848 839 CUM
877 766 923 804 ad
951 780 1014 804 me
1043 765 1173 817 legati,
1205 767 1303 804 miffi
1335 766 1382 804 ab
1415 766 1617 804 Antiocho
1647 767 1928 819 Commageno,

761 832 946 870 venissent
976 832 1017 869 in
1047 831 1163 868 castra
1190 832 1236 868 ad
1266 832 1447 869 Iconium
1476 845 1509 870 a.
1533 832 1572 870 d.
1606 845 1661 870 111
1692 833 1800 870 Non.
1835 834 1928 884 Sep-

548 898 704 936 .tembr.
728 899 833 950 iique
854 896 955 934 mihi
984 895 1231 940 nuntiaffent‚
1264 896 1362 947 regis
1394 896 1628 934 Parthorum
1655 897 1799 942 filium,
1830 911 1929 949 quo-

562 975 654 1000 cum
675 962 763 999 efl'et
794 970 915 1013 nupta
935 962 1033 1012 regis
1055 961 1334 998 Armeniorum
1362 960 1479 1004 soror,
1510 960 1556 997 ad
1586 960 1813 1012 Euphraten
1840 975 1933 999 curn

562 1028 742 1065 maximis
777 1026 1009 1064 Parthorum
1044 1026 1182 1078 copiis,
1215 1026 1507 1077 multarumque
1541 1035 1721 1077 praeterea
1753 1027 1934 1078 gentium

561 1106 701 1144 magna
721 1105 853 1136 manu,
876 1092 1028 1135 veniffe,
1061 1090 1366 1143 Euphratemque
1381 1092 1465 1142 jam
1487 1091 1640 1128 transire
1659 1091 1838 1142 coepiffe,
1871 1090 1933 1128 di-

560 1158 676 1210 cique
697 1158 930 1195 Armenium
961 1169 1089 1208 regem
1119 1157 1159 1193 in
1189 1156 1475 1208 Cappadociam
1503 1156 1697 1208 impetum
1717 1156 1787 1193 effe
1808 1155 1934 1193 faetu-

561 1236 677 1267 rum3
709 1223 856 1274 putavi,
888 1235 958 1274 pro
978 1221 1103 1258 nostra
1123 1221 1411 1265 necessitudine,
1443 1234 1505 1257 me
1534 1219 1610 1258 hoc
1640 1220 1686 1257 ad
1714 1229 1750 1258 te
1771 1220 1934 1258 scribere

560 1297 751 1339 oportere.
798 1286 961 1324 Publice
990 1295 1147 1338 propter
1176 1286 1267 1323 duas
1297 1285 1424 1323 causas
1450 1284 1551 1322 nihil
1581 1284 1736 1337 scripsi:
1770 1285 1875 1337 quod
1895 1293 1935 1322 et

560 1352 688 1404 ipsum
711 1353 1023 1403 Commagenum
1044 1351 1161 1403 legati
1182 1350 1362 1388 dicebant
1392 1349 1438 1387 ad
1468 1351 1651 1387 Senatum
1680 1349 1807 1387 statim
1828 1363 1933 1387 nun-

560 1419 636 1455 tios
657 1417 861 1469 literasque
881 1417 1044 1460 misifl‘e5
1075 1425 1115 1454 et
1134 1415 1400 1454 existimabam
1422 1415 1484 1452 M.
1509 1415 1698 1452 Bibulum
1718 1414 1935 1466 proconsu-

562 1482 655 1526 lem,
687 1482 756 1534 qui
786 1482 940 1519 circiter
970 1480 1061 1518 Idus
1084 1480 1247 1518 Sextiles
1276 1480 1323 1517 ab
1354 1477 1509 1530 Epheso
1538 1479 1578 1515 in
1601 1479 1747 1529 Syriam
1770 1479 1932 1516 navibus

559 1546 755 1600 profectus
777 1556 869 1590 erat,
896 1545 1003 1598 quod
1024 1545 1209 1583 secundos
1230 1553 1366 1582 ventos
1386 1542 1589 1587 habuisset,
1606 1544 1690 1595 jam
1710 1545 1751 1581 in
1772 1545 1933 1595 provin-

561 1612 662 1649 ciam
692 1611 796 1648 suam
824 1610 1059 1664 perveniffe3
1091 1612 1203 1662 cujus
1235 1609 1357 1647 literis
1389 1609 1521 1646 omnia
1551 1609 1714 1645 certiora
1741 1608 1936 1660 perlatum

559 1677 609 1715 iri
629 1676 675 1714 ad
695 1677 868 1714 senatum
889 1676 1088 1728 putabam.
1134 1674 1259 1720 Mihi,
1290 1683 1334 1712 ut
1354 1674 1394 1711 in
1415 1672 1640 1725 hujusmodi
1662 1687 1716 1719 re,
1748 1682 1935 1725 tantoque

562 1742 681 1787 bello,
712 1742 890 1779 maximae
920 1754 1019 1779 curae
1045 1741 1112 1786 est,
1145 1750 1187 1778 ut
1214 1754 1299 1792 quae
1329 1740 1452 1791 copiis
1483 1747 1521 1776 et
1549 1739 1692 1791 opibus
1720 1748 1847 1776 tenere
1867 1740 1934 1777 vix

562 1807 774 1859 poffumus,
805 1820 847 1844 ea
867 1805 1161 1844 mansuetudine
1181 1814 1219 1844 et
1239 1804 1482 1844 continentia
1501 1803 1639 1849 nostra,
1670 1804 1863 1842 sociorum
1884 1804 1933 1841 fi-

562 1872 733 1917 delitate,
765 1882 978 1910 teneamus·
1010 1873 1077 1909 Tu
1097 1872 1230 1917 velim,
1262 1880 1306 1910 ut
1326 1869 1529 1915 consuesti,
1555 1883 1625 1908 nos
1646 1869 1817 1908 absentes
1839 1869 1932 1907 dili-

561 1950 628 1988 gas
649 1947 686 1976 et
707 1937 902 1976 defendas.
935 1936 1045 1975 Vale.

781 2138 844 2177 M.
877 2140 929 2177 Τ.
963 2138 1168 2176 C.1M1>.
1212 2136 1276 2175 Μ.
1309 2136 1544 2174 CATONI
1589 2135 1626 2173 S.
1660 2136 1714 2173 D.

563 2267 636 2306 IV.
661 2265 926 2339 SUMMA
956 2274 1021 2303 tua
1040 2264 1244 2302 auctoritas
1265 2263 1375 2308 fecit,
1402 2276 1613 2315 meumque
1633 2271 1865 2315 perpetuum
1886 2262 1933 2300 de

737 2341 802 2369 tua
830 2330 1013 2383 singulari
1036 2331 1179 2367 virtute
1194 2329 1407 2381 judicium,
1440 2338 1484 2366 ut
1503 2328 1635 2380 magni
1657 2341 1741 2365 mea
1760 2327 1933 2365 interesse

562 2405 753 2450 putarem,
784 2404 822 2434 et
842 2409 898 2434 res
919 2409 994 2440 eas,
1025 2408 1118 2446 quas
1138 2394 1338 2447 geffiffem,
1371 2393 1445 2431 tibi
1465 2403 1574 2430 notas
1595 2392 1680 2438 effe,
1711 2402 1749 2430 et
1770 2406 1848 2430 non
1869 2392 1931 2443 ig-

561 2463 689 2501 norari
709 2476 730 2499 a
759 2471 809 2507 te,
841 2474 917 2513 qua
937 2460 1116 2512 aequitate
1135 2468 1174 2497 et
1193 2459 1437 2497 continentia
1457 2467 1583 2496 tuerer
1603 2458 1740 2502 socios,
1771 2457 1931 2509 provin-

559 2529 739 2582 ciamque
773 2526 1078 2566 administrarem
1095 2540 1105 2565 ;
1135 2524 1198 2564 his
1230 2525 1336 2564 enim
1370 2538 1391 2563 a
1422 2533 1459 2563 te
1490 2523 1675 2577 cognitis,
1706 2521 1930 2565 arbitrabar,
