2351 2997
541 273 614 326 308
880 272 1561 312 EPISTOLARUM

812 506 876 544 M.
908 507 961 544 T.
995 507 1044 544 C.
1077 506 1394 544 ceassm
1434 507 1471 544 S.
1506 507 1549 545 P.
1583 509 1635 545 D.

541 633 613 671 IX.
638 632 699 704 B
716 634 751 671 R
767 634 879 671 EVI
893 634 1011 672 TAS
1040 641 1195 671 tuarum
1214 633 1415 672 literarum
1436 647 1498 671 me
1519 647 1675 686 quoque
1695 633 1915 671 breviorem

730 700 771 736 in
801 698 1008 736 scribendo
1032 697 1153 744 facit;
1185 708 1237 743 et,
1268 713 1354 737 vere
1384 708 1427 737 ut
1456 699 1601 744 dicam,
1629 712 1707 736 non
1733 699 1819 736 satis
1840 712 1909 736 oc-

540 764 661 802 currit
682 764 778 816 quid
802 763 994 801 scribam:
1026 763 1168 801 nostras
1200 764 1307 801 enim.
1335 778 1392 802 res
1423 764 1463 801 in
1492 765 1584 801 aitis
1610 763 1771 816 perferri
1797 763 1843 800 ad
1873 773 1909 801 te

540 839 647 867 certo
667 830 773 875 scio;
805 839 887 867 tuas
909 839 1039 868 autem
1059 830 1297 881 ignoramus.
1343 832 1552 882 Tanquam
1581 830 1690 867 enim
1714 829 1839 866 clausa
1865 829 1914 865 fit

540 895 642 939 Afia,
674 896 723 932 fic
755 894 856 932 nihil
887 894 1078 947 perfertur
1109 894 1154 931 ad
1187 907 1271 938 nos,
1303 903 1438 946 praeter
1470 908 1642 931 rumores
1670 894 1716 931 de
1736 893 1911 945 oppresso

540 961 761 1004 Dolabella,
794 960 879 997 satis
912 960 1001 998 illos
1033 959 1194 1011 quidem
1222 959 1452 1003 constantes,
1484 960 1546 996 sed
1572 958 1699 996 adhuc
1720 960 1796 996 fine
1816 972 1909 995 auc-

541 1033 636 1063 tore.
684 1026 785 1069 Nos,
816 1024 1039 1062 confeeum
1064 1024 1215 1061 bellum
1235 1037 1327 1061 cum
1347 1033 1586 1076 putaremus,
1617 1031 1772 1075 repente
1792 1036 1813 1059 a
1832 1023 1916 1059 Le-

540 1089 633 1142 pido
665 1099 733 1127 tuo
764 1091 805 1127 in
838 1090 1029 1127 summam
1060 1088 1366 1126 sollicitudinem
1393 1089 1548 1126 adduffl
1581 1088 1726 1125 sumus.
1776 1089 1920 1139 Itaque.

540 1154 722 1207 persuade
743 1155 830 1199 tibi,
858 1155 1070 1192 maximam
1089 1153 1312 1205 reipublicae
1333 1153 1437 1206 spem
1459 1154 1499 1191 in
1521 1163 1558 1191 te
1578 1162 1616 1190 et
1636 1154 1677 1190 in
1698 1153 1819 1204 copiis
1841 1151 1912 1189 effe

541 1220 635 1258 tuis.
681 1220 834 1258 Firmos
856 1220 1019 1258 omnino
1039 1219 1231 1257 exercitus
1252 1218 1470 1263 habemus;
1502 1218 1564 1256 sed
1585 1227 1728 1263 tamen,
1761 1227 1803 1255 ut
1823 1230 1912 1254 om-

542 1285 607 1322 nia
629 1287 691 1337 (ut
720 1285 845 1338 spero)
877 1285 1055 1338 prospere
1083 1284 1307 1337 procedant,
1339 1284 1513 1322 multum
1534 1283 1689 1321 interest
1710 1292 1747 1320 te
1766 1283 1918 1320 venires

543 1351 699 1402 Exigua
717 1351 824 1388 enim
851 1351 932 1403 spes
962 1350 1016 1388 est
1044 1350 1282 1401 reipublicae,
1315 1363 1405 1387 nam
1435 1349 1585 1386 nullam
1615 1361 1694 1385 non
1723 1347 1820 1384 libet
1850 1347 1913 1384 di-

542 1429 655 1460 cere3
700 1415 763 1453 sed
797 1429 1040 1469 quaecunque
1072 1415 1140 1461 est,
1184 1428 1227 1452 ea
1263 1413 1521 1467 despondetur
1554 1426 1655 1452 anno
1693 1411 1912 1451 consulatue

542 1482 618 1520 tui.
651 1481 763 1520 Vale.

813 1685 876 1724 M.
909 1686 962 1723 T.
996 1685 1044 1723 C.
1078 1684 1394 1722 C.CAss10
1436 1683 1473 1721 S.
1507 1681 1551 1719 P.
1586 1682 1640 1720 D.

542 1812 594 1850 X.
620 1810 733 1883 LE
752 1811 814 1850 ΡΙ
832 1812 870 1849 D
886 1813 921 1850 U
939 1813 976 1857 S,
1009 1821 1098 1849 tuus
1120 1812 1259 1856 affinis,
1291 1824 1399 1849 meus
1421 1809 1637 1854 familiaris,
1668 1808 1791 1860 pridie
1821 1808 1919 1846 Kale

718 1877 918 1928 Qintiles
940 1877 1138 1914 sententiis
1160 1877 1344 1913 omnibus
1365 1875 1483 1912 hostis
1514 1888 1534 1911 a
1562 1875 1699 1912 senatu*
1717 1873 1915 1924 judicatus

544 1943 610 1987 est,
641 1943 861 1993 caeterique‚
893 1942 961 1992 qui
982 1955 1058 1978 una
1076 1955 1167 1978 cum
1189 1941 1259 1978 illo
1279 1954 1300 1977 a
1320 1940 1519 1992 republica
1539 1938 1762 1976 defecerunt
1779 1956 1790 1981 ;
1822 1937 1914 1988 qui-

545 2008 617 2044 bus
648 2017 776 2044 tamen
807 2006 852 2043 ad
882 2006 1081 2043 sanitatem
1104 2005 1289 2042 redeundi
1310 2014 1396 2042 ante
1418 2004 1506 2042 Kal.
1531 2003 1727 2055 Septemb.
1752 2001 1914 2053 potestas

545 2072 643 2109 facta
672 2071 737 2109 est.
785 2071 913 2108 Fortis
949 2071 1034 2108 sane
1069 2070 1233 2115 senatus,
1267 2070 1328 2107 sed
1362 2070 1532 2107 maxime
1562 2069 1624 2120 spe
1655 2067 1810 2105 subsidii
1841 2066 1912 2102 tui.

546 2138 701 2175 Bellum
722 2136 897 2188 quidem,
930 2150 1021 2173 cum
1042 2135 1122 2173 haec
1145 2135 1374 2179 scribebam,
1407 2135 1490 2172 sane
1511 2146 1699 2185 magnum
1720 2141 1811 2176 erat,
1835 2131 1918 2168 sce-

543 2204 620 2241 lere
641 2212 679 2240 et
699 2203 854 2240 levitate
876 2202 1029 2253 Lepidi.
1074 2202 1159 2240 Nos
1181 2201 1227 2238 de
1248 2201 1455 2239 Dolabella
1475 2199 1665 2251 quotidie,
1697 2211 1781 2250 quae
1802 2197 1917 2234 volu-

545 2281 647 2313 mus,
679 2268 886 2311 audimus3
924 2267 984 2303 sed
1016 2266 1142 2304 adhuc
1178 2267 1254 2303 sine
1285 2266 1425 2317 capite,
1458 2265 1539 2302 fine*
1565 2265 1731 2307 austore,
1764 2274 1917 2299 rumore

546 2334 699 2371 nuntio.
747 2332 865 2383 Qod
895 2346 986 2369 cum
1018 2333 1070 2369 ita
1101 2332 1203 2376 ess‘et,
1236 2341 1366 2369 tamen
1393 2330 1515 2367 literis
1548 2330 1640 2373 tuis,
1673 2340 1766 2380 quas
1787 2326 1919 2364 Nonis

546 2400 644 2437 Maii
666 2413 712 2436 ex
734 2398 861 2436 castris
883 2397 985 2434 datas
1007 2410 1291 2448 acceperamus,
1324 2396 1376 2432 ita
1405 2394 1624 2447 persuasum
1652 2402 1731 2431 erat
1751 2392 1918 2435 civitati,

545 2474 589 2502 ut
610 2464 724 2501 illum
740 2464 823 2514 jam
843 2461 1061 2514 oppressum
1083 2474 1217 2498 omnes
1239 2461 1529 2504 arbitrarentur,
1562 2468 1598 2496 te
1619 2467 1748 2496 autem
1773 2457 1813 2494 in
1835 2457 1915 2493 Ita-

544 2531 637 2567 liam
669 2529 797 2566 venire
829 2541 920 2565 cum
953 2527 1154 2570 exercitu3
1187 2535 1244 2571 ut,
1276 2526 1303 2564 fi
1334 2525 1416 2563 haec
1446 2539 1492 2563 ex
1526 2524 1714 2561 sententia
1743 2520 1921 2560 confefta,
