2351 2997
576 170 672 211 AD
732 161 1198 208 FAMILIARES
1256 159 1391 199 LIB.
1442 158 1497 199 X,
1659 168 1741 213 255

764 404 1010 442 CICERO
1051 401 1326 438 PLANCO.

353 537 445 576 XX.
472 534 607 608 ITA
636 539 744 570 erant
765 531 913 576 omnia,
940 543 1026 582 quae
1048 528 1160 566 istinc
1181 528 1456 570 afferebantur,
1488 525 1649 569 incerta,
1680 533 1743 569 ut,

531 599 629 652 quid
649 598 695 636 ad
717 606 754 635 te
775 597 999 641 scriberem,
1023 608 1102 632 non
1122 602 1364 632 occurreret:
1389 591 1508 629 modo
1529 591 1635 629 enim
1657 604 1743 643 quae

351 667 543 706 vellemus
565 665 612 703 de
634 662 801 716 Lepido,
833 662 952 700 modo
972 668 1109 698 contra
1128 658 1426 697 nuntiabantur.
1470 656 1533 693 De
1554 665 1591 693 te
1612 665 1744 694 tamen

352 732 458 771 fama
477 731 670 774 constans,
701 741 773 766 nec
803 727 932 779 decipi
961 725 1079 778 poffc,
1111 738 1182 762 nec
1215 724 1349 761 vinci:
1382 734 1554 774 quorum
1585 721 1743 758 alterius

352 798 513 836 fortuna
533 804 684 849 partem
704 792 823 831 habet
843 791 1060 845 quandam3
1083 790 1250 828 alterum
1272 788 1477 841 proprium
1497 786 1549 824 est
1569 786 1744 838 pruden-

352 864 416 902 tiae
439 872 528 901 tuae.
576 860 649 899 Sed
674 860 806 911 accepi
827 859 956 896 literas
978 871 999 895 a
1018 856 1171 908 collega
1190 864 1274 899 tuo,
1307 853 1411 891 datas
1434 852 1570 890 Idibus
1593 851 1713 889 Maiis
1730 869 1744 896 3

355 930 395 968 in
424 929 569 982 quibus
597 935 691 971 erat,
724 935 762 963 te
788 925 834 962 ad
862 925 898 962 se
925 923 1122 976 scripfiffe,
1153 935 1174 960 a
1194 920 1348 974 Lepido
1369 933 1447 957 non
1469 918 1591 972 recipi
1612 919 1744 955 Anto-

355 996 493 1033 nium:
526 993 633 1046 quod
653 992 726 1030 erit
747 991 906 1036 certius,
929 990 956 1028 fi
978 999 1021 1028 tu
1042 989 1088 1027 ad
1110 1002 1181 1026 nos
1203 987 1307 1025 idem
1330 985 1538 1038 scripseris.
1571 984 1644 1022 Sed
1665 984 1746 1021 mi-

355 1074 429 1099 nus
457 1060 573 1099 audes
602 1057 754 1096 fortaffe
781 1066 941 1110 propter
968 1056 1124 1094 inanem
1146 1054 1325 1092 laetitiam
1345 1052 1549 1090 literarum
1570 1050 1746 1103 superio-

356 1141 459 1165 rum.
506 1126 672 1169 Verum,
704 1132 748 1162 ut
780 1137 902 1161 errare
933 1121 988 1167 id,
1027 1121 1185 1165 Plance,
1217 1118 1390 1163 voluisti,
1425 1117 1532 1169 (quis
1564 1117 1671 1154 enim
1705 1114 1748 1152 id

356 1191 557 1245 effugerit)
577 1192 626 1229 fic
643 1190 772 1242 decipi
794 1198 831 1227 te
852 1203 931 1227 non
953 1187 1131 1241 potuisse,
1149 1186 1237 1239 quis
1259 1199 1339 1223 non
1359 1184 1489 1222 videt?
1514 1183 1636 1221 Nunc
1657 1194 1748 1220 vero

357 1261 476 1298 etiam
492 1260 576 1311 jam
597 1258 734 1295 erroris
756 1255 867 1294 causa
882 1255 1032 1293 sublata
1051 1254 1123 1292 est:
1148 1252 1266 1305 culpa
1284 1252 1390 1289 enim
1412 1250 1493 1295 illa,
1511 1249 1578 1288 Bis
1593 1248 1644 1286 ad
1658 1262 1747 1286 eun-

357 1325 446 1368 dem,
468 1323 619 1375 vulgari
641 1320 869 1374 reprehensa
888 1320 1096 1374 proverbio
1116 1318 1183 1357 est.
1226 1318 1309 1362 Sin,
1331 1325 1375 1354 ut
1396 1315 1574 1368 scripsisti
1595 1314 1641 1352 ad
1661 1314 1748 1352 col-

357 1392 501 1443 legam,
532 1389 586 1426 ita
606 1387 642 1425 se
664 1400 721 1425 res
742 1385 876 1431 habet,
907 1386 1018 1424 omni
1038 1398 1131 1423 cura
1150 1383 1305 1421 liberati
1325 1382 1458 1420 sumus
1477 1396 1486 1419 t
1519 1394 1591 1419 nec
1617 1389 1751 1419 tamen.

355 1456 516 1500 crimus,
548 1452 775 1507 priusquam
803 1452 857 1489 ita
883 1451 954 1489 effe
976 1459 1019 1489 tu
1040 1463 1110 1488 nos
1132 1448 1270 1487 feceris
1292 1448 1490 1486 certiores.
1537 1447 1631 1484 Mea
1656 1447 1750 1498 qul-

357 1520 462 1566 dem,
494 1528 538 1558 ut
558 1519 605 1557 ad
627 1527 663 1556 te
685 1518 820 1570 saepius
842 1517 988 1569 scripfi,
1019 1515 1102 1553 haec
1135 1513 1326 1553 sententia
1356 1512 1436 1550 est:
1469 1511 1538 1563 qui
1565 1511 1750 1562 reliquias

358 1586 478 1640 hujus
514 1586 610 1624 belli
644 1583 885 1637 oppresserit,
920 1597 1012 1621 eum
1047 1583 1169 1621 totius
1202 1581 1299 1619 belli
1334 1577 1600 1618 confedorem
1635 1577 1719 1616 fore
1735 1596 1749 1624 ς

359 1665 480 1705 quem
502 1659 539 1689 te
559 1660 597 1689 et
618 1659 712 1703 opto
732 1649 818 1694 effe,
850 1658 889 1687 et
909 1647 1066 1687 confido
1087 1647 1284 1685 futurum.
1324 1644 1460 1683 Studia
1479 1658 1566 1682 mea
1586 1657 1675 1696 erga
1694 1653 1748 1688 te,

360 1717 508 1770 quibus
528 1725 631 1754 certe
658 1714 767 1753 nulla
793 1714 864 1752 effe
886 1715 1032 1766 majora
1058 1720 1287 1765 potuerunt,
1320 1710 1395 1748 tibi
1423 1718 1503 1748 tam
1530 1718 1637 1761 grata
1661 1708 1750 1754 effe,

360 1797 480 1836 quam
511 1796 585 1835 ego
615 1782 750 1835 putavi
781 1780 880 1825 fore,
912 1780 1078 1818 minime
1106 1779 1242 1823 miror,
1273 1776 1604 1828 vehementerque
1624 1775 1751 1813 laetor.

361 1851 461 1900 Qae
482 1848 644 1900 quidem
665 1857 723 1893 tu,
756 1846 782 1885 fi
804 1848 904 1885 redte
924 1845 1009 1884 istic
1030 1845 1118 1890 erit,
1150 1845 1298 1897 majora
1323 1852 1362 1881 et
1388 1843 1563 1896 graviora
1582 1839 1751 1893 cognos-

361 1927 439 1952 ces.
475 1926 535 1952 1v.
561 1913 650 1952 Kal.
674 1914 769 1965 Jun.

712 2111 1009 2148 PLANcus
1052 2109 1398 2147 CICERON10

366 2242 478 2280 XXI.
500 2240 574 2316 P
588 2240 722 2279 UDE
735 2240 773 2276 R
786 2240 822 2277 E
834 2233 873 2275 T
897 2251 951 2276 me
975 2235 1213 2290 in607fiantz’ae
1234 2249 1392 2274 mearum
1414 2234 1615 2281 literarum,
1633 2234 1674 2287 fi
1688 2248 1755 2272 7207}

576 2305 652 2343 haec
671 2319 710 2343 ex
729 2304 846 2342 aliena
867 2301 1015 2340 levitate
1026 2301 1230 2355 penderent.
1263 2300 1397 2340 Omnia
1400 2298 1494 2354 feci,
1513 2313 1622 2354 quare
1638 2298 1749 2352 Lepi-

368 2373 408 2411 do
429 2371 610 2425 conjunffo
626 2369 678 2408 ad
689 2368 936 2423 rempublicam
952 2366 1214 2421 defendendam,
1233 2366 1363 2405 minore
1366 2365 1603 2421 sollicitudine
1619 2365 1752 2416 vcssch,

366 2437 512 2491 perditis
530 2437 722 2491 rcsfierem.
763 2432 896 2472 Omnia
916 2432 948 2472 ci
958 2432 1095 2487 petenti
1114 2431 1241 2486 recepi,
1275 2440 1308 2472 et
1334 2431 1428 2471 ultro
1453 2430 1632 2484 pollicitus
1648 2429 1750 2482 sum>
