2351 2997
584 216 676 254 AD
736 213 1202 252 FAMILIARES
1262 212 1393 252 LIB.
1445 215 1537 252 XV.
1675 230 1753 268 417·

370 330 433 354 me
455 315 687 367 singularem
710 313 1022 351 benevolentiam
1039 312 1098 350 vel
1120 313 1159 350 in
1183 313 1312 350 labore
1329 327 1430 358 meo,
1450 314 1508 350 vel
1530 314 1568 350 in
1588 312 1749 358 honore,

367 380 543 432 perspexi
563 394 571 417 ε
606 387 728 416 totam
750 378 918 430 denique
940 378 1104 415 domum
1125 378 1285 415 vestram
1307 379 1366 415 vel
1392 377 1539 422 salutis,
1572 378 1629 415 vel
1662 378 1749 429 dig-

367 446 500 484 nitatis
526 458 634 489 meae‚
666 443 973 482 studiofiffimam
999 443 1365 495 cupidissimamque
1391 444 1573 496 cognovi.
1621 444 1751 494 Qare

367 519 523 561 gratum
545 508 645 546 mihi
667 508 819 552 feceris,
852 509 876 546 fi
900 510 1011 548 uxori
1034 518 1107 546 tuae
1128 509 1271 559 Juniae,
1293 509 1518 560 graviffimae
1540 518 1654 560 atque
1676 522 1747 561 op-

368 575 473 612 timae
495 574 683 619 foeminae,
702 574 798 612 meis
816 574 942 611 verbis
964 574 1036 610 eris
1054 573 1283 624 gratulatus,
1317 574 1352 610 A
1371 583 1406 610 te
1424 574 1477 618 id,
1495 574 1600 625 quod
1621 573 1747 617 suesti,

368 649 473 692 peto,
505 653 567 678 me
588 640 786 678 absentem
807 638 946 691 diligas
967 648 1084 690 atque
1104 637 1302 676 defendas,
1335 638 1446 676 Vale.

422 839 485 878 M.
519 842 572 878 T.
606 840 655 878 C.
688 838 878 877 PRocos.
924 838 986 876 M.
1020 837 1287 876 MARCELLO
1334 838 1436 876 Cos.
1482 839 1518 876 S.
1554 839 1597 876 P.
1631 840 1685 877 D.

366 967 439 1005 IX.
466 965 599 1040 TE
630 977 668 1006 et
698 967 852 1020 pietatis
883 968 923 1005 in
954 975 1057 1012 tum,
1089 976 1127 1004 et
1154 967 1274 1004 animi
1305 968 1345 1005 in
1377 967 1678 1018 rempublicam,
1709 976 1748 1005 et

481 1080 485 1082 q
572 1034 768 1071 clarisfimi
793 1043 908 1085 atque
929 1033 1072 1086 optimi
1092 1033 1330 1077 consulatus,
1363 1034 1412 1072 C.
1436 1033 1629 1071 Marcello
1649 1047 1746 1071 con-

367 1099 446 1136 sule
467 1098 583 1143 facto,
616 1098 787 1137 fructum
808 1098 961 1150 cepisse,
993 1098 1242 1136 vehementer
1261 1098 1424 1150 gaudeo.
1472 1099 1565 1136 Non
1591 1098 1745 1142 dubito,

366 1165 462 1216 quid
484 1165 684 1217 praesentes
710 1164 903 1202 sentiam-t:
936 1177 1005 1202 nos
1036 1164 1197 1215 quidem
1224 1164 1449 1216 longinqui,
1480 1173 1518 1201 et
1549 1178 1570 1201 a
1599 1174 1635 1202 te
1664 1164 1748 1216 ipso

364 1229 464 1266 miffi
488 1230 526 1266 in
548 1229 706 1269 ultimas
727 1238 876 1281 gentes,
898 1228 945 1266 ad
966 1229 1107 1267 caelum
1126 1227 1350 1267 mehercule
1371 1238 1408 1266 te
1429 1229 1606 1267 tollimus
1628 1230 1746 1268 veris<

365 1293 469 1331 fimis
491 1307 533 1331 ac
548 1294 764 1346 justiffimis
786 1293 982 1332 laudibus.
1015 1294 1137 1338 Nam,
1155 1308 1248 1332 cum
1268 1303 1305 1331 te
1322 1307 1342 1331 a
1361 1294 1528 1346 pueritIa
1548 1303 1613 1332 tua
1632 1295 1749 1332 unice

365 1359 585 1403 dilexerim,
618 1369 739 1410 tuque
761 1372 822 1396 me
843 1360 883 1396 in
905 1360 1015 1396 omni
1036 1372 1175 1411 genere
1197 1359 1345 1411 semper
1371 1359 1651 1412 amplissimurn
1675 1360 1748 1398 effe

363 1434 403 1462 et
423 1424 591 1463 volueris
613 1433 650 1462 et
664 1424 882 1476 judicaris;
907 1433 992 1462 tum
1012 1423 1089 1463 hoc
1110 1425 1170 1462 vel
1193 1434 1261 1462 tuo
1281 1424 1397 1470 faeto,
1420 1426 1479 1463 vel
1501 1426 1638 1478 populi
1659 1427 1746 1464 Ro-

364 1491 471 1528 mani
491 1490 537 1528 de
559 1499 595 1528 te
610 1490 779 1543 judicio,
797 1490 925 1528 multo
941 1490 1065 1528 acrius
1087 1489 1434 1543 vehementiusque
1450 1490 1593 1543 diligo:
1617 1492 1746 1531 maxi-

363 1568 504 1607 maque
524 1554 660 1592 laetitia
679 1554 840 1599 afficior,
863 1568 956 1592 cum
976 1554 1023 1591 ab
1044 1554 1275 1593 horninibus
1295 1555 1617 1607 prudentiffimiS,
1635 1556 1746 1595 viris-

364 1634 440 1672 que
460 1620 638 1672 optimis,
669 1620 854 1658 omnibus
876 1619 1005 1665 dietis,
1035 1619 1162 1664 factis,
1194 1620 1344 1666 studiis,
1375 1621 1579 1666 institutis,
1602 1622 1662 1659 vel
1684 1636 1747 1660 me

365 1686 423 1723 tui
444 1685 610 1723 similem
629 1685 700 1723 effe
720 1685 850 1729 audio,
867 1685 928 1723 vel
950 1694 987 1723 te
1007 1685 1099 1724 mei.
1134 1686 1272 1722 Unum
1293 1698 1382 1723 vero
1404 1685 1429 1723 fi
1450 1686 1557 1723 addis
1579 1687 1624 1724 ad
1646 1701 1745 1739 prae-

365 1750 587 1789 clariffimas
610 1763 666 1788 res
687 1750 909 1788 consulatus
932 1750 1005 1795 tui,
1038 1759 1080 1787 ut
1108 1758 1172 1793 aut
1195 1749 1294 1788 mihi
1325 1748 1503 1788 succedat
1522 1764 1642 1803 quam
1663 1753 1745 1804 pri-

364 1829 477 1854 mum
497 1815 654 1867 aliquis,
672 1824 738 1853 aut
755 1829 802 1852 ne
823 1814 919 1868 quid
935 1815 1089 1853 accedat
1111 1815 1297 1867 temporis
1315 1815 1360 1852 ad
1383 1815 1435 1859 id,
1453 1816 1559 1866 quod
1581 1825 1623 1854 tu
1644 1816 1747 1854 mihi

362 1891 400 1919 et
421 1880 776 1919 senatus—consulto
797 1890 835 1918 et
855 1881 940 1932 lege
960 1880 1092 1925 finisti,
1110 1881 1243 1919 omnia
1263 1894 1326 1918 me
1348 1894 1413 1932 per
1434 1890 1471 1919 te
1491 1881 1747 1925 consecutum

364 1947 523 1999 putabo.
572 1947 675 1983 Cura
702 1954 745 1984 ut
774 1946 912 1991 valeas,
944 1955 982 1983 et
1009 1959 1072 1983 me
1092 1946 1289 1984 absentem
1311 1945 1449 1998 diligas
1471 1956 1587 1999 atque
1607 1946 1744 1985 defen-

363 2014 444 2050 das.
491 2012 588 2061 Qae
610 2010 711 2048 mihi
732 2010 778 2048 de
801 2011 953 2049 Parthis
975 2012 1153 2049 nuntiata
1172 2011 1275 2056 sunt,
1308 2012 1400 2063 quia
1419 2025 1496 2056 non
1520 2012 1705 2064 putabam
1725 2026 1747 2051 a

361 2091 424 2116 me
445 2077 563 2114 etiam
583 2089 688 2114 nunc
709 2076 908 2114 scribenda
928 2077 999 2115 effe
1019 2077 1193 2128 publice,
1225 2087 1428 2129 propterea
1453 2092 1500 2115 ne
1527 2092 1598 2130 pro
1624 2078 1742 2116 fami-

363 2142 526 2180 liaritate
548 2141 708 2194 quidem
731 2142 855 2179 nostra
875 2142 983 2181 volui
1003 2142 1049 2179 ad
1076 2151 1112 2180 te
1133 2143 1324 2187 scribere;
1359 2157 1419 2188 ne,
1452 2157 1543 2182 cum
1572 2144 1617 2182 ad
1644 2158 1741 2183 con-

362 2208 484 2245 sulem
506 2206 743 2259 scripsissem,
775 2207 935 2259 publice
955 2207 1104 2246 viderer
1123 2207 1318 2260 scripfiffe.

441 2480 507 2518 To
520 2491 572 2519 M.
604 2481 698 2519 VII.
1295 2485 1331 2521 G

1362 2497 1387 2535 OQ

1416 2497 1441 2535 σο,
