2351 2997
616 291 708 328 AD
768 285 1234 326 FAMILIARES
1296 285 1428 323 LIB.
1478 286 1526 322 V.
1715 301 1785 339 ¹25

402 391 508 435 licet,
541 402 658 441 quam
681 388 873 426 sermones
894 401 1046 431 eorum,
1078 386 1146 438 qui
1174 385 1424 438 frequentant
1453 385 1618 423 domum
1646 399 1789 430 meam,

401 463 566 506 excepto
583 468 676 499 uno,
695 464 760 491 aut
782 454 982 491 summum
999 453 1134 490 altero.
1169 453 1305 504 Itaque
1328 462 1416 489 utor
1432 451 1568 489 eodem
1592 451 1790 503 perfugio,

402 533 481 572 quo
503 520 577 557 tibi
600 519 792 557 utendum
809 519 958 564 censeo,
977 518 1144 559 literulis
1168 517 1331 561 nostris;
1356 527 1536 569 przrterea
1557 517 1794 555 conscientia

400 587 519 624 etiam
540 586 793 624 consiliorum
814 599 1007 623 meorum.
1042 585 1130 636 Ego
1151 584 1256 620 enim
1279 584 1310 620 is
1333 583 1432 627 sum,
1456 584 1793 635 quemadmodum

402 660 446 689 tu
477 651 668 689 facillime
696 661 805 704 potes
833 650 1065 694 existimare,
1097 650 1167 701 qui
1196 648 1297 686 nihil
1326 662 1501 700 unquam
1529 663 1613 686 mea
1646 651 1792 701 potius,

404 731 524 770 quam
555 732 735 755 meorum
766 716 929 760 civium,
961 715 1072 753 causa
1101 715 1291 752 fecerim:
1324 715 1390 752 cui
1420 715 1489 751 nifi
1521 715 1716 753 invidiffet
1745 717 1794 759 is,

403 797 522 834 quem
546 792 588 820 tu
611 796 813 834 nunquam
843 781 991 826 amasti,
1029 782 1110 833 (me
1139 781 1247 818 enim
1277 780 1451 830 amabas)
1483 789 1521 817 et
1552 780 1630 832 ipse
1662 780 1795 818 beatus

403 847 509 893 effet,
541 857 579 886 et
600 861 736 886 omnes
759 847 868 885 boni.
916 848 1004 899 Ego
1034 847 1134 891 sum,
1166 846 1236 898 qui
1267 845 1416 883 nullius
1448 846 1529 882 vim
1560 846 1649 898 plus
1671 846 1796 883 valere

403 913 528 958 volui,
560 928 679 966 quam
707 913 915 951 honestum
942 913 1098 950 otium:
1132 911 1331 964 idemque,
1365 926 1458 949 cum
1486 912 1554 949 illa
1575 911 1655 963 ipsa
1676 925 1796 956 arma,

405 992 491 1031 quae
512 979 662 1032 semper
683 980 907 1024 timueram,
925 979 1014 1031 plus
1037 978 1139 1030 poffe
1161 977 1268 1022 senfi,
1288 991 1406 1029 quam
1428 977 1544 1015 illum
1566 977 1797 1015 consensum

407 1044 618 1090 bonorum,
651 1060 770 1097 quem
800 1059 872 1097 ego
902 1045 1007 1082 idem
1039 1044 1258 1088 effeceram,
1291 1044 1426 1096 quavis
1458 1052 1541 1081 tuta
1569 1043 1799 1082 conditione

406 1124 544 1162 pacem
573 1111 747 1163 accipere
777 1111 914 1155 malui,
947 1123 1065 1162 quam
1087 1109 1236 1146 viribus
1262 1123 1354 1146 cum
1375 1109 1587 1147 valentiore
1608 1123 1796 1162 pugnare.

408 1176 481 1213 Sed
501 1186 539 1214 et
560 1175 643 1215 haec
664 1186 702 1214 et
723 1177 848 1214 multa
868 1177 942 1214 alia
962 1190 1092 1214 coram
1114 1176 1222 1213 brevi
1251 1185 1427 1228 tempore
1454 1175 1606 1213 licebit.
1654 1177 1799 1227 Neque

407 1254 471 1278 me
504 1250 634 1278 tamen
670 1241 751 1279 ulla
784 1255 842 1279 res
875 1242 948 1279 alia
982 1242 1121 1278 Romae
1157 1249 1277 1285 tenet,
1311 1241 1380 1278 nifi
1415 1242 1633 1292 expectatio
1668 1255 1798 1278 rerum

408 1304 715 1344 Africanarum:
748 1306 902 1344 videtur
929 1306 1035 1344 enim
1063 1305 1165 1343 mihi
1193 1319 1250 1344 res
1279 1307 1320 1343 in
1345 1306 1615 1358 propinquum
1637 1306 1801 1344 adducta

408 1370 631 1410 discrimen.
677 1372 780 1409 Puto
800 1381 932 1410 autem
953 1385 1039 1409 mea
1059 1371 1245 1408 nonnihil
1267 1372 1457 1416 interefl‘e,
1493 1374 1737 1424 (quanquam
1758 1372 1799 1409 id

409 1436 554 1489 ipsum,
586 1438 682 1490 quid
714 1438 879 1483 interfit,
912 1452 990 1475 non
1023 1437 1110 1475 sane
1141 1437 1342 1489 intelligo)
1380 1447 1648 1482 veruntamen,
1680 1438 1798 1490 quid-

409 1503 506 1555 quid
523 1504 635 1542 illinc
653 1504 879 1542 nuntiatum
898 1504 957 1549 fit,
976 1517 1055 1542 non
1071 1503 1189 1556 longe
1205 1502 1327 1541 abefl‘e
1340 1503 1459 1541 velim
1476 1517 1495 1541 a
1511 1504 1680 1541 confiliis
1698 1505 1800 1542 ami-

409 1582 562 1607 corum.
596 1569 663 1607 Est
684 1570 790 1607 enim
812 1583 869 1607 res
886 1570 970 1621 jam
990 1570 1031 1607 in
1052 1583 1143 1607 eum
1164 1569 1300 1606 locum
1320 1569 1497 1614 adducta,
1516 1578 1559 1607 ut
1575 1583 1800 1622 quanquam

410 1635 586 1672 multum
607 1635 756 1672 interfit
777 1635 878 1672 inter
897 1649 1033 1672 eorum
1055 1635 1197 1679 causas,
1221 1634 1291 1686 qui
1312 1634 1518 1679 dimicant,
1548 1644 1676 1673 tamen
1699 1636 1802 1673 inter

409 1701 588 1738 victorias
611 1714 689 1738 non
710 1701 885 1739 multum
906 1699 1191 1738 interfuturum
1213 1710 1363 1752 putem.
1403 1700 1474 1738 Sed
1495 1701 1610 1753 plane
1630 1703 1800 1746 animus,

411 1767 481 1818 qui
497 1766 628 1804 dubiis
645 1767 759 1804 rebus
776 1766 934 1804 forfitan
952 1766 1072 1804 fuerit
1093 1766 1302 1811 infirmior,
1321 1766 1527 1819 desperatis
1546 1767 1801 1806 confirmatus

411 1832 464 1869 est
484 1832 688 1876 multum,
721 1846 840 1884 quem
869 1833 987 1870 etiam
1016 1842 1090 1870 tuae
1120 1832 1330 1884 superiores
1359 1832 1479 1870 literae
1500 1833 1799 1880 confirmarunt,

411 1899 557 1950 quibus
574 1898 753 1936 intellexi
770 1912 888 1951 quam
906 1898 1061 1936 fortiter
1076 1898 1262 1950 injuriam
1279 1897 1417 1936 ferres:
1432 1899 1616 1950 juvitque
1633 1913 1711 1944 me,
1728 1901 1803 1937 tibi

412 1977 504 2001 cum
521 1963 714 2002 summam
736 1963 1040 2009 humanitatem,
1072 1973 1159 2002 tum
1180 1964 1298 2001 etiam
1321 1973 1404 2001 tuas
1426 1965 1571 2009 literas,
1600 1964 1799 2017 profuisse.

412 2030 562 2067 Verum
584 2031 691 2068 enim
713 2030 894 2075 scribam,
914 2031 1103 2068 teneriore
1119 2029 1222 2068 mihi
1238 2031 1371 2068 animo
1388 2030 1580 2076 videbare,
1599 2031 1696 2069 ficut
1713 2045 1805 2069 om-

413 2108 479 2133 nes
496 2094 591 2140 fere,
609 2096 679 2148 qui
699 2097 778 2134 vita
798 2097 968 2148 ingenua
988 2097 1027 2134 in
1047 2097 1156 2134 beata
1171 2096 1329 2134 civitate
1349 2106 1388 2134 et
1408 2097 1448 2134 in
1471 2096 1592 2134 libera
1612 2098 1800 2136 viximus.

414 2161 486 2198 Sed
507 2171 551 2199 ut
571 2161 639 2198 illa
660 2161 825 2199 secunda
845 2163 1043 2200 moderate
1064 2163 1246 2207 tulimus,
1278 2163 1329 2200 fic
1355 2162 1457 2200 hanc
1479 2176 1559 2200 non
1584 2162 1710 2201 solum
1732 2164 1801 2201 ad-

414 2227 575 2272 versam,
594 2227 656 2265 sed
677 2227 858 2266 funditus
874 2228 1057 2274 eversam,
1076 2227 1277 2267 fortunam
1298 2228 1455 2267 fortiter
1470 2229 1569 2267 ferre
1590 2229 1800 2276 debemus;

416 2302 460 2330 ut
480 2292 556 2331 hoc
577 2293 712 2331 saltem
734 2294 773 2332 in
792 2294 975 2332 maximis
992 2294 1106 2333 malis
1124 2295 1219 2333 boni
1240 2295 1538 2347 consequamur,
1557 2304 1600 2333 ut
1617 2305 1802 2340 mortem,

415 2372 534 2412 quam
555 2359 673 2396 etiam
696 2360 798 2398 beati
819 2370 1070 2399 contemnere
1091 2361 1317 2406 debeamus,
1348 2370 1552 2414 propterea
1578 2361 1683 2414 quod
1710 2362 1802 2399 nul-

416 2428 501 2464 lum
523 2426 675 2464 sensum
695 2426 786 2464 effet
805 2426 1001 2473 habitura,
1020 2441 1126 2466 nunc
1147 2429 1198 2466 fic
1219 2427 1361 2473 affecti,
1380 2442 1460 2466 non
1481 2428 1601 2466 modo
1621 2437 1802 2465 contem-

416 2506 506 2531 nere
526 2492 751 2539 debeamus,
774 2492 837 2531 sed
857 2493 975 2532 etiam
996 2502 1143 2547 optare.
1177 2495 1259 2540 Tu,
1282 2495 1308 2533 fi
1329 2508 1393 2533 me
1413 2494 1562 2547 diligis,
1585 2493 1711 2532 fruere
1731 2493 1805 2531 isto
