2351 2997
612 251 703 289 AD
762 244 1227 286 FAMILIARES
1287 244 1423 282 Llss.
1472 245 1548 282 111.
1737 259 1784 299 53

623 486 692 524 M.
726 486 778 523 T.
813 486 862 523 C.
895 485 1080 521 App10
1119 484 1402 521 PULcHRo
1444 482 1482 519 S.
1517 481 1570 518 D.

407 616 459 654 V.
476 613 560 687 T
577 615 612 652 R
626 615 753 652 ALL
770 615 802 652 E
819 614 840 650 S
870 613 957 651 veni
978 620 1067 649 ante
1087 610 1192 648 diem
1216 623 1276 648 VI.
1301 609 1483 648 kalendas
1506 609 1684 648 Sextiles.
1730 610 1791 649 Ibi

592 679 694 718 mihi
723 678 857 731 praesto
887 676 964 715 fuit
990 678 1038 715 L.
1064 675 1244 714 Lucilius
1266 689 1360 713 cum
1380 675 1503 713 literis
1525 675 1794 729 mandatisque

407 749 485 786 tuis
503 766 515 793 ;
547 759 626 798 quo
657 745 818 798 quidem
849 743 1054 781 hominem
1076 742 1277 780 neminem
1298 741 1458 794 potuisti
1479 755 1549 778 nec
1570 741 1672 779 mihi
1693 743 1794 780 ami-

408 815 571 857 ciorem,
590 825 660 849 nec
680 813 743 863 (ut
763 810 946 860 arbitror)
967 809 1011 847 ad
1028 822 1070 846 ea
1086 807 1368 860 cognoscenda,
1386 821 1471 859 quae
1488 807 1582 844 scire
1598 807 1794 854 volebam,

409 880 600 932 aptiorem
621 876 965 929 prudentioremve
986 875 1156 912 mittere.
1204 875 1292 926 Ego
1321 883 1452 911 autem
1481 882 1520 910 et
1551 882 1633 910 tuas
1664 873 1795 911 literas

410 945 489 997 legi
509 944 692 987 libenter,
714 950 753 980 et
773 941 903 979 audivi
923 940 1130 978 Lucilium
1151 939 1375 991 diligenter.
1408 939 1530 976 Nunc
1550 939 1739 991 quoniam
1759 948 1800 977 et

410 1019 455 1048 tu
487 1011 541 1048 ita
570 1009 704 1053 sentis,
738 1007 892 1060 (scribis
924 1006 1046 1051 enim,
1076 1019 1163 1058 quae
1192 1004 1239 1043 de
1267 1004 1404 1042 nostris
1431 1004 1572 1042 officiis
1600 1018 1672 1056 ego
1693 1004 1739 1042 ad
1761 1013 1800 1042 te

412 1076 646 1128 scripserim,
677 1074 744 1112 etfi
776 1073 850 1111 tibi
874 1072 1051 1125 jucunda
1071 1070 1233 1116 fuerint,
1264 1080 1411 1115 tamen,
1443 1071 1631 1122 quoniam
1652 1084 1699 1108 ex
1719 1070 1800 1109 alto

413 1143 577 1194 repetita
596 1141 684 1185 sint,
716 1153 795 1177 non
826 1138 1029 1176 necessaria
1058 1146 1096 1175 te
1125 1136 1287 1189 putaffe)
1320 1145 1360 1173 et
1379 1150 1418 1174 re
1438 1149 1539 1180 vera,
1570 1135 1803 1174 confirmata

413 1207 588 1244 amicitia
620 1215 658 1243 et
692 1204 887 1257 perspecta
920 1203 1010 1248 fide,
1047 1202 1373 1241 commemoratio
1407 1202 1630 1240 officiorum
1665 1201 1800 1254 super-

414 1284 578 1311 vacanea
596 1270 676 1315 est;
709 1283 794 1307 eam
821 1278 972 1322 partem
1002 1268 1187 1306 orationis
1218 1268 1542 1319 praetermittam:
1575 1267 1649 1305 tibi
1671 1276 1804 1305 tamen·

415 1351 542 1390 agam,
575 1346 619 1374 ut
639 1335 776 1380 debeo,
808 1335 962 1387 gratias.
1008 1333 1281 1371 Animadverti
1301 1333 1423 1378 enim,
1454 1342 1493 1370 et
1513 1332 1635 1370 didici
1655 1347 1703 1370 ex
1724 1334 1802 1371 tuis

417 1404 556 1449 literis,
588 1412 626 1441 te
646 1401 832 1439 omnibus
862 1401 903 1438 in
932 1401 1046 1438 rebus
1067 1399 1241 1438 habuiffe
1262 1399 1452 1436 rationem
1475 1408 1518 1436 ut
1538 1398 1640 1436 mihi
1660 1399 1804 1437 consu-

417 1469 529 1514 leres,
561 1466 854 1519 restitueresque
885 1474 923 1504 et
954 1478 1182 1518 praeparares
1218 1463 1511 1517 quodammodo
1545 1464 1692 1508 omnia,
1724 1477 1810 1516 quor

419 1549 504 1573 mea
532 1535 630 1573 ratio
659 1532 813 1571 facilior
841 1541 880 1570 et
909 1532 1072 1570 solutior
1100 1531 1171 1570 effe
1193 1530 1329 1584 posset.
1375 1531 1467 1568 Hoc
1490 1539 1604 1568 tuum
1625 1529 1805 1568 officium

419 1615 510 1639 cum
532 1600 633 1638 mihi
654 1599 914 1652 gratiffimum
933 1598 1005 1636 effe
1026 1598 1169 1643 dicam,
1202 1597 1377 1650 sequitur
1402 1596 1516 1640 illud,
1548 1605 1592 1634 ut
1614 1605 1651 1633 te
1671 1595 1805 1633 existi-

420 1680 524 1704 mare
554 1666 674 1704 velim
704 1664 805 1703 mihi
836 1678 986 1717 magnae
1015 1678 1116 1702 curae
1146 1663 1246 1709 fore,
1276 1672 1392 1715 atque
1413 1663 1598 1714 effejmn,
1630 1662 1808 1714 primum

422 1742 464 1771 ut
484 1733 563 1786 ipse
585 1742 627 1770 tu
649 1732 786 1783 tuique
806 1745 957 1776 omnes,
989 1731 1129 1769 deinde
1149 1739 1194 1768 ut
1213 1730 1331 1768 etiam
1353 1729 1509 1781 reliqui,
1533 1729 1627 1766 scire
1648 1729 1805 1781 possint,

420 1813 484 1837 me
506 1799 579 1837 tibi
600 1798 672 1836 esse
688 1798 979 1835 amiciffimum.
1004 1796 1123 1848 Qod
1141 1797 1286 1849 quibus
1303 1795 1430 1833 adhuc
1447 1809 1526 1833 non
1543 1795 1631 1832 satis
1648 1794 1701 1832 est
1716 1809 1806 1847 per-

421 1864 611 1916 spectum,
643 1864 671 1901 ii
691 1862 793 1901 mihi
823 1863 928 1901 nolle
950 1863 1090 1915 magis,
1122 1875 1192 1900 nos
1213 1861 1290 1900 hoc
1311 1862 1442 1899 animo
1463 1861 1548 1905 effe,
1580 1874 1700 1912 quam
1729 1875 1812 1899 nonv

422 1930 657 1982 intelligere,
690 1929 884 1966 videntur.
933 1928 1005 1966 Sed
1038 1927 1215 1981 profecto
1250 1927 1475 1979 intelligent
1492 1946 1509 1971 3,
1541 1939 1668 1978 neque
1701 1927 1813 1964 enim

423 1995 597 2033 obscuris
619 1994 806 2047 personis,
826 2008 896 2032 nec
913 1995 1038 2046 parvis
1061 1994 1100 2031 in
1123 1993 1257 2038 caufis,
1276 2007 1332 2031 res
1354 2002 1503 2045 agetur.
1529 1992 1601 2029 Sed
1621 1990 1704 2029 haec
1726 1991 1810 2029 fieri

426 2061 584 2106 melius,
616 2073 734 2112 quam
756 2060 850 2104 dici,
882 2070 947 2097 aut
968 2060 1099 2104 scribi,
1131 2059 1235 2097 volo.
1281 2059 1400 2110 Qod
1421 2059 1609 2095 itinerum
1629 2071 1811 2096 meorum

425 2127 522 2164 ratio
541 2136 576 2164 te
594 2126 827 2165 nonnullam
849 2127 888 2164 in
910 2126 1199 2164 dubitationem
1217 2125 1370 2163 videtur
1391 2124 1600 2168 adducere,
1614 2124 1810 2161 visurusne

426 2207 489 2230 me
511 2193 555 2229 fis
578 2193 616 2230 in
639 2192 865 2245 provincia3
892 2206 935 2230 ea
954 2206 1011 2230 res
1034 2192 1083 2229 fic
1106 2192 1142 2229 se
1161 2191 1293 2229 habet.
1328 2190 1534 2229 Brundufii
1556 2203 1647 2228 cum
1669 2190 1808 2243 loque-

429 2271 487 2295 rer
507 2271 600 2295 cum
621 2257 783 2303 Phania,
815 2258 957 2295 liberto
980 2267 1065 2302 tuo,
1089 2257 1179 2295 veni
1198 2258 1239 2294 in
1260 2271 1352 2294 eum
1373 2256 1605 2300 sermonem,
1639 2264 1681 2293 ut
1702 2256 1810 2293 dice-2

429 2337 526 2368 rem,
557 2337 620 2362 me
649 2323 817 2361 libenter
845 2324 891 2361 ad
921 2337 1005 2361 eam
1026 2333 1176 2376 partem
1197 2323 1407 2376 provinciae
1428 2322 1604 2374 primum
1624 2321 1695 2358 effe
1716 2335 1808 2359 ven-

429 2399 579 2433 turum,
610 2403 689 2441 quo
711 2399 748 2427 te
769 2390 939 2428 maxime
961 2390 1059 2428 velle
1079 2390 1297 2428 arbitrarer.
1344 2390 1463 2427 Tunc
1485 2387 1586 2426 mihi
1607 2387 1674 2424 ille
1695 2387 1810 2431 dixit,

431 2454 536 2506 quod
559 2454 668 2491 claffe
690 2463 733 2492 tu
757 2455 875 2493 velles
904 2455 1102 2501 decedere,
1133 2469 1202 2508 per
1232 2454 1316 2493 fore
1347 2453 1690 2492 accommodatum
1722 2452 1810 2496 tibi,

429 2520 457 2558 fi
487 2520 532 2558 ad
565 2520 675 2558 illam
705 2521 942 2560 maritimam
974 2530 1123 2574 partem
1153 2521 1364 2575 provinciae
1385 2520 1547 2559 navibus
1568 2517 1813 2556 acceffiffem,
