2351 2997
387 385 447 454 ἷξε

394 781 451 810 257

402 1129 460 1167 258

649 271 941 311 VARIAE
1027 265 1583 311 LECTIONES.

472 424 505 451 23
530 411 724 450 Rufrenosque
739 412 760 440 P
775 411 954 451 Rufrenosque

469 469 510 476 —
529 460 558 481 et
570 460 683 481 caeteros
697 466 711 480 v
726 454 753 481 d.

472 495 509 522 26
532 500 574 521 tot
589 493 697 520 civibus
712 506 725 520 υ
738 493 764 521 d.

472 543 511 571 29
532 533 673 570 principes
688 546 701 560 u
711 536 828 570 princept

473 583 510 610 30
531 572 646 600 summae
661 572 808 600 dementiae
822 579 850 601 et
864 585 878 600 v
891 573 1015 600 maximae

472 623 505 651 31
532 612 708 649 prodidiss‘en
725 626 738 640 υ
750 614 910 650 perdidff’m

473 663 510 690 32
531 652 695 680 defuturum
712 653 731 680 P
747 665 770 685 v,
786 650 812 687 ψ
827 654 974 690 defuturam

475 702 510 730 33
538 692 579 720 Ut
596 693 614 720 P
629 692 653 726 ψ
668 693 694 719 d.

476 741 514 769 34
533 731 652 758 habeam
670 731 690 758 P
703 745 716 758 υ
731 730 810 760 habeo
825 731 849 764 ψ
859 730 956 758 habebo

496 781 512 799 2
536 770 673 798 felicitate
687 771 841 807 ofilimati

495 812 512 838 8
535 819 636 847 meque
651 823 663 837 v
679 821 761 847 meque
775 817 859 838 mutuo

479 860 514 878 10
535 849 661 877 excusem
678 850 697 877 P
713 864 737 882 u,
753 850 777 884 ψ
791 849 888 883 excusis

478 899 514 927 ¹7
535 889 740 918 observantiam
762 903 776 917 v
790 889 989 926 ohftrvantiam.
1009 889 1108 917 Iterum

588 929 646 956 vale

480 969 517 997 26
540 968 617 996 fratri
632 982 646 996 υ
659 969 683 996 d.

481 1018 518 1044 27
541 1018 575 1035 ne
591 1009 681 1036 nostro
695 1022 708 1036 υ
722 1010 807 1045 vestro

482 1050 518 1076 28
541 1055 569 1076 te
583 1058 618 1076 ex
634 1049 729 1076 Planci
743 1062 756 1076 υ
771 1050 798 1077 d.

480 1098 518 1126 29
539 1087 792 1116 senatus-consulto
805 1087 1053 1124 ‚lzſs’natu-confidto

506 1138 521 1156 2
543 1136 570 1155 et
585 1128 700 1166 quidem
716 1142 729 1155 v
743 1130 854 1165 equidem

481 1184 522 1190 —
544 1167 626 1197 Vale.
658 1169 676 1195 P
693 1169 765 1196 Vale.
791 1167 848 1197 III.
864 1167 929 1196 Kal.
945 1167 1022 1206 Julii

504 1210 521 1236 8
544 1207 680 1236 facillime
695 1207 801 1245 vfacile

505 1258 523 1284 c)
546 1257 602 1274 non
618 1246 645 1282 ψ
659 1249 685 1276 d.

485 1297 496 1316 1
507 1297 516 1315 1
543 1287 637 1324 coegit
651 1288 676 1322 ψ
691 1289 757 1324 cogit

487 1337 497 1356 1
507 1337 520 1363 3
546 1327 681 1363 patientia
695 1341 708 1354 v
718 1329 866 1363 pprtinacia

489 1376 526 1402 14
547 1366 666 1394 millium
684 1368 703 1394 P
718 1366 803 1394 millia

490 1407 526 1434 16
547 1405 702 1444 salutariter
715 1419 739 1438 v,
754 1404 906 1441 alasalutari

491 1455 525 1482 17
552 1445 686 1473 Vocontii
704 1459 717 1472 u
732 1447 853 1473 Veruntii

490 1494 529 1514 20
550 1494 576 1513 a.
593 1485 621 1513 d.
640 1487 659 1513 P
675 1488 736 1513 adv
752 1486 778 1513 d.

490 1535 528 1554 22
550 1534 595 1552 me
610 1538 623 1552 v
637 1525 663 1552 d.

491 1574 527 1602 23
552 1564 624 1592 ullus
637 1578 650 1592 υ
665 1573 729 1592 unus·

490 1612 531 1641 24
549 1604 728 1632 omitteretur
742 1617 766 1637 v,
780 1604 805 1637 ψ
819 1605 981 1631 amitteretur

490 1654 527 1680 27
551 1645 586 1672 ad
604 1645 622 1671 Ρ
636 1654 659 1672 et
674 1647 712 1672 ad
723 1644 836 1681 rempub.
852 1643 878 1679 ’ψ
894 1643 981 1681 repub.

492 1693 525 1723 3¹
551 1684 620 1712 facit
636 1698 660 1717 v,
674 1683 777 1722 wlaefecit

411 1734 471 1764 259
517 1733 527 1752 1
553 1724 705 1751 ἀεάυέὶιιῐη
721 1725 858 1758 ῴόιιέΐιιηι

515 1774 529 1802 3
553 1764 624 1792 vivit
731 1764 775 1792 sed
790 1777 803 1791 υ
818 1769 844 1791 d.

513 1815 531 1842 4
555 1805 666 1842 Magno
681 1804 700 1831 Ρ
716 1805 768 1842 Ego
782 1814 871 1841 magno
881 1817 894 1831 υ
915 1801 941 1838 ψ
956 1803 990 1831 Et
1003 1811 1093 1841 magno

516 1854 532 1882 ς
556 1844 706 1872 veniebant
723 1858 735 1872 υ
751 1844 876 1871 veniebat

515 1893 532 1921 7
555 1883 734 1921 extingueret
748 1897 761 1911 v
775 1886 964 1920 extingueretur

516 1927 533 1952 8
555 1923 753 1960 improbabam
769 1936 782 1950 υ
797 1922 956 1960 improbabat

495 1978 534 1987 ··-
557 1964 648 1991 missos
663 1964 683 1991 P
695 1976 719 1996 v,
734 1961 761 1997 ψ
776 1963 882 1999 dimtffos

514 2014 532 2042 9
553 2011 711 2031 vetaveram
739 2004 759 2030 P
788 2010 952 2030 veta-verant
981 2004 1016 2037 (a
1039 2003 1128 2039 prima

594 2043 689 2079 manu)
708 2051 842 2070 vetueram
864 2045 900 2077 (a
905 2042 1038 2079 stranda)

497 2097 538 2105 —
559 2082 684 2110 militum
702 2082 806 2119 vplebis

502 2132 535 2160 13
558 2131 618 2150 ac1e
632 2135 645 2149 υ
660 2125 739 2150 aciem

503 2172 540 2199 ¹4
560 2161 648 2198 copiis
663 2175 676 2189 v
690 2165 765 2199 cupii:
778 2161 838 2197 suis

505 2212 540 2238 17
563 2202 639 2229 urbis
654 2202 679 2235 ψ
694 2204 766 2230 vobis

503 2251 541 2271 20
562 2242 735 2269 mehercules
754 2254 767 2268 v
782 2242 809 2268 d.

503 2292 536 2311 21
561 2289 706 2310 exacuunt
723 2282 748 2315 ψ
761 2283 892 2309 excutiunt

505 2331 541 2358 ²4
566 2322 755 2360 Allobrogum
771 2335 784 2349 v
801 2319 973 2357 Allobrogum.
998 2318 1063 2347 Vale

505 2363 541 2390 28
564 2362 674 2389 voluisti
689 2375 702 2389 v
715 2362 786 2389 volui

506 2411 543 2439 29
565 2402 678 2430 videtur
697 2415 710 2429 v
726 2412 772 2429 non
786 2401 894 2429 videtur

506 2450 539 2479 31
565 2441 744 2480 indulgentia
762 2442 787 2476 ψ
800 2440 935 2479 diligentia

505 2497 545 2502 —
565 2482 649 2519 Qod
666 2495 679 2509 υ
694 2482 771 2519 Qid
926 2489 930 2493 “

504 2522 594 2552 ΤοΜ.
616 2521 683 2551 VH.

1157 380 1188 407 p.

1158 411 1215 438 260

1179 1481 1230 1510 261

1250 368 1259 397 1

1260 418 1271 436 1
1296 414 1390 447 gratas
1407 407 1433 441 ψ
1442 408 1547 445 gratias

1258 458 1273 477 2
1297 449 1339 476 tui
1354 462 1377 481 v,
1394 446 1421 482 ψ
1434 456 1481 474 tua

1259 498 1273 526 3
1298 489 1326 516 in
1342 494 1511 526 perpetuum
1525 499 1538 514 υ
1552 486 1581 513 d.

1258 537 1273 565 ς
1296 537 1350 566 ego
1365 541 1378 556 υ
1391 528 1416 555 d.

1259 569 1275 595 8
1298 567 1374 595 casus
1387 581 1400 595 υ
1419 565 1487 602 casus
1500 575 1539 593 eo:

1259 617 1277 644 9
1298 606 1405 634 aversos
1421 620 1445 639 u,
1459 606 1485 639 ψ
1499 606 1628 642 adversm

1237 662 1277 669 —-
1299 646 1400 683 possem
1414 646 1439 680 ψ
1448 645 1535 683 poſjim

1244 696 1278 715 ιο
1300 686 1346 713 hic
1360 699 1373 714 υ
1388 686 1414 713 d.

1243 735 1273 754 11
1299 725 1421 753 aviditas
1438 737 1451 752 υ
1467 724 1604 760 afflduitas

1246 774 1281 795 12
1304 764 1416 802 probari
1432 777 1445 792 v
1456 763 1567 801 probare

1245 815 1254 833 1
1264 815 1277 842 3
1301 804 1420 833 subfidia
1433 817 1446 831 υ
1457 803 1584 840 praefidia

1247 855 1283 882 ¹4
1302 845 1410 881 impetu
1425 843 1451 877 ψ
1466 845 1571 880 impetui

1241 900 1282 907 —
1304 883 1506 921 parricidarum
1521 881 1731 919 Pparicidarum

1248 934 1282 962 ¹7
1305 924 1381 952 bima
1396 924 1416 951 P
1429 936 1443 950 υ
1457 922 1520 950 bina
1534 921 1597 959 (ſsd
1609 924 1630 938 ‘⁶
1640 919 1732 948 bima''
1743 921 1772 948 in
1783 929 1828 948 ora
1841 917 1875 946 ab

1348 963 1387 991 al.
1402 961 1493 999 man.)

1250 1014 1259 1032 1
1269 1006 1284 1032 8
1307 1003 1445 1031 exercitus
1460 1016 1473 1030 υ
1487 1004 1515 1030 d.

1251 1054 1285 1081 ¹9
1310 1043 1428 1070 nimium
1443 1055 1457 1069 v
1472 1042 1499 1070 d.

1248 1093 1286 1112 20
1308 1083 1460 1110 nostrorum
1478 1095 1490 1109 υ
1505 1082 1531 1110 d.

1250 1133 1282 1152 21
1310 1132 1390 1159 aequo
1405 1135 1418 1149 υ
1433 1133 1464 1148 ex
1479 1122 1523 1148 hoc

1251 1173 1285 1200 23
1309 1162 1474 1190 videbamus
1489 1174 1502 1188 v
1516 1159 1659 1189 videbatur

1253 1213 1289 1239 24
1310 1202 1398 1229 literis
1413 1215 1425 1228 υ
1437 1203 1464 1228 d.

1253 1253 1287 1278 27
1312 1241 1456 1278 literisque
1470 1240 1495 1274 ψ
1509 1238 1638 1278 Ιίιενιγᾳιιε
1647 1241 1738 1278 nostris

1254 1284 1289 1311 28
1312 1281 1388 1319 quod
1402 1281 1438 1308 ad
1451 1281 1476 1315 ψ
1491 1281 1577 1317 quoad

1255 1331 1292 1360 29
1312 1321 1388 1358 quod
1405 1320 1430 1354 ψ
1444 1331 1490 1358 quo

1256 1371 1293 1399 30
1315 1370 1367 1397 ego
1383 1374 1395 1388 υ
1410 1362 1439 1388 d.

1257 1411 1288 1439 31
1315 1401 1391 1438 quod
1407 1413 1421 1428 υ
1435 1401 1503 1438 quod
1511 1410 1565 1428 eum

1258 1451 1294 1479 32
1317 1440 1392 1469 hunc
1406 1453 1419 1468 v
1433 1440 1510 1468 habet
1523 1450 1576 1468 eum

1279 1490 1294 1508 2
1317 1481 1346 1508 id
1362 1489 1445 1508 omne
1459 1493 1473 1507 v
1487 1481 1566 1507 civem

1279 1529 1293 1558 3
1317 1529 1351 1548 ex
1367 1530 1400 1548 eo
1421 1527 1559 1556 tempore,
1582 1527 1640 1556 quo
1656 1530 1670 1546 υ
1681 1527 1708 1546 eo
1721 1523 1804 1555 turpe,
1825 1516 1892 1553 quod

1366 1559 1392 1593 ψ
1407 1570 1431 1587 eo
1445 1567 1552 1596 tempore

1278 1609 1297 1636 4
1318 1599 1448 1627 voluisset
1464 1599 1602 1635 upotuifflt

1281 1649 1295 1677 5
1320 1639 1531 1666 adverfissirnam
1546 1638 1571 1670 ψ
1585 1637 1773 1674 averfiffimam

1279 1680 1297 1706 6
1319 1679 1447 1707 maximo
1462 1677 1616 1706 detrusum.
1639 1677 1659 1704 P
1671 1676 1698 1711 ψ
1711 1677 1834 1704 maximo.
1855 1676 1892 1703 Et

1366 1729 1413 1746 rur
1427 1728 1455 1746 lls‘

1281 1769 1297 1796 7
1321 1758 1434 1787 consilia
1448 1759 1473 1790 ψ
1488 1757 1585 1796 confilio

1260 1815 1300 1822 -·
1321 1798 1406 1827 etiam
1422 1812 1434 1825 υ
1447 1800 1474 1827 α’.

1283 1841 1298 1867 8
1320 1838 1521 1876 cogitationem
1537 1850 1550 1865 υ
1565 1838 1743 1874 rogitationem

1282 1890 1299 1917 9
1322 1878 1521 1907 transtulerint,
1537 1883 1673 1914 exputare
1687 1889 1700 1903 v
1715 1873 1892 1913 trasstulerat,

1369 1918 1500 1955 explicare
1803 1918 1806 1922 '

1268 1968 1302 1986 ιο
1324 1958 1394 1986 mihi
1410 1971 1422 1984 ιι
1437 1959 1464 1985 a'.

1268 2008 1301 2027 12
1323 1998 1372 2026 ille
1387 2011 1400 2024 v
1416 1997 1465 2025 illa

1262 2054 1303 2060 —-·
1324 2048 1368 2065 me
1382 2051 1394 2064 υ
1409 2044 1434 2065 te

1268 2088 1300 2115 13
1324 2077 1399 2106 enim
1416 2076 1442 2111 ψ
1455 2078 1519 2105 enim
1533 2085 1596 2104 vcro

1272 2128 1307 2154 14
1328 2124 1466 2155 quantum
1482 2116 1506 2149 ψ
1521 2125 1641 2153 quantam

1271 2167 1304 2194 ις
1327 2157 1520 2184 auctoritatem
1537 2170 1549 2183 υ
1561 2158 1726 2184 auc‘hrilatis

1271 2197 1306 2224 16
1326 2197 1439 2224 duriore
1453 2197 1477 2227 ψ
1491 2198 1589 2224 duriori

1269 2247 1301 2265 21
1329 2237 1381 2264 tibi
1396 2249 1409 2263 v
1423 2236 1446 2262 d.

1270 2286 1304 2313 27
1328 2277 1463 2312 istamque
1478 2289 1490 2302 u
1508 2275 1595 2312 Itaque

1265 2331 1307 2338 —
1328 2317 1483 2343 navitatem
1499 2315 1521 2348 ᾧ
1538 2316 1709 2342 nativitatem

1190 2357 1246 2386 262
1293 2366 1302 2384 1
1329 2356 1453 2383 maximo
1466 2364 1549 2392 opere
1564 2368 1577 2382 υ
1592 2361 1734 2392 magnoptrt

1290 2406 1304 2424 2
1326 2396 1396 2433 quid
1410 2409 1423 2422 υ
1437 2395 1462 2422 d.

1267 2452 1308 2458 —
1329 2437 1377 2463 Sin
1398 2449 1412 2462 v
1427 2436 1457 2463 Si

1290 2487 1309 2513 4
1331 2485 1364 2504 ne
1379 2474 1405 2510 ψ
1419 2486 1448 2503 ne
1461 2475 1527 2513 quid

1551 2514 1610 2551 (ζῆ
1626 2523 1645 2551 q
