2351 2997
556 300 630 340 340
899 291 1581 329 EPISTOLARUM

552 385 754 430 accidiffe,
788 400 880 438 quas
902 387 1049 425 idcirco
1071 402 1146 426 non
1170 403 1451 434 commemoro,
1484 404 1531 427 ne
1551 390 1598 427 de
1624 389 1786 428 miseriis
1816 404 1928 429 meo·-

551 463 639 487 rum
674 451 968 489 neceffariorum
1002 466 1258 504 conquerens,
1289 453 1484 498 homines,
1524 468 1620 506 quos
1656 455 1761 500 nolo,
1798 455 1928 494 videar

550 515 758 553 offendere.
792 517 942 568 Itaque,
975 517 1044 554 nisi
1066 531 1246 569 magnam
1268 518 1373 570 spem
1395 518 1591 564 haberem,
1624 521 1673 558 C.
1697 521 1835 558 Caesari
1855 534 1925 559 nos

551 579 702 617 causam
730 581 940 633 municipii
970 582 1229 633 probaturos;
1263 597 1340 620 non
1373 592 1452 621 erat
1482 584 1608 628 causa,
1638 598 1707 622 cur
1735 598 1756 622 a
1785 594 1821 623 te
1849 585 1926 623 hoc

551 653 725 695 tempore
745 645 894 696 aliquid
915 647 1206 686 contenderem.
1240 648 1312 685 Sed
1333 649 1424 700 quia
1444 649 1615 694 confido,
1637 648 1816 702 mihique
1836 664 1926 702 per-

550 709 657 753 suasi,
688 709 803 747 illum
825 720 863 747 et
884 711 1085 762 dignitatis
1107 713 1331 765 municipii,
1357 723 1396 751 et
1415 714 1623 766 aequitatis,
1645 715 1761 752 etiam
1783 715 1925 752 volun-

550 775 639 811 tatis
661 788 749 826 erga
769 775 818 819 se,
850 775 1077 815 habiturum
1099 778 1170 815 effe
1191 779 1379 816 rationem
1398 798 1407 822 ;
1441 779 1526 816 ideo
1548 793 1568 816 a
1594 789 1631 817 te
1651 793 1730 817 non
1751 780 1928 818 dubitavi

549 839 796 884 contendere,
829 850 872 877 ut
898 840 998 878 hanc
1020 842 1169 880 cau-sam
1198 843 1258 880 illi
1289 844 1478 895 integram
1507 844 1759 882 conservares.
1807 845 1927 896 Qod

550 905 616 941 etfi
638 904 898 942 nihilominus
919 919 938 942 a
967 916 1003 943 te
1032 916 1218 959 peterem,
1251 909 1276 945 si
1310 908 1410 945 nihil
1442 909 1665 947 audivissem
1695 918 1732 947 te
1760 910 1834 947 tale
1864 909 1924 947 fe-

548 969 664 1014 ciffe,
703 978 830 1006 tamen
867 971 1054 1022 majorem
1089 973 1194 1023 spem
1231 973 1464 1024 impetrandi
1498 975 1630 1011 nactus
1665 973 1769 1018 sum,
1802 975 1927 1026 postea

548 1047 666 1085 quam
689 1033 788 1071 mihi
809 1035 957 1072 dietum
978 1036 1045 1081 est,
1077 1036 1153 1074 hoc
1180 1037 1284 1074 idem
1305 1051 1325 1074 a
1351 1046 1388 1074 te
1417 1038 1625 1089 Regienses
1652 1038 1923 1090 impetravisse.

549 1098 630 1148 Qi
651 1099 717 1136 etfi
740 1108 776 1136 te
797 1100 926 1151 aliqua
947 1101 1221 1139 neceffitudine
1241 1103 1466 1154 attingunt;
1497 1112 1626 1140 tamen
1648 1112 1736 1141 tuus
1758 1116 1865 1141 amor
1885 1105 1927 1142 in

547 1177 624 1208 me,
658 1164 802 1216 sperare
823 1178 884 1202 me
905 1167 1027 1217 cogit,
1060 1176 1111 1212 te,
1143 1167 1248 1219 quod
1271 1169 1346 1206 tuis
1370 1168 1581 1206 necessariis
1603 1169 1800 1213 tribueris,
1822 1169 1928 1207 idem

548 1229 618 1266 effe
640 1229 882 1267 tributurum
905 1233 1000 1269 meis
1021 1247 1028 1270 ε
1053 1232 1263 1284 praesertim
1285 1247 1376 1271 cum
1396 1247 1468 1286 ego
1489 1247 1559 1285 pro
1579 1232 1640 1271 his
1662 1235 1749 1272 unis
1770 1244 1924 1286 petam;

546 1293 709 1332 habeam
742 1304 885 1340 autem,
918 1298 986 1348 qui
1014 1297 1129 1335 fimili
1151 1298 1260 1336 causa
1280 1299 1471 1343 laborent,
1502 1299 1724 1351 complures
1757 1300 1924 1338 neceffa-

548 1361 638 1397 rios.
685 1361 779 1398 Hoc
807 1375 869 1398 me
893 1375 971 1399 non
999 1363 1076 1400 fine
1097 1363 1205 1400 causa
1226 1363 1364 1408 facere,
1397 1377 1523 1415 neque
1543 1365 1673 1416 aliqua
1692 1365 1767 1402 levi
1794 1365 1922 1402 ambi-

548 1425 653 1462 tione
674 1436 921 1463 commotum
942 1441 962 1464 a
983 1437 1020 1464 te
1041 1428 1288 1473 contendere,
1320 1429 1385 1466 ets1
1418 1438 1453 1466 te
1482 1429 1699 1466 existimare
1728 1429 1921 1474 arbitr0r;

548 1498 675 1527 tamen
697 1489 798 1527 mihi
819 1491 1028 1528 affirmanti
1058 1492 1187 1530 credas
1217 1493 1351 1538 velim,
1383 1507 1445 1531 me
1476 1493 1570 1531 huic
1601 1494 1821 1545 municipio
1854 1494 1923 1532 de-

548 1544 636 1591 bere
656 1555 875 1605 plurimum
894 1570 902 1593 :
937 1556 1092 1593 nullum
1115 1571 1288 1608 unquam
1309 1557 1420 1596 fuiffe
1441 1567 1611 1610 tempus,
1643 1572 1767 1609 neque
1793 1557 1922 1596 hono-

547 1632 649 1662 rum,
683 1632 808 1670 neque
838 1619 1017 1657 laborum
1047 1634 1240 1666 meorum,
1273 1622 1313 1659 in
1348 1635 1426 1673 quo
1457 1635 1536 1659 non
1565 1621 1684 1674 hujus
1714 1623 1924 1674 municipii

544 1683 716 1721 studium
736 1684 776 1721 in
798 1697 860 1722 me
880 1685 1053 1723 extiterit
1074 1685 1278 1737 singulare.
1306 1688 1555 1739 Qapropter
1574 1701 1595 1724 a
1615 1697 1651 1725 te
1670 1688 1788 1725 etiam
1809 1697 1925 1739 atque

544 1749 684 1792 etiam,
707 1762 778 1800 pro
799 1748 924 1786 nostra
943 1749 1095 1787 summa
1114 1752 1404 1803 conjunctione,
1431 1766 1579 1804 proque
1601 1761 1667 1789 tua
1687 1753 1922 1790 benevolen-

547 1813 611 1856 tia,
644 1814 831 1864 majorem
852 1814 891 1850 in
914 1814 1077 1852 modum
1098 1825 1189 1866 peto
1208 1825 1323 1867 atque
1344 1816 1553 1861 contendo,
1585 1826 1643 1861 ut,
1675 1830 1767 1854 cum
1791 1816 1921 1854 fortu-

545 1891 610 1914 nas
631 1878 695 1929 agi
713 1879 794 1929 ejus
816 1879 1024 1930 municipii
1047 1880 1257 1931 intelligas,
1289 1880 1395 1932 quod
1425 1881 1469 1918 s1t
1498 1880 1599 1918 mihi
1629 1881 1919 1926 necefiitudine,

542 1942 699 1986 officiis,
723 1943 1005 1987 benevolentia,
1028 1945 1400 1995 conjunctiffimum,
1423 1945 1464 1982 id
1483 1944 1583 1983 mihi
1605 1945 1698 1990 des,
1722 1945 1827 1997 quod
1848 1947 1921 1983 erit

544 2007 783 2059 hujusmodi,
807 2017 865 2052 ut,
887 2008 913 2045 fi
935 2021 956 2044 a
976 2009 1133 2053 Caesare,
1166 2010 1272 2061 quod
1292 2010 1502 2062 speramus,
1526 2011 1828 2063 impetrarimus,
1852 2020 1920 2049 tuo

543 2072 734 2109 beneficio
756 2086 824 2109 nos
846 2071 886 2109 id
907 2073 1133 2111 consecutos
1155 2074 1226 2112 effe
1240 2075 1490 2126 judicemus:
1523 2076 1577 2113 fin
1598 2076 1752 2119 minus;
1785 2089 1855 2127 pro
1875 2090 1920 2114 eo

543 2147 671 2175 tamen
694 2137 733 2173 id
753 2136 979 2182 habeamus,
1010 2151 1100 2175 cum
1122 2153 1141 2175 a
1163 2149 1200 2176 te
1220 2139 1307 2177 data
1326 2140 1371 2177 fit
1391 2153 1526 2192 opera,
1542 2149 1585 2178 ut
1606 2140 1918 2192 impetraremus.

541 2204 633 2241 Hoc
654 2217 746 2240 cum
767 2203 867 2240 mihi
894 2204 1150 2255 gratiffimum
1180 2205 1345 2250 feceris3
1379 2216 1464 2244 tum
1494 2208 1595 2244 viros
1624 2207 1810 2259 optimOS,
1842 2206 1918 2244 ho-

540 2269 666 2306 mines
687 2267 983 2314 honestffiimos,
1015 2270 1246 2321 eosdemque
1275 2271 1521 2322 gratiffimos,
1552 2281 1590 2309 et
1618 2281 1683 2309 tua
1712 2271 1918 2309 neceffitu-

541 2335 631 2371 dine
661 2333 917 2385 digniffimos‚
949 2335 1102 2374 summo
1133 2336 1324 2375 beneficio
1353 2338 1392 2375 in
1414 2347 1648 2389 perpetuum
1670 2337 1744 2376 tibi
1766 2336 1922 2389 tuisque

540 2399 772 2438 devinxeris.
805 2399 915 2437 Vale.
