2351 2997
640 251 732 290 AD
792 246 1258 287 FAMILIARES
1319 245 1449 283 LIB.
1502 245 1620 283 XIII.
1748 258 1821 297 373

650 483 714 521 M.
747 484 800 521 T.
835 483 883 520 C.
916 483 1189 519 THERMO
1232 479 1451 518 PROPR.
1494 481 1531 518 S.
1566 480 1619 517 D.

446 611 556 649 LVI.
583 610 649 683 C
666 612 748 649 LU
765 611 798 647 V
815 611 831 648 Ι
848 612 885 648 U
901 611 922 648 S
954 609 1191 647 Puteolanus
1213 608 1322 645 valde
1344 622 1405 646 me
1426 609 1615 652 observat,
1638 607 1828 660 valdeque

672 676 724 714 est
744 675 845 713 mihi
866 674 1084 712 familiaris.
1118 675 1154 710 Is
1177 673 1230 710 ita
1250 673 1319 710 fibi
1341 674 1554 725 persuadet,
1573 674 1677 724 quod
1700 675 1738 710 in
1764 683 1828 711 tua

446 742 646 793 provincia
675 741 823 792 negotii
858 740 990 784 habet,
1023 739 1107 784 nifi,
1141 748 1177 776 te
1208 739 1451 790 provinciam
1481 739 1699 782 obtinente,
1730 741 1827 776 meis

445 806 855 844 commendationibus
889 804 1117 849 confecerit,
1149 803 1189 841 id
1221 804 1256 840 se
1283 804 1323 841 in
1355 804 1515 856 perditis
1550 814 1588 841 et
1622 804 1827 855 desperatis

446 871 690 909 habitururn.
724 871 861 916 Nunc,
880 870 1036 922 quando
1052 868 1153 907 mihi
1174 869 1221 906 ab
1237 869 1364 906 amico
1380 868 1653 906 officiofiffimo
1675 877 1829 906 tantum

446 937 573 975 oneris
595 936 829 989 imponitur,
861 949 933 987 ego
965 949 1123 988 quoque
1155 935 1229 972 tibi
1262 935 1463 987 imponam
1491 948 1561 987 pro
1589 935 1665 972 tuis
1698 935 1737 971 in
1767 947 1831 971 me

448 1004 610 1042 summis
632 1003 772 1040 officiis
791 1021 802 1047 ;
834 1003 888 1040 ita
909 1011 1053 1047 tamen,
1086 1011 1129 1039 ut
1150 1001 1225 1039 tibi
1245 1002 1371 1039 nolim
1395 1001 1578 1039 molestus
1600 1000 1685 1039 effe.
1732 1000 1830 1050 My-

448 1069 526 1106 lafii
556 1078 594 1106 et
616 1067 902 1105 Alabandenses
932 1067 1138 1119 pecuniam
1167 1066 1312 1104 Cluvio
1339 1066 1496 1104 debent.
1544 1066 1708 1103 Dixerat
1728 1064 1831 1102 mihi

448 1133 740 1186 Euthydemus,
763 1147 855 1171 cum
876 1133 1019 1185 Ephefi
1041 1133 1170 1177 effem,
1200 1132 1235 1170 se
1256 1142 1498 1176 curaturum,
1523 1141 1565 1169 ut
1586 1131 1710 1169 ecdici
1733 1131 1831 1181 My-

448 1200 528 1237 lafii
550 1201 720 1237 Romam
742 1200 1005 1237 mitterentur.
1054 1198 1099 1236 Id
1128 1197 1275 1236 factum
1303 1212 1382 1236 non
1409 1198 1475 1236 est.
1522 1199 1689 1249 Legatos
1717 1196 1833 1233 audio

448 1265 578 1303 missos
600 1265 686 1310 effe,
718 1265 780 1302 sed
801 1265 905 1302 malo
926 1265 1095 1309 ecdicos,
1128 1273 1171 1302 ut
1193 1264 1341 1316 aliquid
1363 1264 1505 1302 confici
1527 1263 1654 1316 poffit.
1702 1264 1833 1313 Qare

448 1340 539 1383 peto
560 1339 651 1375 ate,
684 1340 727 1368 ut
759 1339 797 1368 et
828 1344 892 1367 eos
923 1340 960 1367 et
991 1329 1279 1368 Alabandenses
1304 1330 1442 1381 jubeas
1474 1329 1628 1367 ecdicos
1662 1330 1834 1366 Romam

449 1397 620 1434 mittere.
668 1396 854 1433 Praeterea
884 1394 1060 1433 Philotes
1085 1395 1363 1432 Alabandenfis
1391 1391 1566 1435 ὑποθήκαις
1598 1394 1743 1432 Cluvio
1764 1394 1832 1430 de-

450 1461 535 1499 dit:
569 1460 628 1499 hae
655 1460 865 1498 commiffae
897 1460 1000 1499 sunt.
1047 1460 1181 1498 Velim
1211 1473 1336 1504 cures,
1369 1469 1411 1497 ut
1441 1469 1506 1496 aut
1534 1460 1579 1496 de
1601 1458 1834 1511 hypothecis

450 1526 625 1570 decedat,
660 1526 796 1578 easque
831 1525 1148 1578 procuratoribus
1186 1525 1321 1563 Cluvii
1356 1525 1493 1568 tradat,
1528 1534 1593 1561 aut
1628 1524 1837 1576 pecuniam

452 1592 586 1629 solvat.
634 1591 820 1629 Praeterea
849 1591 1093 1629 Heracleotae
1123 1600 1162 1629 et
1194 1591 1423 1643 Bargyletae,
1455 1591 1524 1642 qui
1552 1590 1648 1628 item
1677 1589 1834 1633 debent,

451 1667 517 1696 aut
549 1657 757 1709 pecuniam
790 1656 952 1702 solvant,
984 1667 1049 1695 aut
1077 1657 1270 1694 frud‘cibus
1300 1656 1375 1694 suis
1398 1654 1647 1694 satisfaciant.
1695 1655 1841 1693 Caunii

451 1732 633 1776 praeterea
654 1722 811 1768 debent,
835 1723 896 1760 sed
917 1724 1026 1760 aiunt
1048 1723 1083 1760 se
1104 1723 1320 1775 depositam
1337 1722 1543 1774 pecuniam
1566 1721 1752 1759 habuiffe.
1791 1720 1838 1758 Id

453 1788 573 1825 velim
594 1788 817 1839 cognoscaS,
839 1797 891 1832 et,
915 1788 941 1825 fi
962 1788 1216 1832 intellexeris,
1249 1801 1312 1825 eos
1335 1800 1459 1838 neque
1480 1800 1525 1824 ex
1548 1786 1688 1830 εάἰξῒο,
1713 1799 1838 1836 neque

453 1867 500 1891 ex
532 1853 701 1897 decreto,
734 1853 944 1905 depofitam
977 1853 1164 1898 habuiffe,
1196 1854 1261 1891 des
1283 1866 1454 1905 operam,
1487 1861 1530 1889 ut
1552 1851 1672 1889 usurae
1695 1852 1839 1888 Cluvio

454 1918 633 1956 instituto
666 1927 734 1956 tuo
767 1919 1055 1956 conserventur.
1109 1919 1185 1956 His
1222 1919 1267 1956 de
1302 1919 1415 1956 rebus
1451 1931 1496 1955 eo
1530 1918 1653 1969 magis
1689 1917 1837 1961 laboro,

454 1984 560 2036 quod
581 1985 709 2035 agitur
737 1998 792 2021 res
826 1985 902 2022 Cn.
929 1985 1107 2036 Pompeii
1129 1985 1262 2029 etiam,
1295 1983 1412 2022 nostri
1435 1983 1643 2027 necefl‘arii,
1676 1992 1713 2020 et
1734 1982 1839 2034 quod

454 2051 485 2087 is
507 2050 628 2101 magis
650 2050 768 2087 etiam
790 2050 890 2087 mihi
912 2050 1082 2088 laborare
1103 2050 1271 2095 videtur,
1304 2064 1422 2103 quam
1444 2050 1523 2101 ipse
1545 2049 1710 2087 Cluvius
1729 2067 1739 2093 3
1772 2049 1841 2085 cui.

456 2114 694 2152 sauss-aetum
716 2114 785 2152 effe
805 2128 824 2151 a
846 2115 958 2153 nobis
981 2115 1089 2153 valde
1111 2116 1213 2154 volo.
1262 2117 1339 2155 His
1365 2116 1411 2154 de
1434 2115 1546 2154 rebus
1570 2125 1606 2154 te
1626 2114 1837 2154 vehemen-

458 2190 515 2219 ter
533 2181 651 2219 etiam
671 2191 785 2233 atque
807 2183 924 2220 etiam
946 2195 1054 2233 rogo.
1088 2182 1199 2221 Vale.
