2351 2997
549 230 602 268 42
897 217 1586 258 EPISToLARUM

551 315 760 354 DistriCtus
781 317 887 355 enim
908 317 1010 355 mihi
1030 318 1171 356 videris
1193 318 1279 364 effe,
1311 318 1416 370 quod
1438 328 1475 356 et
1506 320 1632 365 bonus
1663 320 1759 358 civis
1789 328 1827 357 et
1858 319 1930 357 bo·-

550 396 623 420 nus
653 383 802 421 amicus
832 397 885 422 es.
933 385 1020 435 Ego
1050 385 1096 421 de
1129 385 1332 436 provincia
1361 385 1547 422 decedens
1579 386 1807 438 quaestorem
1843 387 1929 424 Cae-

550 448 651 486 lium
671 450 861 501 praeposui
882 450 1107 502 provinciae.
1140 450 1336 487 Puerum?
1360 450 1529 502 inquies.
1553 452 1608 489 At
1630 452 1871 503 quaestorem,
1894 461 1931 490 at

550 514 726 552 nobilem
758 514 1056 560 adolescentem,
1088 523 1126 552 at
1152 516 1333 553 omnium
1354 514 1434 553 fere
1454 517 1663 568 exemplo:
1696 531 1822 569 neque
1853 528 1932 555 erat

549 580 744 632 superiore
778 579 926 618 honore
962 581 1050 619 usus
1065 610 1076 626 ,
1109 595 1228 634 quem
1261 582 1511 634 praeficerem.
1561 583 1768 620 Pontinius
1803 583 1932 621 multo

548 654 638 683 ante
658 645 885 685 discefl'erat.
919 648 955 684 A
978 648 1133 699 Qinto
1153 647 1271 685 fratre
1291 648 1491 700 impetrari
1513 662 1591 686 non
1613 658 1788 701 poterat:
1812 662 1932 700 quem

548 720 679 749 tamen
711 713 737 749 fi
769 713 1021 765 reliquifl‘em,
1053 714 1227 752 dicerent
1257 715 1400 766 iniqui,
1432 728 1510 752 non
1537 728 1600 752 me
1622 715 1738 767 plane
1758 714 1842 767 post
1861 728 1931 752 an-

548 790 660 822 num,
684 788 727 815 ut
748 778 898 817 senatus
920 779 1112 825 voluisset,
1135 779 1182 817 de
1203 780 1404 832 provincia
1424 780 1639 826 deceffiffe;
1663 781 1851 833 quoniam
1871 780 1929 818 al-

548 851 676 881 terum
697 857 760 881 me
781 844 1033 896 reliquissem.
1076 845 1244 883 Fortafi'e
1264 846 1383 883 etiam
1403 845 1504 883 illud
1524 846 1723 890 adderent,
1755 845 1931 884 senatum

548 921 611 946 eos
634 909 793 947 voluiffe
813 911 1026 962 provinciis
1047 911 1213 963 praeeffe,
1245 911 1314 964 qui
1335 920 1446 949 antea
1464 925 1544 950 non
1564 911 1826 964 praefuiffent:
1850 911 1930 950 fra-

547 983 649 1013 trem
665 989 799 1014 meum
817 977 1033 1015 triennium
1049 978 1148 1016 Afiae
1169 977 1373 1030 praefuiffe.
1399 979 1597 1030 Denique,
1617 992 1723 1015 nunc
1740 978 1930 1015 sollicitus

547 1054 626 1078 non
648 1041 760 1079 sum:
796 1042 821 1080 fi
849 1041 1009 1080 fratrem
1030 1043 1283 1095 reliquiffem,
1315 1044 1448 1080 omnia
1475 1045 1671 1081 timerem.
1716 1043 1929 1087 Postremo,

546 1119 624 1143 non
647 1116 726 1143 tam
748 1121 834 1144 mea
854 1107 1004 1159 sponte,
1023 1122 1142 1160 quam
1163 1108 1521 1160 potentissimorum
1542 1109 1710 1147 duorum
1731 1109 1928 1161 exemplo,

545 1171 615 1222 qui
635 1185 770 1209 omnes
795 1171 938 1209 Caffios
960 1173 1234 1225 Antoniosque
1255 1174 1453 1226 complexi
1475 1174 1578 1218 sunt,
1608 1173 1814 1211 hominem
1836 1174 1929 1211 ado-

547 1237 755 1274 lescentem
786 1251 863 1275 non
896 1248 975 1276 tam
1005 1239 1159 1276 allicere
1186 1239 1308 1283 volui,
1341 1253 1459 1291 quam
1480 1240 1644 1277 alienare
1665 1240 1789 1278 nolui.
1837 1241 1929 1277 Hoc

546 1312 588 1339 tu
610 1317 744 1341 meum
765 1304 971 1342 confilium
993 1305 1123 1342 laudes
1146 1305 1290 1343 neceffe
1310 1305 1385 1350 est,·
1410 1306 1552 1343 mutari
1569 1307 1675 1343 enim
1692 1320 1769 1343 non
1788 1306 1925 1358 potest.

546 1371 607 1407 De
630 1369 768 1406 Ocella
788 1383 925 1422 parum
947 1369 992 1407 ad
1014 1384 1076 1408 me
1096 1371 1211 1423 plane
1232 1371 1430 1423 scripseras
1450 1387 1458 1410 z
1491 1381 1529 1409 et
1556 1373 1596 1409 in
1618 1373 1709 1409 netis
1732 1385 1810 1409 non
1832 1381 1926 1410 erat.

544 1436 643 1473 Tuae
665 1448 722 1472 res
743 1435 855 1487 gcstae
884 1437 938 1473 ita
959 1446 1058 1474 notae
1080 1437 1182 1482 sunt,
1216 1446 1258 1474 ut
1281 1446 1383 1474 trans
1405 1447 1582 1476 montem
1604 1439 1783 1476 Taurum
1809 1438 1927 1475 etiam

543 1501 589 1538 de
610 1501 803 1538 Matrinio
824 1501 868 1538 fit
889 1502 1081 1541 auditum.
1126 1505 1226 1555 Ego,
1260 1503 1329 1540 nifi
1351 1504 1447 1555 quid
1468 1517 1531 1541 me
1553 1505 1689 1545 Etesiae
1711 1504 1926 1542 morabun-

546 1576 621 1612 tur,
653 1567 830 1604 celeriter
853 1568 915 1618 (ut
937 1567 1063 1619 spero)
1088 1582 1154 1606 vos
1176 1569 1331 1607 videbo.
1365 1569 1476 1608 Vale.

604 1764 668 1803 M.
692 1766 745 1804 T.
771 1766 818 1803 C.
844 1766 947 1804 IMP.
972 1766 1036 1805 M.
1061 1767 1238 1811 CAELIO,
1270 1769 1425 1805 AEDILI
1453 1780 1642 1812 CURULI,
1676 1768 1713 1806 S.
1738 1768 1783 1805 P.
1808 1768 1862 1805 D.

543 1891 654 1927 XVI.
673 1891 952 1962 MAGNO
974 1891 1107 1929 dolore
1128 1906 1191 1930 me
1211 1892 1422 1930 affeciss‘ent
1444 1902 1517 1930 tuae
1538 1893 1674 1938 literae,
1697 1893 1766 1931 nifi
1782 1893 1865 1944 jam
1886 1903 1924 1931 et

793 1956 891 1993 ratio
922 1956 1002 2008 ipsa
1033 1957 1237 2010 depulisset
1268 1972 1403 1996 omnes
1436 1958 1645 2003 molestias,
1677 1967 1714 1995 et
1741 1958 1927 1996 diuturna

540 2020 804 2073 desperatione
824 2035 953 2059 rerum
975 2023 1215 2061 obduruifl‘et
1231 2025 1385 2061 animus
1402 2024 1448 2061 ad
1468 2024 1644 2062 dolorem
1666 2037 1827 2062 novum.
1853 2024 1924 2062 Sed

539 2097 685 2132 tamen,
704 2101 821 2140 quare
842 2088 1040 2133 acciderit,
1061 2098 1102 2126 ut
1123 2103 1170 2127 ex
1192 2091 1288 2127 meis
1311 2089 1572 2143 superioribus
1594 2091 1716 2128 literis
1739 2090 1778 2127 id
1799 2090 1923 2142 suspi-

539 2166 679 2197 carere,
698 2153 804 2205 quod
825 2153 975 2199 scribis,
995 2154 1146 2200 nesci0;
1169 2155 1265 2207 quid
1286 2157 1393 2193 enim
1413 2155 1491 2193 fuit
1512 2157 1550 2194 in
1573 2155 1652 2193 illis
1668 2165 1805 2208 praeter
1825 2169 1923 2207 que-

540 2218 659 2255 relam
682 2227 920 2270 temporum,
939 2234 1024 2272 quae
1040 2233 1119 2257 non
1135 2222 1313 2259 animum
1329 2235 1463 2259 meum
1479 2222 1602 2273 magis
1621 2221 1835 2259 sollicitum
1851 2220 1923 2258 ha·-

540 2285 662 2329 beret,
693 2299 811 2336 quam
834 2295 948 2323 tuum
967 2287 980 2323 ?
1013 2287 1118 2324 Nam
1141 2301 1219 2324 non
1240 2301 1324 2326 eam
1346 2289 1513 2340 cognovi
1533 2288 1656 2326 aciem
1677 2288 1827 2340 ingenii
1848 2288 1921 2332 tui,

539 2349 645 2401 quod
666 2349 745 2402 ipse
766 2350 932 2395 videam,
952 2359 988 2388 te
1009 2351 1048 2388 id
1070 2361 1113 2389 ut
1134 2366 1214 2389 non
1234 2361 1371 2405 putem
1392 2353 1535 2392 videre.
1569 2353 1674 2392 Illud
1695 2353 1830 2398 miror,
1853 2353 1921 2390 ad-

539 2415 630 2452 duci
652 2416 815 2467 potuiss'e
837 2426 887 2461 te,
921 2417 989 2469 qui
1020 2431 1082 2455 me
1113 2420 1268 2470 penitus
1298 2419 1401 2457 noffe
1431 2419 1613 2465 deberes,
1636 2429 1679 2457 ut
1704 2433 1766 2457 me
1787 2419 1921 2457 existi—

539 2494 660 2519 mares
682 2492 747 2520 aut
769 2492 847 2520 tam
869 2483 1152 2535 improvidum,
1185 2485 1253 2538 qui
1281 2485 1328 2523 ab
1357 2485 1524 2524 excitata
1548 2485 1706 2524 fortuna
1726 2485 1771 2523 ad
1800 2483 1921 2523 incli-
