2351 2997
552 287 626 338 248
894 281 1573 323 EPISTOLARUM

542 402 669 441 quam
686 396 722 425 et
744 386 813 425 efi‘e
829 387 911 438 jam
932 395 970 422 et
990 384 1163 422 futuram
1179 383 1451 434 amplifiimam
1473 381 1666 432 intelligo.
1701 381 1802 418 Cave
1817 379 1923 417 enim

552 464 664 506 putes
686 453 783 490 ullas
806 464 978 502 unquam
999 450 1127 487 literas
1148 449 1355 500 graviore8‚
1378 460 1494 498 quam
1517 456 1614 490 tuas,
1643 447 1683 483 in
1705 446 1834 483 senatu
1854 446 1926 483 effe

553 519 752 556 recitatas:
776 516 894 568 idque
913 515 1083 565 contigit
1103 527 1194 551 cum
1215 513 1445 550 meritorum
1466 520 1623 548 tuorum
1644 512 1684 548 in
1706 511 1924 563 rempubli-

542 592 636 616 cam
656 577 798 615 eximia
814 575 979 627 quadam
997 573 1282 626 magnitudine,
1301 582 1386 609 tum
1401 572 1610 609 verborum
1626 570 1924 609 sententiarum-

551 657 626 695 que
646 643 845 695 gravitate.
892 640 1011 692 Qod
1041 639 1140 678 mihi
1171 638 1332 691 quidem
1358 637 1523 674 minime
1550 650 1711 681 novum,
1742 638 1810 687 qui
1831 646 1869 674 et
1889 646 1926 674 te

549 708 713 753 noffem,
731 716 769 745 et
786 716 940 744 tuarum
956 707 1156 743 literarum
1172 704 1217 742 ad
1236 718 1297 741 me
1313 703 1509 741 missarum
1526 701 1708 754 promissa
1722 694 1925 739 meminis-

549 775 646 819 fem,
677 782 715 811 et
741 772 923 810 haberem
947 786 970 809 a
998 772 1146 809 Furnio
1167 769 1295 808 nostro
1317 778 1381 806 tua
1400 769 1554 821 penitus
1577 767 1734 805 confilia
1753 767 1925 818 cognita⁴

554 839 627 876 Sed
643 839 794 876 ,senatui
821 838 965 889 majora
985 836 1061 874 visa
1081 836 1183 880 sunt,
1215 848 1333 886 quam
1354 843 1460 871 erant
1481 835 1690 885 expectata,
1723 846 1799 870 non
1821 832 1928 884 quod

549 917 729 956 *unquam
750 903 795 939 de
815 911 882 940 tua
900 902 1099 939 voluntate
1115 899 1353 942 'dubitassem
1386 897 1448 935 sed
1475 911 1560 941 nec,
1592 906 1782 949 quantum
1804 897 1929 935 facere

551 969 690 1021 poffes,
709 981 794 1011 nec,
812 981 891 1018 quo
911 966 1091 1018 progredi
1111 965 1244 1008 velles,
1261 963 1506 1015 exploratum
1528 962 1614 999 satis
1635 961 1816 999 habebat.
1846 963 1927 999 Ita-

553 1047 631 1085 que
651 1046 743 1070 cum
765 1045 797 1069 a.
821 1032 860 1069 d.
881 1045 944 1068 vn
969 1031 1061 1068 Idus
1082 1029 1212 1081 April.
1236 1041 1348 1066 mane
1367 1026 1468 1064 mihi
1489 1035 1572 1063 tuas
1593 1026 1721 1063 literas
1743 1026 1928 1063 M.Vari-

553 1098 670 1136 fidius
692 1096 926 1140 reddidisset,
957 1095 1093 1147 easque
1118 1093 1307 1146 legissem,
1338 1091 1561 1129 incredibili
1581 1091 1724 1143 gaudio
1745 1091 1829 1128 sum
1849 1091 1928 1128 ela-

550 1174 617 1201 tus
637 1178 646 1201 :
678 1175 849 1214 cumque
869 1175 1010 1213 magna
1028 1159 1245 1198 multitudo
1269 1158 1512 1211 optimorum
1531 1158 1704 1195 virorum
1725 1165 1764 1194 et
1783 1157 1931 1194 civium

553 1243 618 1267 me
639 1228 685 1266 de
706 1228 823 1266 domo
851 1227 1071 1271 deduceret,
1102 1225 1179 1264 feci
1211 1225 1399 1262 continuo
1431 1236 1566 1260 omnes
1597 1219 1805 1275 participes
1835 1235 1930 1259 meae

551 1295 782 1346 voluptatis.
829 1293 993 1331 Interim
1019 1291 1067 1330 ad
1086 1305 1149 1329 me
1168 1291 1276 1329 venit
1303 1289 1508 1327 Munatius
1531 1288 1669 1333 noster,
1702 1298 1745 1325 ut
1766 1287 1930 1326 consue-

552 1369 632 1398 rat:
656 1368 693 1396 at
713 1373 785 1410 ego
804 1359 839 1396 ei
860 1358 988 1396 literas
1010 1366 1117 1402 tuas;
1140 1354 1242 1393 nihil
1262 1354 1359 1392 dum
1379 1354 1484 1391 enim
1506 1353 1668 1390 sciebat:
1693 1365 1781 1390 narn
1802 1351 1848 1388 ad
1869 1365 1932 1389 me

555 1426 731 1478 primum
764 1423 989 1468 Varifidius,
1020 1423 1139 1474 idque
1170 1421 1240 1458 fibi
1273 1433 1294 1457 a
1325 1430 1363 1457 te
1395 1418 1624 1457 mandatum
1657 1418 1729 1455 effe
1762 1417 1930 1455 dicebat.

557 1490 679 1528 Paulo
700 1489 783 1541 post
804 1489 908 1526 idem
928 1486 1030 1526 mihi
1051 1486 1257 1524 Munatius
1275 1498 1334 1522 eas
1356 1484 1484 1521 literas
1501 1482 1680 1535 legendas
1698 1481 1818 1526 dedit,
1838 1494 1932 1533 quas

554 1556 627 1607 ipfi
648 1555 817 1600 miseras,
849 1563 887 1592 et
905 1567 982 1598 eas,
1014 1566 1107 1605 quas
1129 1552 1302 1605 publice.
1342 1550 1494 1587 Placuit
1515 1549 1643 1593 nobis,
1675 1557 1719 1586 ut
1739 1547 1866 1585 statim
1887 1547 1934 1584 ad

556 1622 798 1664 Cornutum,
821 1628 1024 1672 praetorem
1045 1618 1253 1661 urbanum,
1276 1616 1404 1653 literas
1426 1614 1688 1657 deferremus;
1721 1613 1804 1664 qui,
1828 1611 1935 1664 quod

556 1685 734 1724 consules
755 1685 925 1729 aberant,
957 1683 1155 1721 consulare
1182 1694 1326 1719 munus
1354 1679 1562 1718 sustinebat
1589 1691 1696 1716 more
1722 1678 1930 1729 majorum.

556 1752 718 1789 Senatus
740 1750 792 1788 est
812 1750 1002 1788 continuo
1022 1757 1272 1792 convocatus,
1295 1745 1553 1798 frequensque
1574 1745 1757 1782 convenit
1777 1753 1935 1796 propter

555 1816 703 1854 famam
723 1825 838 1867 atque
858 1815 1167 1868 expectationem
1195 1822 1349 1851 tuarum
1370 1812 1584 1849 literarum.
1630 1809 1820 1847 Recitatis
1842 1809 1934 1846 lite-

559 1882 625 1925 ris,
644 1881 773 1918 oblata
794 1880 931 1931 religio
954 1881 1132 1917 Cornuto
1152 1877 1219 1922 est,
1242 1877 1499 1929 pullariorum
1515 1875 1733 1917 admonitu,
1752 1887 1829 1910 non
1848 1873 1934 1910 satis

559 1946 768 1996 diligenter
788 1958 879 1982 eum
899 1944 1078 1996 auspiciis
1100 1955 1257 1994 operam
1278 1940 1417 1978 dedifi'e
1434 1959 1445 1985 3
1477 1940 1595 1992 idque
1615 1953 1635 1976 a
1655 1937 1782 1976 nostro
1808 1938 1932 1975 colle-

554 2012 625 2062 gio
645 2009 947 2061 comprobatum
964 2008 1029 2046 est.
1064 2009 1200 2059 Itaque
1216 2020 1273 2044 res
1291 2006 1408 2044 dilata
1424 2005 1476 2042 est
1490 2006 1530 2042 in
1547 2004 1756 2056 posterum⁴
1790 2004 1850 2040 Eo
1865 2016 1935 2040 au-

559 2085 640 2114 tem
662 2075 724 2112 die
743 2087 882 2126 magna
902 2073 1002 2111 mihi
1023 2087 1093 2125 pro
1115 2082 1180 2110 tua
1200 2071 1390 2122 dignitate
1410 2070 1611 2108 contentio
1633 2082 1723 2105 cum
1746 2068 1932 2112 Servilio;

560 2142 629 2194 qui
650 2154 743 2178 cum
763 2140 885 2192 gratia
904 2139 1099 2182 effeciffet,
1118 2147 1162 2175 ut
1182 2138 1246 2175 sua
1262 2137 1449 2174 sententia
1464 2137 1590 2188 prima
1605 2134 1935 2186 pronuntiaretur,

560 2206 743 2259 frequens
764 2219 854 2243 eum
875 2205 1023 2243 senatus
1046 2204 1220 2255 reliquit,
1243 2212 1281 2240 et
1301 2203 1341 2240 in
1363 2202 1436 2239 alia
1454 2201 1587 2238 omnia
1605 2199 1768 2237 discefiit
1785 2198 1936 2243 ,meae-

560 2286 637 2325 que
671 2271 882 2315 sententiae,
914 2284 999 2322 quae
1031 2269 1195 2307 secunda
1227 2267 1476 2320 pronuntiata
1506 2275 1599 2310 erat,
1631 2279 1723 2303 cum
1754 2263 1937 2316 frequens

561 2337 801 2376 assentiretur
822 2336 986 2380 senatus,
1018 2344 1155 2386 rogatu
1183 2333 1334 2371 Servilii
1363 2333 1406 2370 P.
1431 2332 1565 2370 Titius
1591 2330 1812 2368 interceffit.
1860 2330 1937 2367 Res

562 2403 603 2441 in
626 2402 820 2454 posterum
841 2401 971 2439 dilata.
1016 2400 1136 2438 Venit
1158 2408 1309 2451 paratus
1333 2397 1530 2441 Servilius,
1562 2396 1651 2447 Jovi
1673 2396 1741 2447 ipsi
1762 2395 1936 2445 iniquus,

561 2469 673 2520 cujus
696 2468 736 2504 in
758 2466 907 2518 templo
927 2479 985 2502 res
1007 2464 1204 2517 agebatur.
1241 2464 1362 2500 Hunc
1384 2460 1716 2514 quemadmodum
1738 2455 1935 2510 fregerim,

562 2542 785 2587 quantaque
819 2531 1071 2570 contentione
1110 2530 1270 2568 Titium
1305 2527 1592 2566 intercefl‘orem
1626 2525 1848 2577 abjecerim,
1889 2536 1937 2561 ex
