2351 2997
632 289 725 327 AD
784 286 1251 325 FAMILIARES
1312 287 1542 326 L13.v.
1727 304 1796 343 123

409 388 499 428 effet
519 386 814 440 certiffimisque
835 386 1105 424 monumentis
1128 385 1274 431 testata,
1306 387 1370 424 cui
1392 387 1492 432 data,
1524 402 1603 440 quo
1625 388 1798 426 senatus-

406 454 600 499 consulto,
619 454 764 506 quibus
782 454 874 498 tuis,
890 453 1036 506 quibus
1053 453 1166 497 meis,
1185 452 1308 491 literis
1326 454 1371 491 P.
1387 454 1519 492 Sextio
1537 455 1676 493 tradita
1691 455 1795 493 ess'et.

407 521 507 572 Qae
528 533 622 557 cum
641 519 815 558 viderem
836 528 895 556 tot
916 518 1086 570 vestigiis
1116 518 1307 571 impreffa,
1340 528 1384 557 ut
1414 520 1454 557 in
1483 518 1545 557 his
1574 521 1689 558 errari
1719 534 1798 558 non

405 585 542 638 poffet,
575 599 654 624 non
675 585 854 637 adscripfi
876 584 931 628 id,
963 583 1069 636 quod
1092 593 1158 621 tua
1178 583 1280 622 nihil
1302 583 1506 623 referebat.
1554 587 1641 637 Ego
1667 596 1797 624 tamen

406 651 640 704 adscripfiffe
669 650 846 695 mallem,
878 663 972 687 cum
1002 649 1042 686 id
1072 657 1110 686 te
1130 648 1243 686 video
1265 649 1487 688 defiderare.
1534 652 1643 689 Sicut
1663 652 1797 690 scribis

406 717 482 755 tibi
504 717 543 754 id
559 716 630 754 effe
647 714 911 759 referendum,
930 714 1035 752 idem
1052 713 1131 766 ipse
1148 713 1292 758 sentio;
1317 727 1442 766 neque
1459 716 1498 752 in
1517 729 1562 753 eo
1579 717 1798 768 quidquam

407 796 428 820 a
447 783 544 821 meis
568 781 784 819 rationibus
805 780 1081 832 discrepabunt
1103 789 1192 818 tuae.
1225 779 1357 818 Addes
1374 781 1481 818 enim
1499 790 1556 825 tu,
1574 796 1663 819 meo
1678 783 1798 834 jussu,

406 847 514 900 quod
534 860 607 900 ego
627 846 790 898 quidem
812 860 891 884 non
912 844 1072 889 addidi;
1106 858 1176 882 nec
1204 845 1314 882 causa
1340 845 1394 883 est
1418 859 1488 883 cur
1509 860 1649 899 negem
1667 866 1679 892 ς
1712 861 1798 891 nec,

406 913 433 951 fi
454 913 558 958 effet,
589 921 628 951 et
650 921 692 950 tu
713 912 853 957 nolles,
887 924 1083 963 negarem.
1126 911 1233 949 Nam
1255 911 1301 948 de
1323 912 1415 949 H-S
1439 913 1650 964 nongentis
1672 913 1798 950 milli-

405 978 496 1023 bus,
528 987 632 1016 certe
653 978 707 1016 ita
728 977 894 1015 relatum
914 977 981 1021 est,
1005 986 1048 1014 ut
1070 985 1127 1020 tu,
1152 976 1226 1014 five
1247 976 1365 1014 frater
1387 987 1477 1014 tuus
1500 976 1634 1015 referri
1655 978 1796 1016 voluit.

409 1044 497 1089 Sed,
529 1044 555 1082 fi
588 1044 685 1096 quid
717 1043 784 1088 est,
816 1042 974 1096 quando
1006 1043 1052 1080 de
1084 1042 1198 1094 logeo
1230 1056 1368 1094 parum
1402 1052 1558 1094 gratum
1593 1043 1661 1088 est,
1693 1044 1799 1095 quod

407 1123 480 1162 ego
501 1110 542 1148 in
565 1109 783 1148 rationibus
805 1108 1017 1146 referendis
1045 1109 1163 1146 etiam
1192 1122 1299 1146 nunc
1329 1109 1522 1160 corrigere
1552 1109 1719 1161 poffim;
1753 1110 1799 1147 de

406 1187 452 1213 eo
473 1174 590 1219 mihi,
622 1188 714 1212 cum
745 1173 1105 1212 senatus-consulto
1135 1187 1214 1211 non
1245 1174 1315 1211 fim
1345 1173 1450 1218 usus,
1482 1174 1578 1225 quid
1606 1188 1674 1227 per
1694 1175 1797 1226 leges

406 1240 536 1285 liceat,
568 1239 891 1278 confiderandum
923 1239 991 1277 est.
1036 1241 1096 1276 Te
1126 1247 1230 1277 certe
1260 1240 1298 1277 in
1326 1240 1492 1291 pecunia
1511 1242 1641 1278 exacta
1663 1241 1717 1278 ita
1737 1241 1797 1278 ef-

406 1303 506 1343 ferre
536 1318 584 1343 ex
614 1306 711 1343 meis
745 1305 963 1342 rationibus
997 1304 1127 1342 relatis
1161 1318 1240 1342 non
1276 1305 1467 1356 oportuit,
1499 1306 1569 1343 nis1
1604 1305 1702 1358 quid
1736 1320 1798 1344 me

405 1370 539 1417 fallit;
571 1371 661 1410 sunt
682 1371 789 1409 enim
810 1371 876 1408 alii
897 1370 1116 1423 peritiores,
1165 1370 1271 1408 Illud
1293 1384 1383 1408 cave
1404 1371 1574 1416 dubites,
1607 1372 1703 1424 quin
1726 1386 1798 1424 ego

406 1438 540 1476 omnia
560 1437 717 1482 faciam,
735 1452 821 1490 quae
842 1436 1018 1475 interefl‘e
1040 1445 1120 1481 tua,
1142 1446 1209 1474 aut
1229 1436 1350 1475 etiam
1369 1437 1468 1474 velle
1491 1446 1541 1481 te,
1561 1438 1796 1483 existimem,

405 1504 432 1542 fi
463 1504 546 1542 ullo
575 1503 702 1542 facere
730 1503 850 1542 modo
880 1503 1033 1556 poffim.
1081 1502 1201 1554 Qod
1227 1502 1362 1540 scribis
1385 1502 1431 1540 de
1453 1503 1669 1547 beneficiis,
1702 1504 1799 1541 scito

404 1583 427 1607 a
445 1583 508 1607 me
528 1579 567 1607 et
587 1570 767 1607 tribunos
789 1569 993 1613 militares,
1015 1577 1054 1606 et
1074 1567 1291 1620 praefectos,
1314 1577 1352 1605 et
1372 1567 1671 1606 contubernales
1693 1568 1796 1606 dun-

406 1643 511 1672 taxat
532 1647 656 1679 meos,
679 1633 826 1671 delatos
847 1633 933 1672 effe.
967 1634 1014 1671 In
1031 1647 1111 1685 quo
1127 1632 1291 1685 quidem
1309 1634 1406 1671 ra-tio
1423 1647 1486 1673 me
1503 1632 1670 1678 fefellit;
1695 1634 1797 1672 libe-

406 1712 495 1737 rum
516 1699 624 1736 enim
646 1697 747 1736 mihi
769 1708 924 1751 tempus
955 1697 1003 1735 ad
1032 1711 1096 1736 eos
1127 1697 1358 1735 deferendos
1388 1697 1659 1736 existimabam
1686 1699 1796 1737 dari:

405 1765 536 1818 postea
564 1765 707 1803 certior
736 1764 822 1802 sum
851 1763 991 1809 factus,
1023 1764 1187 1817 triginta
1213 1763 1351 1802 diebus
1381 1763 1523 1802 deferri
1544 1764 1689 1803 neceffe
1710 1765 1796 1809 effe,

407 1831 553 1883 quibus
574 1830 741 1868 rationes
763 1829 990 1868 retulissem.
1038 1831 1134 1867 Sane
1153 1829 1313 1867 moleste
1335 1830 1424 1874 tuli,
1457 1843 1535 1867 non
1558 1829 1626 1867 illa
1647 1830 1797 1869 benefi-

405 1895 466 1934 cia
485 1904 561 1933 tuae
581 1894 713 1948 potius
734 1894 945 1932 ambitioni
966 1893 1151 1932 reservata
1170 1893 1257 1939 effe,
1289 1906 1408 1945 quam
1429 1907 1538 1939 meae,
1571 1895 1641 1946 qui
1667 1896 1797 1933 ambi-

404 1962 514 2000 tione
535 1959 637 1998 nihil
659 1970 800 1999 uterer.
836 1961 899 1998 De
919 1960 1219 1998 centurionibus
1241 1967 1387 2004 tamen,
1418 1967 1457 1998 et
1478 1959 1525 1997 de
1546 1960 1799 1999 tribunorum

404 2027 640 2065 militarium
657 2026 1023 2072 contubernalibus,
1043 2040 1100 2065 res
1116 2026 1169 2064 est
1189 2026 1230 2063 in
1253 2026 1426 2078 integro5
1450 2039 1574 2078 genus
1595 2027 1701 2064 enim
1722 2026 1798 2065 ho-

406 2106 496 2131 rum
516 2093 802 2131 beneficiorum
830 2093 1041 2132 definitum
1068 2093 1154 2145 lege
1182 2107 1261 2131 non
1290 2101 1383 2132 erat.
1430 2093 1652 2145 Reliquum
1678 2093 1732 2131 est
1752 2093 1800 2131 de

408 2160 502 2198 H-S
530 2167 692 2198 centum
719 2160 916 2205 millibus,
948 2159 995 2198 de
1026 2160 1172 2211 quibus
1201 2159 1367 2198 memini
1395 2158 1497 2197 mihi
1525 2173 1545 2197 a
1573 2169 1610 2197 te
1638 2160 1800 2211 Myrina

406 2226 537 2263 literas
557 2225 630 2263 effe
651 2225 798 2271 allatas,
830 2239 910 2263 non
931 2226 1010 2264 rnei
1037 2226 1166 2270 errati,
1199 2225 1262 2263 sed
1293 2225 1376 2263 tui:
1410 2225 1450 2262 in
1482 2239 1561 2277 quo
1592 2233 1798 2277 peccatum

406 2290 611 2330 videbatur
630 2291 716 2337 effe,
748 2291 774 2329 fi
796 2291 915 2329 modo
935 2301 1030 2337 erat,
1062 2292 1191 2330 fratris
1214 2292 1271 2329 tui
1293 2300 1331 2328 et
1352 2291 1497 2329 Tullii.
1544 2291 1617 2329 Sed
1645 2305 1737 2329 cum
1758 2290 1798 2328 id

406 2357 552 2410 corrigi
573 2371 651 2395 non
674 2357 809 2410 posset,
841 2358 948 2411 quod
969 2359 1053 2410 jam
1081 2358 1262 2411 depofitis
1286 2358 1502 2395 rationibus
1531 2371 1577 2396 ex
1598 2358 1799 2410 provincia

405 2423 651 2468 deceffimus,
683 2423 798 2461 credo
829 2437 893 2462 me
925 2424 1087 2476 quidem
1115 2424 1190 2462 tibi
1222 2438 1292 2477 pro
1320 2424 1442 2461 animi
1470 2423 1548 2460 mei
1581 2424 1796 2467 voluntate,

408 2503 558 2545 proque
578 2503 620 2528 ea
641 2489 705 2543 spe
725 2489 974 2536 facultatum,
993 2505 1112 2544 quam
1134 2499 1220 2530 tum
1241 2490 1497 2534 habebamus,
1517 2503 1633 2542 quaxn
1654 2489 1796 2528 huma-

1402 2556 1494 2606 Qz
