<?xml version="1.0" encoding="UTF-8"?>
<!DOCTYPE html PUBLIC "-//W3C//DTD XHTML 1.0 Transitional//EN"
    "http://www.w3.org/TR/xhtml1/DTD/xhtml1-transitional.dtd">
<html xmlns="http://www.w3.org/1999/xhtml" xml:lang="en" lang="en">
 <head>
  <title>
</title>
<meta http-equiv="Content-Type" content="text/html;charset=utf-8" />
  <meta name='ocr-system' content='tesseract 3.04.00' />
  <meta name='ocr-capabilities' content='ocr_page ocr_carea ocr_par ocr_line ocrx_word'/>
</head>
<body>
  <div class='ocr_page' id='page_1' title='image "./operacumindicibu07ciceuoft_0304.png"; bbox 0 0 2351 2997; ppageno 0'>
   <div class='ocr_carea' id='block_1_1' title="bbox 548 284 1569 334">
    <p class='ocr_par' dir='ltr' id='par_1_1' title="bbox 548 284 1569 334">
     <span class='ocr_line' id='line_1_1' title="bbox 548 284 1569 334; baseline -0.002 -10"><span class='ocrx_word' id='word_1_1' title='bbox 548 285 625 334; x_wconf 86' lang='lat'><strong>284</strong></span> <span class='ocrx_word' id='word_1_2' title='bbox 890 284 1569 322; x_wconf 88' lang='lat' dir='ltr'><strong>EPISTOLARUM</strong></span> 
     </span>
    </p>
   </div>
   <div class='ocr_carea' id='block_1_2' title="bbox 545 386 1917 554">
    <p class='ocr_par' dir='ltr' id='par_1_2' title="bbox 545 386 1917 554">
     <span class='ocr_line' id='line_1_2' title="bbox 546 386 1914 439; baseline 0.002 -15"><span class='ocrx_word' id='word_1_3' title='bbox 546 401 614 424; x_wconf 76' lang='lat' dir='ltr'><strong>non</strong></span> <span class='ocrx_word' id='word_1_4' title='bbox 640 386 787 439; x_wconf 80' lang='lat' dir='ltr'><strong>poteris,</strong></span> <span class='ocrx_word' id='word_1_5' title='bbox 817 387 880 426; x_wconf 78' lang='lat' dir='ltr'><strong>hoc</strong></span> <span class='ocrx_word' id='word_1_6' title='bbox 912 388 1134 439; x_wconf 70' lang='lat' dir='ltr'><strong>consblabere,</strong></span> <span class='ocrx_word' id='word_1_7' title='bbox 1166 387 1258 439; x_wconf 80' lang='lat' dir='ltr'><strong>quod</strong></span> <span class='ocrx_word' id='word_1_8' title='bbox 1283 401 1335 424; x_wconf 86' lang='lat' dir='ltr'><strong>me</strong></span> <span class='ocrx_word' id='word_1_9' title='bbox 1367 387 1406 425; x_wconf 82' lang='lat' dir='ltr'><strong>de</strong></span> <span class='ocrx_word' id='word_1_10' title='bbox 1425 388 1530 439; x_wconf 79' lang='lat' dir='ltr'><strong>statu</strong></span> <span class='ocrx_word' id='word_1_11' title='bbox 1559 403 1629 427; x_wconf 83' lang='lat' dir='ltr'><strong>meo</strong></span> <span class='ocrx_word' id='word_1_12' title='bbox 1658 389 1760 427; x_wconf 81' lang='lat' dir='ltr'><strong>nullis</strong></span> <span class='ocrx_word' id='word_1_13' title='bbox 1791 398 1914 427; x_wconf 80' lang='lat' dir='ltr'><strong>contu-</strong></span> 
     </span>
     <span class='ocr_line' id='line_1_3' title="bbox 545 451 1917 506; baseline 0.001 -17"><span class='ocrx_word' id='word_1_14' title='bbox 545 452 651 490; x_wconf 75' lang='lat' dir='ltr'><strong>meliis</strong></span> <span class='ocrx_word' id='word_1_15' title='bbox 681 451 857 489; x_wconf 74' lang='lat' dir='ltr'><em>deterrere</em></span> <span class='ocrx_word' id='word_1_16' title='bbox 884 451 1037 504; x_wconf 55' lang='lat' dir='ltr'><strong>j‘qfficnt.</strong></span> <span class='ocrx_word' id='word_1_17' title='bbox 1084 451 1210 490; x_wconf 62' lang='lat' dir='ltr'><strong>Pridfe</strong></span> <span class='ocrx_word' id='word_1_18' title='bbox 1238 452 1363 489; x_wconf 74' lang='lat' dir='ltr'><em>Nonas</em></span> <span class='ocrx_word' id='word_1_19' title='bbox 1393 452 1503 496; x_wconf 79' lang='lat' dir='ltr'><strong>Maii,</strong></span> <span class='ocrx_word' id='word_1_20' title='bbox 1544 467 1586 491; x_wconf 80' lang='lat' dir='ltr'><strong>ex</strong></span> <span class='ocrx_word' id='word_1_21' title='bbox 1620 453 1753 505; x_wconf 64' lang='lat' dir='ltr'><strong>astris,</strong></span> <span class='ocrx_word' id='word_1_22' title='bbox 1779 453 1917 506; x_wconf 78' lang='lat' dir='ltr'><strong>finibus</strong></span> 
     </span>
     <span class='ocr_line' id='line_1_4' title="bbox 546 515 825 554; baseline 0.004 -1"><span class='ocrx_word' id='word_1_23' title='bbox 546 515 728 553; x_wconf 75' lang='lat' dir='ltr'><strong>Statiellen</strong></span> <span class='ocrx_word' id='word_1_24' title='bbox 741 530 825 554; x_wconf 74' lang='lat' dir='ltr'><strong>lum.</strong></span> 
     </span>
    </p>
   </div>
   <div class='ocr_carea' id='block_1_3' title="bbox 613 714 1840 754">
    <p class='ocr_par' dir='ltr' id='par_1_3' title="bbox 613 714 1840 754">
     <span class='ocr_line' id='line_1_5' title="bbox 613 714 1840 754; baseline 0.002 -3"><span class='ocrx_word' id='word_1_25' title='bbox 613 715 675 751; x_wconf 83' lang='lat' dir='ltr'><strong>M.</strong></span> <span class='ocrx_word' id='word_1_26' title='bbox 710 714 936 751; x_wconf 80' lang='lat' dir='ltr'><strong>CICERO</strong></span> <span class='ocrx_word' id='word_1_27' title='bbox 977 714 1031 751; x_wconf 89' lang='lat' dir='ltr'><strong>D.</strong></span> <span class='ocrx_word' id='word_1_28' title='bbox 1064 715 1264 751; x_wconf 75' lang='lat' dir='ltr'>BRUTO</span> <span class='ocrx_word' id='word_1_29' title='bbox 1306 715 1430 752; x_wconf 78' lang='grc' dir='ltr'>ΙΜΡ.</span> <span class='ocrx_word' id='word_1_30' title='bbox 1473 715 1597 753; x_wconf 80' lang='lat' dir='ltr'><strong>Cos.</strong></span> <span class='ocrx_word' id='word_1_31' title='bbox 1641 727 1759 753; x_wconf 85' lang='lat' dir='ltr'><strong>DES.</strong></span> <span class='ocrx_word' id='word_1_32' title='bbox 1802 716 1840 754; x_wconf 87' lang='lat' dir='ltr'><strong>S.</strong></span> 
     </span>
    </p>
   </div>
   <div class='ocr_carea' id='block_1_4' title="bbox 534 837 1912 2120">
    <p class='ocr_par' dir='ltr' id='par_1_4' title="bbox 534 837 1912 2120">
     <span class='ocr_line' id='line_1_6' title="bbox 545 837 1910 911; baseline 0.002 -33"><span class='ocrx_word' id='word_1_33' title='bbox 545 839 640 878; x_wconf 86' lang='lat' dir='ltr'><strong>XII.</strong></span> <span class='ocrx_word' id='word_1_34' title='bbox 666 837 802 911; x_wconf 84' lang='lat' dir='ltr'><strong>TR</strong></span> <span class='ocrx_word' id='word_1_35' title='bbox 819 841 852 878; x_wconf 90' lang='lat' dir='ltr'>E</span> <span class='ocrx_word' id='word_1_36' title='bbox 871 841 892 877; x_wconf 92' lang='lat' dir='ltr'>S</span> <span class='ocrx_word' id='word_1_37' title='bbox 924 853 1001 878; x_wconf 89' lang='lat' dir='ltr'><strong>uno</strong></span> <span class='ocrx_word' id='word_1_38' title='bbox 1028 839 1089 877; x_wconf 87' lang='lat' dir='ltr'><strong>die</strong></span> <span class='ocrx_word' id='word_1_39' title='bbox 1118 855 1137 877; x_wconf 86' lang='lat' dir='ltr'>a</span> <span class='ocrx_word' id='word_1_40' title='bbox 1167 850 1203 878; x_wconf 90' lang='lat' dir='ltr'><strong>te</strong></span> <span class='ocrx_word' id='word_1_41' title='bbox 1230 840 1359 892; x_wconf 87' lang='lat' dir='ltr'><strong>accepi</strong></span> <span class='ocrx_word' id='word_1_42' title='bbox 1380 842 1571 893; x_wconf 85' lang='lat' dir='ltr'><strong>epistolas,</strong></span> <span class='ocrx_word' id='word_1_43' title='bbox 1603 855 1720 879; x_wconf 79' lang='lat' dir='ltr'><strong>unam</strong></span> <span class='ocrx_word' id='word_1_44' title='bbox 1741 842 1910 888; x_wconf 88' lang='lat' dir='ltr'><strong>brevem,</strong></span> 
     </span>
     <span class='ocr_line' id='line_1_7' title="bbox 753 904 1912 957; baseline 0.003 -17"><span class='ocrx_word' id='word_1_45' title='bbox 753 917 871 955; x_wconf 88' lang='lat' dir='ltr'><strong>quam</strong></span> <span class='ocrx_word' id='word_1_46' title='bbox 893 904 1034 941; x_wconf 83' lang='lat' dir='ltr'><strong>Flacco</strong></span> <span class='ocrx_word' id='word_1_47' title='bbox 1052 904 1267 941; x_wconf 87' lang='lat' dir='ltr'><strong>Volumnio</strong></span> <span class='ocrx_word' id='word_1_48' title='bbox 1283 904 1451 949; x_wconf 77' lang='lat' dir='ltr'>dederas,</span> <span class='ocrx_word' id='word_1_49' title='bbox 1469 905 1560 941; x_wconf 84' lang='lat' dir='ltr'><strong>duas</strong></span> <span class='ocrx_word' id='word_1_50' title='bbox 1577 905 1791 955; x_wconf 76' lang='lat' dir='ltr'><strong>pleniore53</strong></span> <span class='ocrx_word' id='word_1_51' title='bbox 1815 919 1912 957; x_wconf 79' lang='lat' dir='ltr'><strong>qua-</strong></span> 
     </span>
     <span class='ocr_line' id='line_1_8' title="bbox 542 968 1912 1012; baseline 0.001 -6"><span class='ocrx_word' id='word_1_52' title='bbox 542 982 631 1006; x_wconf 87' lang='lat' dir='ltr'><strong>rum</strong></span> <span class='ocrx_word' id='word_1_53' title='bbox 658 969 815 1006; x_wconf 80' lang='lat' dir='ltr'><strong>alteram</strong></span> <span class='ocrx_word' id='word_1_54' title='bbox 843 968 1064 1005; x_wconf 78' lang='lat' dir='ltr'><strong>tabellarius</strong></span> <span class='ocrx_word' id='word_1_55' title='bbox 1095 969 1148 1006; x_wconf 91' lang='lat' dir='ltr'><strong>T.</strong></span> <span class='ocrx_word' id='word_1_56' title='bbox 1171 969 1282 1005; x_wconf 81' lang='lat' dir='ltr'>Vibii</span> <span class='ocrx_word' id='word_1_57' title='bbox 1303 969 1450 1012; x_wconf 84' lang='lat' dir='ltr'><strong>attulit,</strong></span> <span class='ocrx_word' id='word_1_58' title='bbox 1481 969 1639 1006; x_wconf 88' lang='lat' dir='ltr'><strong>alteram</strong></span> <span class='ocrx_word' id='word_1_59' title='bbox 1660 969 1706 1005; x_wconf 87' lang='lat' dir='ltr'><strong>ad</strong></span> <span class='ocrx_word' id='word_1_60' title='bbox 1726 983 1789 1007; x_wconf 89' lang='lat' dir='ltr'><strong>me</strong></span> <span class='ocrx_word' id='word_1_61' title='bbox 1809 971 1912 1008; x_wconf 80' lang='lat' dir='ltr'><strong>misit</strong></span> 
     </span>
     <span class='ocr_line' id='line_1_9' title="bbox 543 1034 1912 1086; baseline 0.001 -14"><span class='ocrx_word' id='word_1_62' title='bbox 543 1035 695 1086; x_wconf 81' lang='lat' dir='ltr'><strong>Lupus.</strong></span> <span class='ocrx_word' id='word_1_63' title='bbox 728 1035 789 1070; x_wconf 84' lang='lat' dir='ltr'><strong>Ex</strong></span> <span class='ocrx_word' id='word_1_64' title='bbox 812 1034 887 1070; x_wconf 87' lang='lat' dir='ltr'><strong>tuis</strong></span> <span class='ocrx_word' id='word_1_65' title='bbox 909 1034 1046 1077; x_wconf 84' lang='lat' dir='ltr'><strong>literis,</strong></span> <span class='ocrx_word' id='word_1_66' title='bbox 1068 1043 1106 1071; x_wconf 88' lang='lat' dir='ltr'><strong>et</strong></span> <span class='ocrx_word' id='word_1_67' title='bbox 1126 1047 1173 1071; x_wconf 87' lang='lat' dir='ltr'><strong>ex</strong></span> <span class='ocrx_word' id='word_1_68' title='bbox 1194 1034 1360 1071; x_wconf 87' lang='lat' dir='ltr'><strong>Graeceii</strong></span> <span class='ocrx_word' id='word_1_69' title='bbox 1381 1034 1567 1078; x_wconf 85' lang='lat' dir='ltr'><strong>oratione,</strong></span> <span class='ocrx_word' id='word_1_70' title='bbox 1596 1047 1674 1071; x_wconf 91' lang='lat' dir='ltr'><strong>non</strong></span> <span class='ocrx_word' id='word_1_71' title='bbox 1695 1034 1813 1072; x_wconf 90' lang='lat' dir='ltr'><strong>modo</strong></span> <span class='ocrx_word' id='word_1_72' title='bbox 1833 1049 1912 1073; x_wconf 89' lang='lat' dir='ltr'><strong>non</strong></span> 
     </span>
     <span class='ocr_line' id='line_1_10' title="bbox 541 1097 1911 1142; baseline 0.001 -7"><span class='ocrx_word' id='word_1_73' title='bbox 541 1098 765 1135; x_wconf 69' lang='lat' dir='ltr'><strong>restin&amp;um</strong></span> <span class='ocrx_word' id='word_1_74' title='bbox 788 1097 951 1141; x_wconf 86' lang='lat' dir='ltr'><strong>bellum,</strong></span> <span class='ocrx_word' id='word_1_75' title='bbox 980 1097 1042 1134; x_wconf 88' lang='lat' dir='ltr'><strong>sed</strong></span> <span class='ocrx_word' id='word_1_76' title='bbox 1062 1098 1179 1135; x_wconf 84' lang='lat' dir='ltr'><strong>etiam</strong></span> <span class='ocrx_word' id='word_1_77' title='bbox 1199 1097 1501 1142; x_wconf 78' lang='lat' dir='ltr'><strong>inflammatum,</strong></span> <span class='ocrx_word' id='word_1_78' title='bbox 1523 1097 1688 1135; x_wconf 82' lang='lat' dir='ltr'><strong>videtur.</strong></span> <span class='ocrx_word' id='word_1_79' title='bbox 1722 1098 1816 1136; x_wconf 90' lang='lat' dir='ltr'><strong>Non</strong></span> <span class='ocrx_word' id='word_1_80' title='bbox 1837 1099 1911 1136; x_wconf 91' lang='lat' dir='ltr'><strong>du-</strong></span> 
     </span>
     <span class='ocr_line' id='line_1_11' title="bbox 541 1162 1912 1215; baseline 0 -15"><span class='ocrx_word' id='word_1_81' title='bbox 541 1163 626 1200; x_wconf 87' lang='lat' dir='ltr'><strong>bito</strong></span> <span class='ocrx_word' id='word_1_82' title='bbox 645 1172 774 1200; x_wconf 86' lang='lat' dir='ltr'><strong>autem</strong></span> <span class='ocrx_word' id='word_1_83' title='bbox 794 1176 864 1214; x_wconf 88' lang='lat' dir='ltr'><strong>pro</strong></span> <span class='ocrx_word' id='word_1_84' title='bbox 885 1172 950 1200; x_wconf 87' lang='lat' dir='ltr'><strong>tua</strong></span> <span class='ocrx_word' id='word_1_85' title='bbox 970 1163 1151 1214; x_wconf 74' lang='lat' dir='ltr'><strong>singulari</strong></span> <span class='ocrx_word' id='word_1_86' title='bbox 1171 1162 1389 1214; x_wconf 87' lang='lat' dir='ltr'><strong>prudentia,</strong></span> <span class='ocrx_word' id='word_1_87' title='bbox 1420 1163 1515 1214; x_wconf 91' lang='lat' dir='ltr'><strong>quin</strong></span> <span class='ocrx_word' id='word_1_88' title='bbox 1537 1163 1757 1215; x_wconf 82' lang='lat' dir='ltr'>perspicias,</span> <span class='ocrx_word' id='word_1_89' title='bbox 1788 1163 1813 1200; x_wconf 87' lang='lat' dir='ltr'>fi</span> <span class='ocrx_word' id='word_1_90' title='bbox 1838 1164 1912 1201; x_wconf 87' lang='lat' dir='ltr'><strong>ali-</strong></span> 
     </span>
     <span class='ocr_line' id='line_1_12' title="bbox 539 1227 1911 1280; baseline 0.001 -16"><span class='ocrx_word' id='word_1_91' title='bbox 539 1227 636 1280; x_wconf 90' lang='lat' dir='ltr'>quid</span> <span class='ocrx_word' id='word_1_92' title='bbox 656 1227 851 1265; x_wconf 88' lang='lat' dir='ltr'><strong>firmitatis</strong></span> <span class='ocrx_word' id='word_1_93' title='bbox 872 1228 1004 1264; x_wconf 63' lang='lat' dir='ltr'><strong>nactus</strong></span> <span class='ocrx_word' id='word_1_94' title='bbox 1026 1227 1070 1264; x_wconf 89' lang='lat' dir='ltr'><strong>fit</strong></span> <span class='ocrx_word' id='word_1_95' title='bbox 1090 1227 1304 1272; x_wconf 86' lang='lat' dir='ltr'><strong>Antonius,</strong></span> <span class='ocrx_word' id='word_1_96' title='bbox 1335 1228 1467 1264; x_wconf 83' lang='lat' dir='ltr'><strong>omnia</strong></span> <span class='ocrx_word' id='word_1_97' title='bbox 1493 1236 1558 1265; x_wconf 85' lang='lat' dir='ltr'><strong>tua</strong></span> <span class='ocrx_word' id='word_1_98' title='bbox 1586 1227 1654 1264; x_wconf 87' lang='lat' dir='ltr'><strong>illa</strong></span> <span class='ocrx_word' id='word_1_99' title='bbox 1672 1227 1851 1279; x_wconf 84' lang='lat' dir='ltr'><strong>praeclara</strong></span> <span class='ocrx_word' id='word_1_100' title='bbox 1870 1228 1911 1265; x_wconf 86' lang='lat' dir='ltr'><strong>in</strong></span> 
     </span>
     <span class='ocr_line' id='line_1_13' title="bbox 538 1291 1909 1344; baseline 0 -15"><span class='ocrx_word' id='word_1_101' title='bbox 538 1292 824 1344; x_wconf 77' lang='lat' dir='ltr'>rempublicam</span> <span class='ocrx_word' id='word_1_102' title='bbox 844 1292 996 1336; x_wconf 85' lang='lat' dir='ltr'><strong>merita,</strong></span> <span class='ocrx_word' id='word_1_103' title='bbox 1027 1292 1072 1329; x_wconf 83' lang='lat' dir='ltr'><strong>ad</strong></span> <span class='ocrx_word' id='word_1_104' title='bbox 1100 1291 1272 1330; x_wconf 88' lang='lat' dir='ltr'><strong>nihilum</strong></span> <span class='ocrx_word' id='word_1_105' title='bbox 1298 1292 1369 1330; x_wconf 85' lang='lat' dir='ltr'><strong>effe</strong></span> <span class='ocrx_word' id='word_1_106' title='bbox 1395 1301 1568 1330; x_wconf 83' lang='lat' dir='ltr'><strong>ventura.</strong></span> <span class='ocrx_word' id='word_1_107' title='bbox 1615 1293 1673 1330; x_wconf 83' lang='lat' dir='ltr'><strong>Ita</strong></span> <span class='ocrx_word' id='word_1_108' title='bbox 1698 1292 1804 1330; x_wconf 90' lang='lat' dir='ltr'><strong>enim</strong></span> <span class='ocrx_word' id='word_1_109' title='bbox 1825 1293 1909 1330; x_wconf 88' lang='lat' dir='ltr'><strong>Ro-</strong></span> 
     </span>
     <span class='ocr_line' id='line_1_14' title="bbox 539 1357 1909 1409; baseline -0.001 -14"><span class='ocrx_word' id='word_1_110' title='bbox 539 1371 644 1395; x_wconf 82' lang='lat' dir='ltr'><strong>mam</strong></span> <span class='ocrx_word' id='word_1_111' title='bbox 665 1367 744 1395; x_wconf 85' lang='lat' dir='ltr'><strong>erat</strong></span> <span class='ocrx_word' id='word_1_112' title='bbox 764 1357 1003 1402; x_wconf 82' lang='lat' dir='ltr'><strong>nuntiatum,</strong></span> <span class='ocrx_word' id='word_1_113' title='bbox 1021 1357 1075 1394; x_wconf 84' lang='lat' dir='ltr'><strong>ita</strong></span> <span class='ocrx_word' id='word_1_114' title='bbox 1093 1357 1312 1409; x_wconf 80' lang='lat' dir='ltr'><strong>persuasum</strong></span> <span class='ocrx_word' id='word_1_115' title='bbox 1328 1357 1527 1402; x_wconf 81' lang='lat' dir='ltr'><strong>omnibus,</strong></span> <span class='ocrx_word' id='word_1_116' title='bbox 1545 1370 1637 1394; x_wconf 89' lang='lat' dir='ltr'><strong>cum</strong></span> <span class='ocrx_word' id='word_1_117' title='bbox 1652 1357 1784 1408; x_wconf 86' lang='lat' dir='ltr'>paucis</span> <span class='ocrx_word' id='word_1_118' title='bbox 1805 1358 1909 1394; x_wconf 87' lang='lat' dir='ltr'><strong>iner-</strong></span> 
     </span>
     <span class='ocr_line' id='line_1_15' title="bbox 537 1420 1910 1474; baseline -0.001 -14"><span class='ocrx_word' id='word_1_119' title='bbox 537 1423 629 1468; x_wconf 85' lang='lat' dir='ltr'><strong>mis,</strong></span> <span class='ocrx_word' id='word_1_120' title='bbox 661 1422 873 1474; x_wconf 83' lang='lat' dir='ltr'><strong>perterritis</strong></span> <span class='ocrx_word' id='word_1_121' title='bbox 894 1430 1018 1466; x_wconf 88' lang='lat' dir='ltr'><strong>metu,</strong></span> <span class='ocrx_word' id='word_1_122' title='bbox 1048 1421 1169 1459; x_wconf 61' lang='lat' dir='ltr'><strong>fracto</strong></span> <span class='ocrx_word' id='word_1_123' title='bbox 1189 1422 1320 1458; x_wconf 84' lang='lat' dir='ltr'><strong>animo</strong></span> <span class='ocrx_word' id='word_1_124' title='bbox 1340 1420 1477 1472; x_wconf 76' lang='lat' dir='ltr'><strong>fugisse</strong></span> <span class='ocrx_word' id='word_1_125' title='bbox 1500 1421 1734 1458; x_wconf 89' lang='lat' dir='ltr'><strong>Antonium.</strong></span> <span class='ocrx_word' id='word_1_126' title='bbox 1781 1422 1862 1472; x_wconf 84' lang='lat' dir='ltr'><strong>Qi</strong></span> <span class='ocrx_word' id='word_1_127' title='bbox 1883 1421 1910 1459; x_wconf 88' lang='lat' dir='ltr'>fi</span> 
     </span>
     <span class='ocr_line' id='line_1_16' title="bbox 538 1486 1909 1538; baseline -0.001 -13"><span class='ocrx_word' id='word_1_128' title='bbox 538 1488 591 1525; x_wconf 83' lang='lat' dir='ltr'><strong>ita</strong></span> <span class='ocrx_word' id='word_1_129' title='bbox 611 1488 646 1526; x_wconf 87' lang='lat' dir='ltr'><strong>se</strong></span> <span class='ocrx_word' id='word_1_130' title='bbox 666 1487 798 1532; x_wconf 86' lang='lat' dir='ltr'><strong>habet,</strong></span> <span class='ocrx_word' id='word_1_131' title='bbox 821 1496 879 1532; x_wconf 89' lang='lat' dir='ltr'><strong>ut,</strong></span> <span class='ocrx_word' id='word_1_132' title='bbox 896 1486 1228 1538; x_wconf 86' lang='lat' dir='ltr'><strong>quemadmodum</strong></span> <span class='ocrx_word' id='word_1_133' title='bbox 1249 1486 1451 1523; x_wconf 84' lang='lat' dir='ltr'><strong>audiebam</strong></span> <span class='ocrx_word' id='word_1_134' title='bbox 1472 1486 1518 1523; x_wconf 89' lang='lat' dir='ltr'><strong>de</strong></span> <span class='ocrx_word' id='word_1_135' title='bbox 1540 1486 1730 1530; x_wconf 82' lang='lat' dir='ltr'><strong>Graeceio,</strong></span> <span class='ocrx_word' id='word_1_136' title='bbox 1749 1486 1909 1537; x_wconf 85' lang='lat' dir='ltr'><strong>confligi</strong></span> 
     </span>
     <span class='ocr_line' id='line_1_17' title="bbox 537 1550 1910 1604; baseline -0.002 -14"><span class='ocrx_word' id='word_1_137' title='bbox 537 1566 629 1590; x_wconf 90' lang='lat' dir='ltr'><strong>cum</strong></span> <span class='ocrx_word' id='word_1_138' title='bbox 649 1566 694 1590; x_wconf 94' lang='lat' dir='ltr'><strong>eo</strong></span> <span class='ocrx_word' id='word_1_139' title='bbox 714 1552 791 1590; x_wconf 89' lang='lat' dir='ltr'><strong>fine</strong></span> <span class='ocrx_word' id='word_1_140' title='bbox 811 1552 986 1604; x_wconf 90' lang='lat' dir='ltr'><strong>periculo</strong></span> <span class='ocrx_word' id='word_1_141' title='bbox 1007 1565 1085 1589; x_wconf 89' lang='lat' dir='ltr'><strong>non</strong></span> <span class='ocrx_word' id='word_1_142' title='bbox 1105 1551 1232 1603; x_wconf 81' lang='lat' dir='ltr'><strong>poffit,</strong></span> <span class='ocrx_word' id='word_1_143' title='bbox 1256 1564 1333 1588; x_wconf 87' lang='lat' dir='ltr'><strong>non</strong></span> <span class='ocrx_word' id='word_1_144' title='bbox 1355 1551 1422 1588; x_wconf 87' lang='lat' dir='ltr'><strong>ille</strong></span> <span class='ocrx_word' id='word_1_145' title='bbox 1442 1550 1541 1588; x_wconf 82' lang='lat' dir='ltr'><strong>mihi</strong></span> <span class='ocrx_word' id='word_1_146' title='bbox 1562 1550 1698 1602; x_wconf 76' lang='lat' dir='ltr'><strong>fugisse</strong></span> <span class='ocrx_word' id='word_1_147' title='bbox 1715 1564 1734 1587; x_wconf 90' lang='lat' dir='ltr'>a</span> <span class='ocrx_word' id='word_1_148' title='bbox 1750 1551 1910 1588; x_wconf 78' lang='lat' dir='ltr'><strong>Mutina</strong></span> 
     </span>
     <span class='ocr_line' id='line_1_18' title="bbox 536 1614 1909 1667; baseline -0.001 -13"><span class='ocrx_word' id='word_1_149' title='bbox 536 1617 702 1661; x_wconf 83' lang='lat' dir='ltr'><strong>videtur,</strong></span> <span class='ocrx_word' id='word_1_150' title='bbox 734 1617 795 1654; x_wconf 92' lang='lat' dir='ltr'><strong>sed</strong></span> <span class='ocrx_word' id='word_1_151' title='bbox 817 1617 949 1654; x_wconf 88' lang='lat' dir='ltr'><strong>locum</strong></span> <span class='ocrx_word' id='word_1_152' title='bbox 971 1616 1064 1653; x_wconf 88' lang='lat' dir='ltr'><strong>belli</strong></span> <span class='ocrx_word' id='word_1_153' title='bbox 1085 1616 1243 1667; x_wconf 84' lang='lat' dir='ltr'><strong>gerendi</strong></span> <span class='ocrx_word' id='word_1_154' title='bbox 1265 1615 1436 1653; x_wconf 66' lang='lat' dir='ltr'><strong>mutasse.</strong></span> <span class='ocrx_word' id='word_1_155' title='bbox 1484 1617 1618 1666; x_wconf 80' lang='lat' dir='ltr'><strong>Itaque</strong></span> <span class='ocrx_word' id='word_1_156' title='bbox 1642 1614 1821 1652; x_wconf 83' lang='lat' dir='ltr'><strong>homines</strong></span> <span class='ocrx_word' id='word_1_157' title='bbox 1843 1616 1909 1652; x_wconf 78' lang='lat' dir='ltr'><strong>alii</strong></span> 
     </span>
     <span class='ocr_line' id='line_1_19' title="bbox 535 1679 1906 1732; baseline -0.001 -13"><span class='ocrx_word' id='word_1_158' title='bbox 535 1681 625 1719; x_wconf 70' lang='lat' dir='ltr'><strong>faffi</strong></span> <span class='ocrx_word' id='word_1_159' title='bbox 647 1682 748 1719; x_wconf 85' lang='lat' dir='ltr'><strong>sunt.</strong></span> <span class='ocrx_word' id='word_1_160' title='bbox 782 1681 980 1719; x_wconf 89' lang='lat' dir='ltr'><strong>Nonnulli</strong></span> <span class='ocrx_word' id='word_1_161' title='bbox 1001 1681 1117 1718; x_wconf 81' lang='lat' dir='ltr'><strong>etiam</strong></span> <span class='ocrx_word' id='word_1_162' title='bbox 1134 1689 1364 1732; x_wconf 90' lang='lat' dir='ltr'><strong>queruntur,</strong></span> <span class='ocrx_word' id='word_1_163' title='bbox 1383 1679 1487 1731; x_wconf 86' lang='lat' dir='ltr'><strong>quod</strong></span> <span class='ocrx_word' id='word_1_164' title='bbox 1504 1679 1692 1731; x_wconf 85' lang='lat' dir='ltr'><strong>persecuti</strong></span> <span class='ocrx_word' id='word_1_165' title='bbox 1709 1693 1786 1716; x_wconf 84' lang='lat' dir='ltr'><strong>non</strong></span> <span class='ocrx_word' id='word_1_166' title='bbox 1804 1680 1906 1718; x_wconf 77' lang='lat' dir='ltr'><strong>fitis:</strong></span> 
     </span>
     <span class='ocr_line' id='line_1_20' title="bbox 534 1743 1906 1798; baseline -0.001 -15"><span class='ocrx_word' id='word_1_167' title='bbox 534 1747 705 1798; x_wconf 87' lang='lat' dir='ltr'><strong>opprimi</strong></span> <span class='ocrx_word' id='word_1_168' title='bbox 726 1745 902 1797; x_wconf 84' lang='lat' dir='ltr'><strong>potuiffe,</strong></span> <span class='ocrx_word' id='word_1_169' title='bbox 934 1745 960 1782; x_wconf 89' lang='lat' dir='ltr'><strong>fi</strong></span> <span class='ocrx_word' id='word_1_170' title='bbox 988 1745 1161 1782; x_wconf 82' lang='lat' dir='ltr'><strong>celeritas</strong></span> <span class='ocrx_word' id='word_1_171' title='bbox 1191 1744 1366 1782; x_wconf 83' lang='lat' dir='ltr'><strong>adhibita</strong></span> <span class='ocrx_word' id='word_1_172' title='bbox 1386 1744 1489 1788; x_wconf 73' lang='lat' dir='ltr'><strong>esset,</strong></span> <span class='ocrx_word' id='word_1_173' title='bbox 1520 1743 1755 1781; x_wconf 78' lang='lat' dir='ltr'><strong>existimant.</strong></span> <span class='ocrx_word' id='word_1_174' title='bbox 1803 1746 1906 1782; x_wconf 88' lang='lat' dir='ltr'><strong>Om-</strong></span> 
     </span>
     <span class='ocr_line' id='line_1_21' title="bbox 534 1807 1905 1862; baseline 0 -15"><span class='ocrx_word' id='word_1_175' title='bbox 534 1812 628 1848; x_wconf 83' lang='lat' dir='ltr'><strong>nino</strong></span> <span class='ocrx_word' id='word_1_176' title='bbox 649 1810 702 1847; x_wconf 87' lang='lat' dir='ltr'><strong>est</strong></span> <span class='ocrx_word' id='word_1_177' title='bbox 721 1810 796 1847; x_wconf 88' lang='lat' dir='ltr'><strong>hoc</strong></span> <span class='ocrx_word' id='word_1_178' title='bbox 817 1810 968 1861; x_wconf 87' lang='lat' dir='ltr'><strong>populi,</strong></span> <span class='ocrx_word' id='word_1_179' title='bbox 987 1810 1234 1862; x_wconf 85' lang='lat' dir='ltr'><strong>maximeque</strong></span> <span class='ocrx_word' id='word_1_180' title='bbox 1256 1809 1387 1853; x_wconf 90' lang='lat' dir='ltr'><strong>nostri,</strong></span> <span class='ocrx_word' id='word_1_181' title='bbox 1410 1809 1449 1846; x_wconf 87' lang='lat' dir='ltr'><strong>in</strong></span> <span class='ocrx_word' id='word_1_182' title='bbox 1471 1822 1515 1845; x_wconf 86' lang='lat' dir='ltr'><strong>eo</strong></span> <span class='ocrx_word' id='word_1_183' title='bbox 1535 1807 1776 1860; x_wconf 85' lang='lat' dir='ltr'><strong>potiffimum</strong></span> <span class='ocrx_word' id='word_1_184' title='bbox 1797 1809 1905 1847; x_wconf 81' lang='lat' dir='ltr'><strong>abuti</strong></span> 
     </span>
     <span class='ocr_line' id='line_1_22' title="bbox 534 1872 1904 1926; baseline -0.001 -14"><span class='ocrx_word' id='word_1_185' title='bbox 534 1876 726 1919; x_wconf 81' lang='lat' dir='ltr'><strong>libertate,</strong></span> <span class='ocrx_word' id='word_1_186' title='bbox 758 1888 825 1926; x_wconf 86' lang='lat' dir='ltr'><strong>per</strong></span> <span class='ocrx_word' id='word_1_187' title='bbox 845 1888 962 1925; x_wconf 87' lang='lat' dir='ltr'><strong>quem</strong></span> <span class='ocrx_word' id='word_1_188' title='bbox 983 1888 1066 1911; x_wconf 80' lang='lat' dir='ltr'><strong>earn</strong></span> <span class='ocrx_word' id='word_1_189' title='bbox 1086 1874 1315 1911; x_wconf 80' lang='lat' dir='ltr'><strong>consecutus</strong></span> <span class='ocrx_word' id='word_1_190' title='bbox 1337 1873 1395 1910; x_wconf 89' lang='lat' dir='ltr'><strong>s1t.</strong></span> <span class='ocrx_word' id='word_1_191' title='bbox 1442 1872 1513 1909; x_wconf 83' lang='lat' dir='ltr'><strong>Sed</strong></span> <span class='ocrx_word' id='word_1_192' title='bbox 1542 1881 1667 1910; x_wconf 73' lang='lat' dir='ltr'><strong>tamen</strong></span> <span class='ocrx_word' id='word_1_193' title='bbox 1697 1873 1904 1923; x_wconf 84' lang='lat' dir='ltr'><strong>providen-</strong></span> 
     </span>
     <span class='ocr_line' id='line_1_23' title="bbox 535 1936 1904 1989; baseline -0.001 -12"><span class='ocrx_word' id='word_1_194' title='bbox 535 1941 629 1977; x_wconf 88' lang='lat' dir='ltr'><strong>dum</strong></span> <span class='ocrx_word' id='word_1_195' title='bbox 650 1940 709 1983; x_wconf 86' lang='lat' dir='ltr'><strong>fit,</strong></span> <span class='ocrx_word' id='word_1_196' title='bbox 742 1952 788 1975; x_wconf 91' lang='lat' dir='ltr'><strong>ne</strong></span> <span class='ocrx_word' id='word_1_197' title='bbox 809 1952 893 1989; x_wconf 87' lang='lat' dir='ltr'><strong>quae</strong></span> <span class='ocrx_word' id='word_1_198' title='bbox 908 1938 1008 1989; x_wconf 81' lang='lat' dir='ltr'><strong>justa</strong></span> <span class='ocrx_word' id='word_1_199' title='bbox 1030 1939 1184 1989; x_wconf 85' lang='lat' dir='ltr'><strong>querela</strong></span> <span class='ocrx_word' id='word_1_200' title='bbox 1204 1938 1274 1974; x_wconf 84' lang='lat' dir='ltr'><strong>effe</strong></span> <span class='ocrx_word' id='word_1_201' title='bbox 1294 1937 1420 1989; x_wconf 82' lang='lat' dir='ltr'><strong>poflit.</strong></span> <span class='ocrx_word' id='word_1_202' title='bbox 1466 1938 1542 1974; x_wconf 87' lang='lat' dir='ltr'><strong>Res</strong></span> <span class='ocrx_word' id='word_1_203' title='bbox 1564 1937 1613 1974; x_wconf 78' lang='lat' dir='ltr'><strong>sic</strong></span> <span class='ocrx_word' id='word_1_204' title='bbox 1635 1936 1670 1973; x_wconf 91' lang='lat' dir='ltr'><strong>se</strong></span> <span class='ocrx_word' id='word_1_205' title='bbox 1690 1936 1806 1974; x_wconf 82' lang='lat' dir='ltr'><strong>habet</strong></span> <span class='ocrx_word' id='word_1_206' title='bbox 1825 1953 1832 1975; x_wconf 95' lang='lat'>:</span> <span class='ocrx_word' id='word_1_207' title='bbox 1867 1939 1904 1975; x_wconf 84' lang='lat' dir='ltr'><strong>Is</strong></span> 
     </span>
     <span class='ocr_line' id='line_1_24' title="bbox 535 2001 1904 2054; baseline -0.001 -13"><span class='ocrx_word' id='word_1_208' title='bbox 535 2005 684 2042; x_wconf 85' lang='lat' dir='ltr'><strong>bellum</strong></span> <span class='ocrx_word' id='word_1_209' title='bbox 705 2002 931 2047; x_wconf 86' lang='lat' dir='ltr'><strong>confecerit,</strong></span> <span class='ocrx_word' id='word_1_210' title='bbox 963 2004 1031 2054; x_wconf 89' lang='lat' dir='ltr'><strong>qui</strong></span> <span class='ocrx_word' id='word_1_211' title='bbox 1052 2004 1273 2040; x_wconf 84' lang='lat' dir='ltr'><strong>Antonium</strong></span> <span class='ocrx_word' id='word_1_212' title='bbox 1295 2001 1531 2054; x_wconf 82' lang='lat' dir='ltr'><strong>opprefferit.</strong></span> <span class='ocrx_word' id='word_1_213' title='bbox 1574 2003 1665 2039; x_wconf 89' lang='lat' dir='ltr'><strong>Hoc</strong></span> <span class='ocrx_word' id='word_1_214' title='bbox 1687 2015 1804 2052; x_wconf 88' lang='lat' dir='ltr'><strong>quam</strong></span> <span class='ocrx_word' id='word_1_215' title='bbox 1824 2003 1904 2040; x_wconf 88' lang='lat' dir='ltr'><strong>vim</strong></span> 
     </span>
     <span class='ocr_line' id='line_1_25' title="bbox 534 2065 1748 2120; baseline -0.002 -13"><span class='ocrx_word' id='word_1_216' title='bbox 534 2070 686 2114; x_wconf 75' lang='lat' dir='ltr'><strong>habeat,</strong></span> <span class='ocrx_word' id='word_1_217' title='bbox 717 2078 753 2106; x_wconf 85' lang='lat' dir='ltr'><strong>te</strong></span> <span class='ocrx_word' id='word_1_218' title='bbox 774 2067 989 2105; x_wconf 79' lang='lat' dir='ltr'><strong>existimare</strong></span> <span class='ocrx_word' id='word_1_219' title='bbox 1010 2068 1128 2113; x_wconf 79' lang='lat' dir='ltr'><strong>malo,</strong></span> <span class='ocrx_word' id='word_1_220' title='bbox 1159 2081 1277 2120; x_wconf 86' lang='lat' dir='ltr'><strong>quam</strong></span> <span class='ocrx_word' id='word_1_221' title='bbox 1298 2081 1359 2105; x_wconf 90' lang='lat' dir='ltr'><strong>me</strong></span> <span class='ocrx_word' id='word_1_222' title='bbox 1380 2067 1548 2119; x_wconf 79' lang='lat' dir='ltr'><strong>apertius</strong></span> <span class='ocrx_word' id='word_1_223' title='bbox 1571 2065 1748 2105; x_wconf 86' lang='lat' dir='ltr'><strong>scribere.</strong></span> 
     </span>
    </p>
   </div>
   <div class='ocr_carea' id='block_1_5' title="bbox 531 2268 1900 2447">
    <p class='ocr_par' dir='ltr' id='par_1_5' title="bbox 531 2268 1900 2447">
     <span class='ocr_line' id='line_1_26' title="bbox 696 2268 1744 2307; baseline 0 -1"><span class='ocrx_word' id='word_1_224' title='bbox 696 2269 749 2306; x_wconf 92' lang='lat' dir='ltr'><strong>D.</strong></span> <span class='ocrx_word' id='word_1_225' title='bbox 782 2270 1031 2307; x_wconf 81' lang='lat' dir='ltr'><strong>BRuTus</strong></span> <span class='ocrx_word' id='word_1_226' title='bbox 1074 2268 1136 2306; x_wconf 91' lang='lat' dir='ltr'><strong>M.</strong></span> <span class='ocrx_word' id='word_1_227' title='bbox 1169 2268 1223 2305; x_wconf 89' lang='lat' dir='ltr'><strong>T.</strong></span> <span class='ocrx_word' id='word_1_228' title='bbox 1257 2268 1577 2305; x_wconf 80' lang='lat' dir='ltr'><strong>CICERONI</strong></span> <span class='ocrx_word' id='word_1_229' title='bbox 1620 2268 1658 2306; x_wconf 90' lang='lat' dir='ltr'><strong>S.</strong></span> <span class='ocrx_word' id='word_1_230' title='bbox 1691 2269 1744 2306; x_wconf 93' lang='lat' dir='ltr'><strong>D.</strong></span> 
     </span>
     <span class='ocr_line' id='line_1_27' title="bbox 531 2394 1900 2447; baseline -0.003 -11"><span class='ocrx_word' id='word_1_231' title='bbox 531 2398 646 2436; x_wconf 86' lang='lat' dir='ltr'><strong>XIII.</strong></span> <span class='ocrx_word' id='word_1_232' title='bbox 739 2398 842 2434; x_wconf 87' lang='lat' dir='ltr'><strong>AM</strong></span> <span class='ocrx_word' id='word_1_233' title='bbox 855 2410 922 2434; x_wconf 84' lang='lat' dir='ltr'><strong>non</strong></span> <span class='ocrx_word' id='word_1_234' title='bbox 938 2410 1002 2446; x_wconf 82' lang='lat' dir='ltr'><strong>ago</strong></span> <span class='ocrx_word' id='word_1_235' title='bbox 1019 2395 1087 2433; x_wconf 75' lang='lat' dir='ltr'><strong>tibi</strong></span> <span class='ocrx_word' id='word_1_236' title='bbox 1098 2396 1265 2447; x_wconf 75' lang='lat' dir='ltr'><strong>gratias:</strong></span> <span class='ocrx_word' id='word_1_237' title='bbox 1287 2394 1347 2432; x_wconf 82' lang='lat' dir='ltr'><strong>cui</strong></span> <span class='ocrx_word' id='word_1_238' title='bbox 1363 2394 1451 2431; x_wconf 75' lang='lat' dir='ltr'><strong>enim</strong></span> <span class='ocrx_word' id='word_1_239' title='bbox 1467 2409 1507 2432; x_wconf 82' lang='lat' dir='ltr'><strong>re</strong></span> <span class='ocrx_word' id='word_1_240' title='bbox 1526 2396 1590 2433; x_wconf 79' lang='lat' dir='ltr'><strong>vix</strong></span> <span class='ocrx_word' id='word_1_241' title='bbox 1610 2396 1744 2446; x_wconf 69' lang='lat' dir='ltr'><strong>referre</strong></span> <span class='ocrx_word' id='word_1_242' title='bbox 1756 2394 1900 2447; x_wconf 70' lang='lat' dir='ltr'><strong>poffitm,</strong></span> 
     </span>
    </p>
   </div>
   <div class='ocr_carea' id='block_1_6' title="bbox 528 2459 1903 2580">
    <p class='ocr_par' dir='ltr' id='par_1_6' title="bbox 528 2459 1903 2580">
     <span class='ocr_line' id='line_1_28' title="bbox 748 2459 1903 2512; baseline -0.001 -14"><span class='ocrx_word' id='word_1_243' title='bbox 748 2461 829 2499; x_wconf 77' lang='lat' dir='ltr'><strong>huic</strong></span> <span class='ocrx_word' id='word_1_244' title='bbox 849 2460 968 2499; x_wconf 72' lang='lat' dir='ltr'><strong>verbis</strong></span> <span class='ocrx_word' id='word_1_245' title='bbox 986 2474 1052 2498; x_wconf 82' lang='lat' dir='ltr'><strong>non</strong></span> <span class='ocrx_word' id='word_1_246' title='bbox 1065 2460 1216 2512; x_wconf 78' lang='lat' dir='ltr'><strong>patitur</strong></span> <span class='ocrx_word' id='word_1_247' title='bbox 1234 2473 1289 2496; x_wconf 80' lang='lat' dir='ltr'><strong>res</strong></span> <span class='ocrx_word' id='word_1_248' title='bbox 1295 2459 1484 2510; x_wconf 57' lang='lat' dir='ltr'><strong>fhtzkfieri.</strong></span> <span class='ocrx_word' id='word_1_249' title='bbox 1531 2460 1730 2498; x_wconf 77' lang='lat' dir='ltr'><strong>Attendere</strong></span> <span class='ocrx_word' id='word_1_250' title='bbox 1748 2470 1783 2498; x_wconf 83' lang='lat' dir='ltr'><strong>te</strong></span> <span class='ocrx_word' id='word_1_251' title='bbox 1811 2461 1903 2503; x_wconf 79' lang='lat' dir='ltr'><em>volo,</em></span> 
     </span>
     <span class='ocr_line' id='line_1_29' title="bbox 528 2523 1901 2580; baseline -0.004 -14"><span class='ocrx_word' id='word_1_252' title='bbox 528 2543 607 2580; x_wconf 66' lang='lat' dir='ltr'><strong>qua&gt;</strong></span> <span class='ocrx_word' id='word_1_253' title='bbox 624 2526 660 2565; x_wconf 73' lang='lat' dir='ltr'><strong>in</strong></span> <span class='ocrx_word' id='word_1_254' title='bbox 680 2526 838 2566; x_wconf 66' lang='lat' dir='ltr'><strong>manibus</strong></span> <span class='ocrx_word' id='word_1_255' title='bbox 846 2526 936 2579; x_wconf 77' lang='lat' dir='ltr'><strong>sunt</strong></span> <span class='ocrx_word' id='word_1_256' title='bbox 949 2541 962 2563; x_wconf 87' lang='lat'><strong>.·</strong></span> <span class='ocrx_word' id='word_1_257' title='bbox 993 2539 1062 2578; x_wconf 67' lang='lat' dir='ltr'><strong>qchz</strong></span> <span class='ocrx_word' id='word_1_258' title='bbox 1081 2525 1170 2564; x_wconf 77' lang='lat' dir='ltr'><strong>enim</strong></span> <span class='ocrx_word' id='word_1_259' title='bbox 1183 2523 1377 2577; x_wconf 76' lang='lat' dir='ltr'><strong>prudentia</strong></span> <span class='ocrx_word' id='word_1_260' title='bbox 1397 2538 1443 2568; x_wconf 85' lang='lat' dir='ltr'><strong>es,</strong></span> <span class='ocrx_word' id='word_1_261' title='bbox 1465 2524 1558 2563; x_wconf 74' lang='lat' dir='ltr'><strong>m‘hil</strong></span> <span class='ocrx_word' id='word_1_262' title='bbox 1571 2534 1607 2563; x_wconf 88' lang='lat' dir='ltr'><strong>te</strong></span> <span class='ocrx_word' id='word_1_263' title='bbox 1609 2526 1750 2577; x_wconf 75' lang='lat' dir='ltr'><strong>fugiet,</strong></span> <span class='ocrx_word' id='word_1_264' title='bbox 1780 2539 1792 2561; x_wconf 73' lang='grc' dir='ltr'><em>ι</em></span> <span class='ocrx_word' id='word_1_265' title='bbox 1810 2537 1901 2562; x_wconf 80' lang='lat' dir='ltr'><strong>meas</strong></span> 
     </span>
    </p>
   </div>
  </div>
 </body>
</html>
