2351 2997
656 236 747 274 AD
808 229 1274 271 FAMILIARES
1335 229 1468 266 LIB.
1515 229 1548 266 Ι.
1752 243 1798 282 13

413 340 535 391 cogit,
555 350 617 375 me
632 335 679 373 ad
700 337 782 387 ejus
800 334 967 372 rationes
988 332 1176 384 adjung0‚
1194 343 1313 383 quem
1336 339 1379 367 tu
1400 330 1441 367 in
1464 330 1561 367 meis
1583 330 1802 367 rationibus

413 404 487 442 tibi
508 402 579 440 effe
599 399 895 453 adjungendum
916 397 1072 451 putasti.
1121 396 1194 434 Sed
1224 405 1261 433 te
1292 408 1371 433 non
1397 395 1583 447 praeterit,
1615 408 1733 446 quam
1756 394 1801 432 sit

414 469 590 512 difficile,
623 467 776 505 sensum
806 467 847 503 in
878 463 1093 517 republica,
1126 461 1339 515 praesertim
1360 462 1510 498 redium
1531 469 1570 498 et
1591 460 1803 498 confirma-

414 543 515 579 tum,
539 534 747 586 deponere.
781 532 1051 569 Veruntamen
1073 528 1153 580 ipse
1174 541 1236 565 mc
1258 525 1467 565 conformo
1488 526 1534 563 ad
1555 527 1637 577 ejus
1660 525 1804 564 volun-

414 609 550 644 tatem,
574 613 594 636 a
613 612 692 651 quo
714 597 872 635 honeste
894 595 1089 632 diffentire
1111 607 1188 630 non
1211 592 1388 645 poffum:
1414 605 1539 643 neque
1559 591 1599 628 id
1620 590 1738 635 facio,
1762 600 1806 627 ut

414 666 572 705 forsitan
594 663 828 716 quibusdam
856 662 1005 705 videor,
1037 660 1297 697 fimulatione.
1341 660 1522 696 Tantum
1549 658 1656 695 enim
1683 657 1806 694 animi

414 732 606 775 inductio,
637 739 676 767 et
704 727 930 766 mehercule
958 739 1081 770 amor,
1114 737 1204 776 erga
1226 709 1462 775 Pompeium
1483 722 1585 774 apud
1605 735 1668 759 me
1690 722 1806 765 valet,

415 806 474 842 ut,
506 809 592 848 quae
612 795 673 832 illi
695 793 809 831 utilia
829 792 932 837 sunt,
955 800 993 829 et
1014 804 1100 842 quae
1121 790 1189 826 ille
1210 788 1310 833 vult,
1333 801 1375 825 ea
1394 786 1497 825 mihi
1517 787 1651 824 omnia
1666 788 1749 838 jam
1769 796 1809 824 et

417 863 517 900 reeta
540 871 579 899 et
608 874 695 899 vera
725 858 942 897 videantur.
991 857 1134 907 Neque
1159 856 1221 906 (ut
1242 867 1314 906 ego
1336 852 1520 902 arbitror)
1544 861 1727 896 errarent,
1760 865 1808 888 ne

415 927 618 966 adversarii
640 924 802 978 quidem
823 924 921 976 ejus,
945 922 986 967 fi,
1009 935 1102 959 cum
1124 933 1231 972 pares
1253 918 1324 956 effe
1346 932 1425 956 non
1448 918 1611 970 possent,
1635 931 1810 970 pugnare

416 992 652 1031 desisterent.
696 991 769 1028 Me
790 988 952 1042 quidem
972 988 1092 1025 etiam
1112 986 1182 1023 illa
1201 998 1258 1023 res
1280 984 1522 1028 consolatur,
1554 983 1661 1036 quod
1682 996 1755 1034 ego
1777 984 1808 1020 is

416 1059 518 1104 sum,
550 1058 614 1096 cui
644 1057 704 1095 vel
735 1056 906 1094 maxime
936 1052 1155 1092 concedant
1181 1064 1334 1095 omne8‚
1367 1059 1411 1088 ut
1431 1050 1492 1087 vel
1521 1063 1564 1087 ea
1585 1048 1807 1094 defendam,

416 1139 502 1177 quae
521 1123 733 1175 Pompeius
750 1121 859 1166 velit,
879 1121 938 1159 vel
958 1129 1119 1163 taceam,
1138 1117 1198 1156 vel
1220 1118 1354 1160 etiam,
1373 1116 1413 1153 id
1429 1115 1535 1167 quod
1556 1114 1658 1153 mihi
1680 1115 1808 1152 maxi-

418 1204 482 1227 me
512 1189 638 1233 lubet,
670 1188 716 1224 ad
747 1187 873 1224 nostra
902 1199 965 1223 me
995 1184 1118 1222 studia
1139 1182 1303 1221 referam
1324 1182 1554 1219 literarum:
1588 1180 1694 1231 quod
1716 1194 1808 1232 pro-

417 1256 521 1295 fecto
542 1255 697 1299 faciam,
721 1254 747 1291 fi
769 1251 870 1291 mihi
891 1266 959 1304 per
979 1250 1152 1302 ejusdem
1173 1249 1391 1286 amicitiam
1411 1247 1562 1285 licebit.
1588 1248 1687 1298 Qae
1703 1247 1811 1284 enim

420 1322 614 1375 proposita
635 1320 789 1358 fuerant
810 1318 940 1362 nobis,
972 1330 1065 1354 cum
1091 1325 1129 1352 et
1159 1314 1378 1352 honoribus
1411 1312 1656 1365 amplifiimis
1687 1321 1725 1350 et
1753 1312 1810 1350 la-

420 1389 583 1427 boribus
616 1386 799 1425 maximis
831 1383 1027 1437 perfuncti
1055 1381 1234 1426 essemus,
1266 1380 1436 1432 dignitas
1462 1381 1502 1417 in
1525 1378 1725 1416 sententiis
1748 1378 1811 1415 di-

420 1455 570 1498 cendis,
602 1454 760 1492 libertas
791 1453 832 1490 in
863 1450 1067 1503 republica
1097 1447 1334 1500 capessenda,
1367 1460 1409 1484 ea
1438 1445 1588 1484 sublata
1608 1455 1716 1483 tota:
1750 1445 1813 1482 sed

422 1535 493 1559 nec
515 1520 617 1559 mihi
638 1519 777 1571 magis,
810 1531 929 1570 quam
951 1516 1152 1554 omnibus.
1198 1514 1320 1557 Nam,
1352 1521 1419 1550 aut
1451 1511 1733 1549 assentiendum
1761 1510 1815 1548 est

421 1587 531 1625 nulla
551 1600 643 1624 cum
664 1585 850 1637 gravitate
867 1583 1016 1635 paucis,
1034 1589 1100 1618 aut
1122 1579 1260 1617 frustra
1276 1577 1594 1617 dissentiendum.
1627 1577 1725 1615 Haec
1742 1590 1815 1628 ego

422 1652 468 1689 ad
490 1662 527 1689 te
548 1651 598 1688 ob
619 1664 704 1688 eam
725 1649 877 1686 causam
898 1647 1069 1685 maxime
1090 1645 1232 1689 scribo,
1256 1653 1299 1682 ut
1315 1645 1398 1695 jam
1420 1643 1467 1680 de
1487 1651 1553 1680 tua
1573 1637 1732 1694 quoque
1753 1656 1814 1679 ra-

424 1719 531 1755 tione
552 1715 755 1754 meditere.
789 1716 1046 1751 Commutata
1067 1721 1148 1749 tota
1169 1712 1266 1748 ratio
1287 1709 1340 1746 est
1361 1709 1528 1753 senatuS,
1550 1708 1812 1760 judiciorum,

425 1784 479 1821 rei
500 1783 621 1820 totius
643 1780 827 1832 publicae.
861 1779 1003 1816 Otium
1026 1777 1139 1814 nobis
1161 1775 1429 1827 exoptandum
1450 1773 1527 1811 est:
1551 1773 1658 1825 quod
1680 1773 1721 1817 ii,
1746 1773 1816 1824 qui

424 1850 633 1902 potiuntur
653 1860 798 1890 rerum,
831 1844 1043 1896 praestaturi
1073 1842 1270 1886 videntur,
1304 1841 1329 1878 fi
1358 1840 1520 1892 quidam
1541 1838 1723 1877 homines
1745 1852 1815 1891 pa-

425 1914 587 1952 tientius
609 1926 744 1950 eorum
768 1911 985 1963 potentiam
1007 1908 1106 1946 ferre
1128 1907 1343 1959 potuerint.
1382 1905 1633 1958 Dignitatem
1654 1904 1817 1957 quidem

425 1980 537 2018 illam
566 1977 810 2017 consularem
838 1975 952 2014 fortis
980 1983 1018 2012 et
1046 1973 1256 2012 constantis
1286 1971 1469 2010 senatoris
1500 1970 1603 2008 nihil
1631 1969 1684 2008 est
1711 1969 1818 2022 quod

425 2046 673 2097 cogitemus:
706 2041 838 2081 amissa
857 2041 923 2085 est,
956 2040 1072 2092 culpa
1092 2053 1243 2083 eorum,
1275 2038 1345 2089 qui
1373 2051 1394 2075 a
1419 2037 1552 2075 senatu
1572 2045 1610 2074 et
1637 2035 1820 2073 ordinem

426 2109 804 2163 conjundfifiimum,
837 2117 875 2145 et
896 2106 1102 2145 hominem
1122 2104 1393 2149 clariffimum,
1424 2103 1707 2141 abalienarunt.
1746 2101 1819 2139 Sed

428 2188 473 2217 ut
493 2177 539 2215 ad
569 2191 626 2222 ea,
659 2190 743 2229 quae
774 2173 1046 2226 conjunctiora
1075 2172 1188 2210 rebus
1220 2172 1298 2209 tuis
1330 2171 1432 2216 sunt,
1466 2178 1660 2214 revertam
1694 2168 1817 2206 Pom-

428 2244 562 2296 peium
583 2243 659 2281 tibi
679 2241 788 2279 valde
809 2241 983 2278 amicum
1003 2238 1075 2276 effe
1096 2238 1287 2290 cognovi:
1311 2251 1356 2275 eo
1373 2246 1416 2274 tu
1433 2235 1606 2280 consule,
1624 2243 1819 2287 quantum

428 2322 501 2360 ego
522 2307 728 2360 perspicio,
750 2306 884 2345 omnia
904 2319 989 2357 quae
1009 2304 1116 2342 voles
1138 2303 1361 2348 obtinebis;
1389 2302 1535 2355 quibus
1557 2301 1598 2339 in
1619 2300 1733 2338 rebus
1754 2313 1818 2337 me

430 2374 502 2413 fibi
523 2374 590 2411 ille
610 2373 772 2412 affixum
793 2372 956 2410 habebit
976 2386 984 2409 ε
1018 2384 1144 2423 neque
1165 2384 1185 2408 a
1206 2383 1269 2408 me
1290 2369 1370 2407 ulla
1390 2382 1464 2414 res,
1496 2382 1582 2421 quae
1603 2367 1649 2404 ad
1670 2376 1707 2404 te
1728 2379 1819 2418 per-

431 2442 568 2484 tineat,
587 2439 822 2491 negligetur.
846 2439 989 2491 Neque
1005 2438 1112 2476 enim
1129 2437 1290 2475 verebor
1306 2449 1354 2474 ne
1376 2436 1446 2473 {im
1467 2436 1503 2473 ei
1522 2433 1729 2477 molestus5
1753 2431 1820 2469 cui

425 2505 654 2560 jucundum
675 2505 762 2551 erit,
788 2506 906 2545 etiam
933 2514 1094 2560 propter
1120 2503 1307 2558 idipsum,
1339 2501 1446 2557 quod
1474 2515 1538 2542 me
1563 2500 1638 2540 effe
1665 2507 1822 2552 gratum
