2351 2997
373 296 404 324 p·

375 328 413 363 84

364 2070 400 2099 86

638 187 931 227 VARIAE
1017 188 1577 232 LECTIONES.

466 284 488 313 1.

475 334 489 363 ς
513 322 681 353 consanu3ffe
701 324 722 352 F
736 324 757 352 P
780 336 793 352 ν
815 322 956 362 confinuiffl
978 323 1004 358 ψ
1025 334 1081 353 con·

551 364 661 400 fieeviffi·

477 404 496 432 6
516 404 620 431 levaret
637 403 656 431 F
670 403 762 432 leniret

475 445 490 470 8
513 444 571 481 ejus
586 443 611 476 ψ
625 446 660 470 eis

449 498 490 505 -—
511 491 537 511 et
552 483 636 510 domo
652 483 671 509 P
686 484 754 510 domo

455 533 465 552 1
477 532 486 550 ι
512 532 596 561 quam
610 522 732 560 primum
750 523 836 561 Fjam

449 578 493 587 —-
514 563 617 591 levatio
632 563 652 589 F
668 562 688 589 P
702 576 725 595 υ,
740 563 765 597 ψ
780 572 848 591 rano

455 614 488 642 ¹3
512 610 615 640 exopto
632 603 650 629 F
666 606 764 640 expello

450 659 490 665 —
512 642 606 669 vide1e
622 643 642 669 F
657 645 771 670 viaercm

451 699 490 704 —
511 683 594 709 etiam
611 695 624 708 υ
639 683 664 707 d.

455 732 488 758 ¹7
511 720 783 748 accommodandum
797 734 811 748 υ
824 721 1031 748 accommodatum

455 770 490 797 19
510 759 594 787 alieni
611 759 631 785 F
647 772 660 785 v
674 759 756 786 alicui

448 814 489 822 ...-
510 797 660 826 amiciffimi
678 798 698 825 F
714 799 857 834 amiciffi‘mo

452 848 484 868 21
509 837 634 865 concessu
654 837 675 865 F
690 837 801 874 consensu

452 889 487 907 zz
508 878 548 905 T.
572 876 592 904 P
609 878 633 903 di

451 929 487 955 27
510 924 558 946 tua
573 916 594 943 F
609 917 628 944 P
642 929 655 944 υ
669 917 694 945 d.

452 968 488 996 29
510 968 525 985 a
542 957 561 983 F
577 957 603 983 d.

452 1008 483 1036 3¹
510 995 632 1035 gesseris,
646 996 920 1036 alapraeclaregtffiris

471 1048 480 1066 1
505 1038 581 1065 idem
596 1049 609 1063 υ
623 1036 649 1064 d.

469 1090 488 1115 4
509 1086 535 1105 te
551 1076 570 1103 F
585 1084 608 1103 et

433 1122 435 1125 “
469 1128 482 1157 5
506 1116 588 1145 rebus
611 1116 740 1153 gerendis
760 1117 785 1151 ψ
799 1116 884 1153 desunt
906 1119 989 1144 omnia
1010 1119 1081 1145 “re-

549 1155 615 1184 bus’'
628 1157 702 1194 κήαι
713 1158 751 1185 ad
763 1155 1000 1194 “pugnabamu5.”

468 1198 486 1225 6
509 1196 583 1225 enim
599 1207 612 1221 v
627 1198 653 1223 d.

452 1246 482 1265 11
509 1246 571 1264 cum
588 1232 613 1263 F
628 1246 681 1263 eum

447 1290 488 1299 ·—
508 1277 554 1314 spe
568 1275 675 1313 zlasaepe

451 1326 484 1354 ¹3
507 1316 627 1344 invitum
644 1329 657 1342 υ
672 1316 700 1342 d.

451 1365 487 1392 14
508 1356 569 1383 sunt
584 1352 701 1390 Fst’tuti

451 1405 483 1433 ¹5
508 1395 649 1423 distraetos
664 1395 684 1421 F
699 1393 725 1426 ψ
737 1393 863 1429 dtstine't'os

450 1435 485 1463 16
508 1434 528 1462 ii
542 1436 593 1471 qui
607 1435 632 1469 ψ
646 1434 760 1471 hiquest

448 1483 482 1512 17
506 1474 605 1503 viftori
621 1473 673 1502 sese
697 1470 721 1502 F
737 1473 880 1507 viHoresJ}
891 1472 936 1510 effi’
956 1473 976 1502 P
993 1475 1077 1502 vinos

544 1515 572 1550 ft
585 1515 628 1551 effi*
644 1512 670 1547 ψ
685 1526 732 1542 vos
745 1513 789 1548 isse
803 1515 915 1542 viliores

444 1568 484 1576 -—
504 1555 683 1582 crediderunt
699 1554 719 1581 F
732 1554 836 1580 credunt

448 1603 485 1622 20
507 1593 585 1622 fortis
602 1594 765 1629 Pfortzſjimi

446 1642 481 1660 22
503 1633 620 1661 arbitrer
636 1630 661 1660 F
675 1634 793 1661 arbitror
806 1645 819 1659 ο
833 1633 982 1661 arbitrarer

447 1682 485 1708 24
505 1673 583 1701 aliud
598 1673 649 1701 effe
665 1686 679 1700 υ
693 1675 742 1701 ade
761 1684 773 1700 e

444 1727 484 1734 —
505 1713 615 1741 afferret
630 1727 644 1742 v
656 1716 748 1751 a-ffbrre
756 1712 834 1750 pfft

445 1752 481 1780 26
503 1753 573 1781 nihil
588 1767 602 1781 v
617 1765 663 1781 non

448 1794 483 1820 28
507 1799 598 1820 tamen
615 1793 636 1820 F
652 1800 705 1820 tum

445 1841 482 1869 30
505 1832 613 1870 fugeres
629 1834 761 1871 Fsugeris

445 1880 481 1908 37.
504 1872 556 1899 tibi
571 1886 585 1900 v
599 1873 624 1900 d.

442 1925 482 1932 -—
504 1917 596 1939 tamen
612 1913 633 1940 F
649 1911 673 1947 ψ
689 1921 736 1939 nan

440 1965 481 1972 ——
501 1951 656 1987 cujusmodi
673 1965 686 1979 υ
699 1951 813 1988 ejusmodi

446 2000 481 2027 33
505 1991 602 2018 malles
616 1993 637 2019 F
653 1992 730 2019 males

440 2044 480 2051 —··
501 2039 564 2057 cum
581 2032 601 2058 F
617 2039 670 2058 tum

466 2078 475 2096 1
502 2079 594 2097 nonne
607 2069 696 2097 mavis
711 2069 732 2096 F
745 2080 792 2096 non
803 2070 884 2107 mcy‘ua·

463 2118 478 2136 z
499 2110 659 2146 oppetenda
676 2109 695 2135 F
710 2110 848 2146 appetenda

464 2158 478 2185 3
502 2150 622 2177 externis
636 2163 660 2182 u,
671 2149 696 2183 ψ
710 2152 830 2176 exrremis

441 2203 485 2211 —
505 2189 602 2216 alienis
619 2189 638 2216 F
654 2190 674 2217 Ρ
690 2192 718 2217 in
729 2188 819 2216 alzems

461 2239 480 2265 4
502 2236 529 2256 te
544 2229 669 2267 diligunt
684 2229 705 2256 F
721 2242 734 2256 υ
750 2228 895 2267 intellzgunt

464 2279 477 2308 5
503 2269 632 2296 maximis
646 2269 671 2304 ψ
685 2271 784 2306 magnis

461 2309 479 2336 6
501 2316 555 2336 tuae
573 2321 587 2335 υ
601 2311 627 2336 α’.

460 2357 478 2386 9
499 2347 621 2385 patietur
637 2348 658 2375 F
668 2355 802 2386 pateretur
816 2348 840 2383 ψ
848 2349 955 2387 patitur

441 2403 480 2410 —
500 2396 593 2416 tamen
608 2401 621 2415 υ
634 2395 735 2416 tantum

446 2437 480 2457 10
498 2428 565 2456 nolo
577 2441 592 2457 υ
604 2427 664 2457 volo

1133 294 1174 352 ’ἑὲ

1135 1120 1170 1156 87

1130 1795 1166 1822 88

1219 332 1249 351 11
1277 323 1334 351 Hic
1349 323 1370 351 P
1386 324 1438 352 Hoc

1213 378 1254 385 —
1276 372 1302 391 te
1319 364 1338 391 F
1353 365 1380 391 d.

1214 419 1254 425 —
1276 403 1358 430 unius
1373 416 1386 430 v
1401 402 1427 430 d.

1217 452 1226 471 1
1237 453 1251 480 3
1274 442 1404 477 precibus
1417 455 1431 469 υ
1438 441 1558 478 precibus
1569 443 1641 480 apud
1650 442 1778 480 Caesarem

1219 492 1229 511 1
1238 492 1252 519 7
1276 482 1348 510 Vale
1364 481 1384 509 P
1397 483 1426 510 d.

1216 531 1248 551 21
1276 531 1420 558 unumque
1438 521 1460 549 F
1473 523 1493 550 P
1508 536 1533 557 v,
1548 521 1574 559 ψ
1589 525 1727 563 virumque

1220 572 1255 590 22
1278 561 1333 589 fers
1348 562 1370 589 F
1374 566 1451 599 ferre

1217 611 1255 637 ²4
1276 609 1303 628 te
1319 601 1340 628 F
1353 612 1407 629 eum

1215 653 1230 671 2
1237 652 1250 680 ς
1275 640 1368 677 poffim
1385 641 1407 668 F
1417 640 1511 677 pfftm

1212 697 1253 703 —
1274 680 1326 707 tibi
1343 689 1387 706 me
1401 693 1414 707 v
1428 680 1479 707 tibi
1492 690 1540 708 non

1215 721 1252 750 26
1274 719 1358 746 adfim
1376 718 1460 756 spfim

1215 770 1250 798 27
1273 768 1317 786 me
1333 759 1354 786 F
1368 760 1396 786 d.

1213 816 1254 823 .-
1274 798 1366 831 causa,
1380 811 1394 826 v
1409 798 1483 834 causti
1489 797 1539 832 sed
1549 807 1577 826 ea
1591 810 1684 838 quoque
1696 802 1774 829 etiam
1786 812 1845 840 quae

1318 848 1366 866 non

1213 894 1254 902 —
1274 888 1337 916 quae
1353 877 1416 914 poss
1414 886 1458 904 um
1472 875 1499 910 ψ
1515 876 1539 903 d.

1218 923 1253 948 28
1277 926 1378 955 putent
1394 918 1413 944 F
1431 917 1450 943 P
1464 916 1581 953 spputem

1212 975 1252 981 —
1274 967 1366 986 tamen
1382 970 1395 984 υ
1409 964 1492 984 tamen
1507 956 1612 984 multum
1622 957 1738 995 monuff·

1213 1014 1254 1021 —
1274 998 1317 1025 vel
1336 1006 1365 1025 tu
1382 997 1401 1024 F
1420 997 1438 1022 Ρ
1452 995 1532 1023 vultu

1217 1049 1253 1068 πο
1274 1037 1389 1065 inducas
1406 1036 1425 1063 F
1440 1036 1539 1063 indicas

1215 1070 1248 1116 ἐι
1275 1077 1307 1105 fit
1323 1078 1342 1104 F
1358 1076 1410 1104 tibi

1239 1129 1247 1146 1
1274 1125 1359 1154 reque
1375 1116 1396 1143 F
1413 1115 1433 1143 P
1448 1129 1461 1142 υ
1474 1123 1543 1153 teque
1555 1115 1581 1150 ψ
1594 1125 1670 1154 neque

1234 1159 1252 1186 6
1274 1156 1425 1194 dignitates
1441 1155 1629 1192 xlaed1gnitatem

1236 1199 1252 1225 8
1275 1204 1352 1224 tuum
1369 1196 1394 1229 ψ
1407 1198 1544 1232 tuumsbre

1217 1247 1252 1265 10
1274 1236 1344 1263 Vale
1359 1236 1378 1263 P
1391 1249 1404 1263 v
1418 1236 1444 1262 d.
1459 1234 1485 1270 ψ
1502 1235 1575 1268 Vale,
1600 1243 1675 1273 atque
1687 1237 1765 1265 etiam
1777 1236 1843 1267 vale

1283 1277 1360 1313 nostri
1374 1286 1462 1302 memor

1216 1326 1226 1344 1
1236 1327 1250 1345 z
1274 1317 1319 1354 Q
1329 1315 1430 1342 Mucio
1444 1315 1465 1342 F
1479 1317 1567 1342 nuntio

1215 1366 1252 1393 14
1271 1355 1409 1384 censerem
1423 1354 1474 1382 effe
1488 1362 1618 1392 oportere
1633 1353 1660 1390 ψ
1674 1357 1842 1395 censoremesi

1313 1401 1434 1432 oporteret

1209 1449 1250 1457 --·
1269 1435 1418 1462 arbitrarer
1432 1435 1453 1462 F
1467 1433 1518 1462 tibi
1530 1434 1677 1463 arbitrarer

1214 1484 1223 1502 1
1234 1484 1248 1511 7
1271 1484 1333 1502 eum
1350 1488 1363 1501 υ
1377 1475 1402 1501 d.

1213 1525 1250 1543 20
1272 1515 1343 1542 nolis
1360 1514 1381 1541 F
1396 1513 1459 1541 noles
1474 1512 1501 1548 ψ
1515 1513 1586 1541 nobis

1212 1564 1247 1582 22
1271 1553 1349 1591 quod
1363 1567 1375 1580 u
1391 1553 1544 1591 quodquam

1211 1595 1248 1622 26
1270 1593 1384 1622 Deinde
1399 1594 1418 1620 F
1433 1594 1535 1631 denique

1211 1644 1246 1670 27
1270 1634 1350 1669 plane
1365 1631 1391 1667 ψ
1402 1644 1467 1661 vero

1211 1683 1248 1711 29
1268 1674 1292 1700 is
1307 1687 1320 1700 ν
1335 1674 1362 1700 d.

1211 1723 1242 1751 3¹
1269 1719 1408 1741 certorum
1432 1713 1452 1740 F
1469 1713 1488 1740 P
1501 1718 1634 1741 ceterorum
1654 1725 1678 1745 u,
1695 1711 1721 1748 ψ
1734 1721 1839 1742 cetero-

1317 1763 1371 1779 rum

1231 1801 1241 1820 1
1269 1799 1391 1820 uteretur
1406 1790 1427 1818 F
1442 1799 1571 1819 uteremur

1229 1843 1244 1862 2
1267 1831 1380 1860 incertis
1396 1830 1417 1857 F
1432 1833 1519 1858 ceteris
1531 1845 1557 1865 v,
1573 1830 1600 1867 ψ
1614 1835 1714 1861 caeteris

1210 1887 1246 1894 -
1269 1871 1349 1899 rebus
1366 1872 1385 1898 F
1401 1871 1421 1898 Ρ
1437 1874 1464 1898 in
1479 1872 1553 1900 rebus

1228 1922 1247 1949 4
1267 1912 1332 1939 effet
1347 1912 1367 1938 F
1381 1913 1414 1947 ψ

1228 1963 1243 1990 ς
1267 1950 1348 1979 vobis
1365 1950 1386 1978 F
1401 1964 1414 1977 υ
1429 1949 1498 1977 nobi,-

1203 2007 1246 2014 --
1266 1992 1387 2019 voluerit
1403 1990 1424 2016 F
1440 1990 1531 2018 velunt

1205 2046 1245 2052 —-
1266 2031 1361 2058 omnia
1375 2030 1400 2064 ψ
1414 2032 1497 2057 omnia
1512 2032 1596 2058 omnia

1227 2073 1242 2099 8
1264 2071 1334 2098 nihil
1349 2068 1373 2103 ᾧ
1390 2069 1459 2097 nihil
1469 2072 1502 2105 est

1224 2121 1241 2148 9
1262 2109 1368 2138 etiamfi
1388 2110 1409 2137 F
1424 2110 1444 2137 P
1459 2109 1517 2146 nst

1202 2165 1243 2172 —
1263 2159 1309 2177 eos
1323 2148 1395 2186 ipsos
1411 2149 1436 2183 ψ
1450 2160 1474 2177 eo
1487 2149 1538 2186 tpsb

1210 2199 1244 2217 10
1264 2188 1533 2226 impotentioresque
1548 2188 1570 2216 F
1585 2191 1767 2226 impotentiores

1208 2239 1237 2257 11
1265 2229 1360 2256 Multa
1382 2241 1395 2255 v
1414 2228 1497 2256 multa
1517 2231 1595 2257 etiam
1619 2231 1690 2258 villo
1706 2230 1834 2268 faciende

1299 2269 1363 2304 sunt

1208 2317 1244 2345 ¹4
1264 2317 1369 2336 careres
1384 2320 1397 2335 v
1412 2318 1482 2336 cares

1208 2357 1241 2384 ¹7
1265 2349 1340 2376 istius
1355 2348 1375 2375 F
1390 2349 1441 2386 ejus
1457 2346 1483 2383 ψ
1497 2347 1572 2385 hujus

1205 2389 1240 2416 18
1263 2396 1293 2416 ut
1307 2387 1333 2421 ψ
1348 2389 1375 2415 d.

1205 2436 1241 2457 20
1260 2427 1389 2467 persequi
1403 2427 1425 2456 F
1434 2428 1552 2466 prostqui
