2351 2997
623 219 717 257 AD
775 211 1248 253 FAMILIARES
1307 212 1440 250 LIB.
1491 213 1567 251 111.
1743 226 1790 266 71

405 327 554 363 tamen,
575 325 619 355 ut
639 315 719 367 ipse
740 313 952 366 polliceris,
975 326 1046 365 pro
1066 312 1319 365 auguralibus
1341 312 1468 357 libris,
1496 313 1688 350 orationes
1711 322 1794 353 tuas

406 384 601 424 confestas
634 394 769 419 omnes
802 379 1029 434 expeditabo.
1073 380 1252 425 Tullius,
1283 380 1349 417 cui
1374 379 1554 417 mandata
1574 379 1620 417 ad
1641 393 1705 417 me
1725 380 1794 418 de-

405 450 509 495 disti,
531 462 612 486 non
632 455 866 485 convenerat
886 460 948 484 me
965 461 973 484 :
1002 459 1073 484 nec
1093 454 1173 484 erat
1187 447 1272 498 jam
1293 445 1501 498 quisquam
1522 458 1681 483 mecum
1703 454 1795 483 tuo-

405 528 511 560 rum,
542 523 680 567 praeter
700 526 835 551 omnes
857 526 979 557 meos,
1011 512 1081 565 qui
1108 512 1198 550 sunt
1224 525 1360 549 omnes
1383 512 1456 550 tui.
1504 511 1794 550 Stomachofio-

405 595 464 620 res
485 595 590 619 meas
611 581 740 618 literas
761 593 855 632 quas
877 579 981 616 dicas
1002 578 1089 624 effe,
1120 592 1200 616 non
1220 578 1418 630 intelligo.
1456 579 1522 616 Bis
1543 578 1590 615 ad
1612 587 1649 617 te
1670 578 1794 631 scrip-

404 648 449 692 fi,
480 661 544 686 me
573 659 743 700 purgans
774 645 999 697 diligenter,
1031 653 1068 682 te
1098 644 1235 682 leviter
1264 644 1446 682 accusans
1476 644 1518 681 in
1546 658 1591 681 eo
1613 644 1720 696 quod
1747 644 1795 682 de

403 727 469 751 me
499 714 580 765 cito
609 710 857 755 credidiffes;
890 709 997 762 quod
1025 723 1150 761 genus
1177 710 1344 762 querelae
1372 708 1473 747 mihi
1499 709 1662 761 quidem
1683 710 1794 748 vide-

404 779 520 817 batur
539 778 612 816 effe
632 777 749 815 amici
768 792 776 815 ε
809 777 864 814 fin
886 776 961 814 tibi
982 776 1177 828 displicet,
1209 788 1287 813 non
1320 784 1406 813 utar
1434 789 1479 813 eo
1500 774 1674 827 posthac.
1722 776 1794 814 Sed

403 845 447 891 fi,
479 854 524 883 ut
553 843 704 888 scribis,
736 857 788 881 eae
818 842 939 880 literae
970 855 1048 879 non
1070 841 1232 879 fuerunt
1252 841 1415 886 disertae,
1447 841 1545 879 scito
1577 854 1680 879 meas
1714 855 1794 879 non

402 910 531 949 fuiffe.
554 911 632 955 ‚Ut
651 909 759 946 enim
778 906 1026 946 Aristarchus
1048 907 1218 946 Homeri
1238 906 1391 945 versum
1412 915 1541 959 negat,
1573 920 1693 959 quem
1715 921 1795 945 non

402 977 572 1030 probat,
605 975 655 1013 s1c
688 983 746 1020 tu,
781 974 899 1026 (libet
926 974 1035 1012 enim
1056 972 1166 1012 mihi
1187 973 1331 1026 jocari)
1363 973 1470 1025 quod
1500 972 1689 1011 disertum
1713 987 1794 1012 non

404 1043 493 1088 erit,
525 1055 573 1080 ne
597 1041 744 1094 putaris
775 1053 924 1078 meum.
966 1039 1078 1085 Vale,
1109 1048 1148 1077 et
1168 1039 1209 1077 in
1230 1039 1404 1085 censura,
1436 1039 1462 1077 fi
1478 1039 1562 1091 jam
1582 1052 1621 1077 es
1643 1039 1792 1086 censor,

405 1111 469 1162 (ut
490 1108 616 1162 spero)
640 1108 687 1146 de
706 1120 850 1160 proavo
871 1105 1047 1145 multum
1067 1106 1242 1159 cogitato
1262 1115 1346 1146 tu0.

626 1304 691 1343 M.
723 1306 777 1343 T.
811 1304 861 1342 C.
894 1305 1082 1342 APPIO
1115 1304 1401 1341 PULCHRO
1443 1304 1481 1343 S.
1514 1305 1569 1343 D.

402 1434 501 1474 XII.
521 1432 596 1507 G
610 1434 647 1471 R
659 1434 696 1470 A
708 1434 746 1471 T
759 1435 797 1472 U
810 1434 844 1471 L
858 1434 893 1471 A
907 1434 936 1471 Β
951 1433 987 1470 O
1000 1433 1037 1470 R
1069 1431 1144 1470 tibi
1164 1432 1289 1484 prius,
1324 1433 1396 1484 (ita
1415 1432 1522 1470 enim
1544 1447 1673 1472 rerum
1695 1434 1791 1473 ordo

626 1498 813 1552 postulat)
838 1498 977 1536 deinde
1004 1497 1052 1535 ad
1081 1512 1145 1536 me
1174 1506 1390 1536 convertar.
1435 1499 1523 1550 Ego
1553 1513 1643 1538 vero
1672 1500 1791 1538 vehe—

401 1575 555 1604 menter
575 1551 750 1617 gratulor
774 1565 821 1602 de
842 1565 997 1617 judicio
1026 1563 1229 1602 ambitus:
1261 1577 1388 1616 neque
1418 1564 1472 1609 id,
1505 1565 1611 1617 quod
1641 1566 1793 1603 nemini

402 1631 570 1670 dubium
592 1630 685 1675 fuit,
708 1630 931 1669 absolutum
953 1629 1024 1668 effe
1046 1639 1106 1675 te3
1130 1629 1193 1667 sed
1214 1629 1329 1674 illud,
1347 1630 1454 1682 quod
1475 1644 1555 1683 quo
1571 1631 1713 1669 melior
1732 1632 1791 1670 ci-

402 1699 476 1743 vis,
508 1712 587 1750 quo
608 1698 667 1735 vir
686 1697 839 1742 clarior,
872 1711 951 1749 quo
972 1696 1113 1733 fortior
1133 1697 1298 1741 amicus,
1325 1710 1378 1740 es,
1401 1710 1559 1748 quoque
1578 1698 1691 1751 plura
1711 1699 1791 1736 vir-

402 1764 499 1801 tutis
520 1772 558 1801 et
578 1763 774 1801 industriae
796 1771 1024 1800 ornamenta
1042 1763 1083 1799 in
1100 1771 1137 1799 te
1157 1761 1261 1807 sunt,
1279 1776 1324 1799 eo
1341 1763 1564 1800 mirandum
1581 1764 1633 1801 est
1649 1765 1790 1816 magis,

402 1830 554 1868 nullam
585 1843 633 1867 ne
662 1831 704 1866 in
726 1829 876 1867 tabellae
897 1829 1059 1881 quidem
1079 1828 1227 1866 latebra
1245 1828 1357 1866 fuiffe
1378 1829 1645 1868 absconditam
1667 1831 1791 1869 male-

401 1896 631 1940 volentiam,
653 1909 739 1948 quae
760 1905 797 1933 te
818 1896 1049 1948 impugnare
1070 1895 1241 1933 auderet.
1266 1896 1360 1933 Non
1382 1894 1525 1933 horum
1550 1905 1790 1949 temporum,

403 1976 482 2000 non
502 1961 646 2000 horum
667 1962 878 2000 hominum
900 1972 1016 2015 atque
1038 1975 1211 2006 morum,
1235 1962 1462 2013 negotium:
1487 1961 1589 2000 nihil
1605 1964 1689 2015 jam
1706 1964 1792 2002 sum

402 2029 556 2081 pridem
576 2029 788 2067 admiratus
810 2030 948 2081 magis.
982 2030 1124 2067 Deme
1140 2038 1285 2074 autem,
1305 2029 1451 2082 suscipe
1472 2030 1667 2082 paulisper
1686 2045 1791 2070 meas

402 2104 544 2147 partes,
576 2105 614 2132 et
643 2109 734 2133 eum
766 2104 802 2133 te
833 2095 904 2133 effe
931 2096 1050 2147 finge,
1082 2096 1152 2147 qui
1174 2095 1259 2133 sum
1280 2109 1379 2147 ego:
1413 2097 1439 2134 s1
1461 2095 1576 2134 facile
1597 2098 1790 2136 inveneris

401 2162 508 2214 quod
537 2162 655 2206 dicas,
688 2162 770 2199 noli
801 2162 999 2214 ignoscere
1031 2161 1263 2200 haefitationi
1294 2176 1404 2201 meae.
1452 2164 1539 2215 Ego
1560 2177 1649 2202 vero
1669 2165 1791 2203 velim

403 2227 506 2266 mihi
536 2228 762 2280 Tulliaeque
791 2242 886 2267 meze
910 2229 1026 2281 (ficut
1054 2238 1097 2267 tu
1118 2228 1346 2267 amiciffime
1367 2238 1404 2267 et
1425 2229 1639 2268 suaviffime
1658 2232 1788 2283 optas)

403 2293 582 2346 prospere
611 2294 764 2331 evenire
794 2308 849 2339 ea,
881 2308 967 2346 quae
998 2308 1061 2332 me
1091 2295 1279 2333 insciente
1299 2295 1399 2333 faffita
1419 2295 1508 2333 sunt
1528 2309 1549 2333 a
1569 2296 1693 2335 meis:
1728 2297 1791 2335 sed

402 2361 456 2397 ita
477 2358 668 2404 cecidiffe,
699 2368 743 2398 ut
770 2370 976 2412 agerentur
996 2374 1041 2398 eo
1063 2370 1253 2414 tempore,
1285 2361 1394 2414 spero
1414 2362 1580 2400 omnino
1600 2377 1694 2401 cum
1715 2363 1788 2400 ali-

402 2439 480 2477 qua
510 2423 713 2470 felicitate,
744 2434 783 2463 et
813 2435 922 2478 opto.
967 2427 1237 2465 Veruntamen
1266 2428 1357 2481 plus
1384 2442 1448 2467 me
1476 2429 1518 2466 in
1545 2427 1618 2466 hac
1640 2429 1703 2481 spe
1724 2438 1791 2467 tua

403 2491 588 2544 sapientia
607 2500 645 2529 et
665 2490 890 2532 humanitas
904 2492 1140 2541 consolatur,
1158 2508 1278 2548 quam
1293 2496 1565 2549 opportunitas
1583 2495 1787 2547 temporis.
