2351 2997
531 311 609 363 448
878 304 1564 346 EPISTOLARUM

515 410 676 468 scribito
710 417 845 452 tamen,
875 421 918 445 ne
937 407 1097 459 furtum
1130 404 1328 458 ccffztionis
1353 404 1546 458 quaestvtffi’
1579 404 1755 444 videaris.
1803 405 1915 445 Valde

528 478 622 517 enim
641 475 879 528 mibistmper
898 483 935 511 et
954 485 1060 516 vera,
1082 479 1119 509 et
1138 470 1259 509 dulcia
1280 469 1354 508 tuis
1373 469 1522 522 epssolis
1541 471 1782 510 nuntiantur.
1813 471 1915 510 Ama

531 558 606 589 nos,
636 551 672 582 et
691 540 788 581 vale.

709 737 1319 791 QCxcERoT1R0N1
1365 747 1469 775 suo
1517 737 1556 775 S.
1595 737 1641 777 P.
1680 737 1733 775 D.

532 869 710 909 XXVII.
714 867 833 944 M
830 868 860 906 Ι
865 866 902 904 R
913 866 941 903 I
945 866 982 904 F
992 866 1020 903 I
1028 865 1060 903 C
1068 866 1111 903 A
1121 866 1176 903 M
1190 864 1281 903 mihi
1297 863 1585 903 verberationem
1605 863 1802 917 effitionis
1822 863 1912 918 epis!-

833 932 908 971 tola
927 930 1060 982 dedgsti.
1093 931 1209 976 Nam,
1227 944 1308 982 quae
1321 929 1475 982 parcius
1480 929 1620 980 frater
1634 930 1915 983 pessripserat,

531 998 753 1038 verecundia
782 997 964 1042 videlicet,
994 1005 1031 1034 et
1049 995 1323 1049 properatione,
1353 1009 1396 1033 ea
1428 1003 1471 1032 tu
1486 997 1570 1048 stne
1595 993 1842 1047 affi’ntatione,
1874 1003 1917 1033 ut

532 1073 656 1110 erant,
686 1063 738 1102 ad
763 1077 816 1101 me
831 1061 1024 1116 stripfisti,
1054 1070 1091 1099 et
1120 1061 1274 1099 maxime
1302 1058 1345 1098 de
1363 1058 1562 1113 consulibus
1581 1058 1801 1111 defignatis5
1834 1073 1917 1112 quos

532 1144 594 1183 ego
619 1130 769 1183 penitus
797 1128 887 1167 novi
913 1127 1101 1166 libidinum
1129 1135 1165 1165 et
1183 1125 1371 1178 languoris
1390 1124 1691 1178 effaeminatgffimi
1706 1125 1823 1163 animi
1833 1126 1915 1177 ple-

532 1208 595 1233 nos
609 1210 624 1234 .·
665 1195 731 1247 qui
758 1194 827 1246 nist
855 1207 880 1231 a
907 1191 1167 1245 gubernaculis
1199 1190 1418 1244 receffi’rint‚
1448 1189 1643 1227 maximum
1672 1188 1719 1227 ab
1750 1190 1918 1242 univeiss)

532 1261 732 1314 naufragio
744 1259 950 1313 periculum
969 1257 1028 1310 est.
1059 1255 1275 1295 Incredibile
1293 1256 1352 1309 cst,
1374 1270 1454 1308 quae
1472 1269 1534 1308 ego
1554 1255 1630 1293 illos
1636 1255 1731 1308 seio,
1753 1255 1916 1308 oppositis

531 1326 726 1366 Gallorum
745 1325 885 1379 castris,
906 1325 944 1363 in
962 1323 1191 1377 aestivissecz'
1215 1338 1231 1360 e
1246 1341 1258 1368 3
1290 1337 1375 1375 quos
1393 1323 1452 1360 ille
1470 1322 1583 1366 latro,
1605 1321 1673 1373 nist
1689 1320 1832 1373 aliquid
1832 1321 1915 1372 fir-

533 1392 626 1432 mius
638 1391 784 1445 fuerit,
799 1391 981 1444 societate
1009 1390 1187 1428 vitiorum
1216 1388 1374 1427 deliniet.
1420 1387 1494 1425 Res
1523 1386 1570 1438 cst
1599 1397 1667 1424 aut
1692 1385 1914 1430 tribunitiis,

531 1466 602 1498 aut
613 1456 785 1511 privatis
804 1455 952 1509 confiliis
971 1453 1175 1494 munienda.
1215 1453 1317 1491 Nam
1336 1451 1394 1504 isti
1410 1450 1477 1490 duo
1495 1450 1563 1489 vix
1568 1452 1666 1504 sunt
1685 1449 1801 1501 digni,
1831 1450 1914 1502 qui-

533 1522 601 1562 bus
618 1523 734 1563 alteri
751 1523 948 1577 Caestnam,
974 1519 1089 1561 alteri
1106 1518 1398 1572 Coffutianarum
1418 1516 1658 1558 tabernarum
1663 1513 1917 1568 fundamenta

533 1589 676 1629 credas.
722 1586 787 1635 Te,
818 1597 861 1627 ut
880 1588 970 1634 dixi,
987 1588 1079 1641 fero
1098 1585 1219 1626 oculis.
1263 1586 1344 1637 Ego
1374 1598 1439 1622 vos
1457 1597 1494 1621 a.
1516 1582 1554 1621 d.
1587 1596 1640 1619 111
1660 1581 1751 1619 Kal.
1773 1580 1914 1627 videbo,

534 1657 682 1709 tuosque
699 1655 828 1699 oculos,
844 1654 953 1694 etiam
957 1654 1002 1706 fi
1017 1662 1054 1693 te
1070 1651 1219 1693 veniens
1237 1651 1275 1690 in
1295 1649 1405 1690 medio
1409 1650 1503 1704 foro
1520 1646 1662 1694 videro,
1683 1645 1914 1700 dgffizviabor.

535 1721 607 1762 Me
621 1735 720 1762 ama.
753 1721 857 1761 Vale.
