2351 2997
601 313 693 350 AD
752 312 1215 351 FAMILIARES
1275 314 1407 354 LIB.
1461 316 1533 355 IV.
1708 332 1759 371 95

654 540 716 578 M.
750 541 803 579 T.
836 542 885 580 C.
920 543 1013 581 CN.
1046 543 1320 582 PLANc10
1362 545 1399 583 S.
1433 545 1486 584 D.

384 666 600 739 XV.AC
616 669 649 706 C
665 669 697 705 E
714 669 772 706 ΡΙ
799 668 1002 720 perbreves
1024 677 1106 706 tuas
1128 669 1272 715 literas,
1295 672 1439 723 quibus
1462 672 1516 717 id,
1539 674 1645 725 quod
1665 674 1761 714 scire

591 733 813 784 cupiebam,
850 734 1082 785 cognoscere
1111 748 1189 771 non
1211 737 1350 787 potui:
1384 739 1551 789 cognovi
1571 748 1702 777 autem
1722 741 1763 778 id

380 797 487 849 quod
505 797 605 835 mihi
623 798 789 836 dubium
807 812 884 835 non
901 798 992 836 fuit.
1014 799 1119 837 Nam
1136 813 1254 851 quam
1272 801 1426 839 fortiter
1442 801 1560 840 ferres
1577 817 1761 841 commu-

381 875 448 900 nes
470 863 655 907 miserias,
679 876 756 900 non
778 863 985 909 intellex15
1018 878 1137 916 quam
1158 878 1220 903 me
1240 880 1398 911 amares,
1422 867 1536 905 facile
1555 868 1732 921 perspexi
1750 884 1760 908 :

382 927 445 966 sed
465 927 542 966 hoc
564 928 747 966 scieram:
780 928 881 966 illud
902 929 928 966 fi
949 929 1111 975 sciffem,
1133 930 1179 967 ad
1200 931 1240 968 id
1260 945 1363 970 meas
1386 932 1514 970 literas
1536 947 1762 972 accommo-

383 993 579 1032 daviffem.
627 993 698 1030 Sed
727 1002 856 1031 tamen
889 995 956 1032 etfi
986 1004 1097 1033 antea
1126 995 1270 1048 scripfi,
1301 1011 1386 1050 quae
1409 999 1625 1037 existimavi
1645 999 1762 1038 scribi

382 1066 574 1110 oportere,
608 1067 736 1095 tamen
766 1057 842 1096 hoc
875 1068 1047 1112 tempore
1070 1061 1237 1099 breviter
1256 1063 1591 1102 commonendum
1612 1065 1761 1117 putavi,

383 1136 431 1159 ne
451 1136 529 1174 quo
549 1123 725 1175 perleulo
747 1132 783 1161 te
804 1125 961 1176 proprio
981 1125 1216 1164 existimares
1236 1127 1306 1165 effe
1326 1143 1333 1165 :
1367 1128 1406 1165 in
1439 1142 1581 1181 magno
1608 1143 1760 1175 omnes,

383 1187 446 1224 sed
468 1196 596 1224 tamen
616 1189 657 1225 in
678 1189 897 1233 communi,
921 1189 1068 1228 sumus.
1093 1192 1223 1242 Qare
1243 1206 1321 1230 non
1343 1193 1458 1231 debes
1479 1203 1544 1231 aut
1564 1196 1763 1246 propriam

383 1251 583 1290 fortunam
613 1262 651 1290 et
680 1255 916 1305 praecipuam
946 1255 1151 1306 postulare,
1188 1267 1253 1295 aut
1287 1272 1541 1297 communem
1576 1260 1760 1298 recusare.

384 1319 634 1371 Qapropter
664 1333 709 1356 eo
741 1321 872 1358 animo
904 1321 1021 1358 fimus
1053 1322 1155 1360 inter
1182 1336 1267 1368 nos,
1299 1338 1378 1376 quo
1406 1325 1554 1377 semper
1582 1326 1759 1366 fuimus:

384 1383 490 1435 quod
512 1384 557 1422 de
580 1394 616 1422 te
637 1384 798 1439 sperare,
831 1386 878 1424 de
898 1400 961 1424 me
981 1387 1168 1440 praestare,
1198 1389 1365 1442 poffum.
1398 1391 1508 1430 Vale.
