2351 2997
558 246 601 285 18
898 245 1581 284 EPISTOLARUM

550 359 725 383 mearum
761 346 970 390 omnium3
1004 359 1122 398 quam
1158 346 1255 390 tibi,·
1279 346 1304 382 fi
1336 355 1487 398 potero,
1521 347 1689 384 breviter
1720 360 1929 399 exponam.

549 411 652 464 Eg0‚
675 412 700 450 fi
722 411 768 448 ab
790 411 981 463 improbis
1003 420 1041 448 et
1061 411 1224 462 perditis
1246 410 1398 448 civibus
1420 412 1705 463 rempublicam
1728 415 1849 450 teneri
1872 414 1929 450 vi-

548 476 695 522 derem,
727 477 824 514 ficut
844 486 881 513 et
902 476 999 513 meis
1022 476 1264 528 temporibus
1287 475 1445 520 scimus,
1477 486 1514 514 et
1535 478 1738 516 nonnullis
1758 478 1843 516 aliis
1865 492 1929 516 ac-

547 541 678 579 cidiffe
699 542 937 593 accepimus,
960 555 1038 578 non
1061 542 1179 578 modo
1200 541 1384 593 praemiis,
1403 555 1488 593 qure
1509 542 1610 594 apud
1633 556 1695 579 me
1716 544 1930 581 minimum

546 606 690 651 valent,
714 606 776 643 sed
797 620 844 643 ne
864 607 1049 658 periculis
1072 606 1235 658 quidem
1256 606 1481 658 compulsus
1503 607 1610 651 ullis,
1633 607 1778 659 quibus
1801 618 1929 646 tamen

545 682 754 710 moventur
774 673 891 710 etiam
913 672 1109 710 fortiffimi
1131 673 1218 718 viri,
1250 673 1296 709 ad
1326 686 1462 710 eorum
1482 673 1635 711 causam
1655 687 1719 711 me
1739 674 1926 726 adjunge-

543 751 653 783 re1n3
687 752 748 782 ne,
781 738 807 775 fi
837 738 988 776 summa
1017 738 1178 790 quidem
1209 752 1345 776 eorum
1376 739 1415 775 in
1446 752 1509 776 me
1536 739 1674 777 merita
1693 739 1924 778 constarent.

544 804 651 841 Cum
672 812 803 841 autem
825 804 864 840 in
896 804 1096 856 republica
1127 805 1203 841 Cn.
1228 804 1440 856 PompeIus
1461 805 1643 857 princeps
1663 804 1768 849 effer,
1800 805 1859 842 vir
1878 806 1926 849 is,

539 869 612 921 qui
632 867 734 906 hanc
754 870 973 921 potentiam
994 878 1032 906 et
1052 869 1219 921 gloriam
1240 869 1424 907 maximis
1445 870 1486 906 in
1503 870 1787 921 rempublicam
1806 871 1926 908 meri-

540 934 607 978 tis,
639 934 1031 987 praestantiffimisque
1052 935 1165 972 rebus
1187 934 1317 986 gestis,
1348 934 1439 972 effet
1459 934 1705 980 consecutus,
1737 935 1927 988 cujusque

540 1012 613 1052 ego
634 1000 837 1052 dignitatis
858 1001 906 1037 ab
935 999 1192 1038 adolescentia
1222 999 1366 1045 fautor,
1397 1001 1438 1037 in
1467 1009 1633 1052 praetura
1661 1009 1791 1038 autem
1821 1009 1860 1038 et
1886 1002 1926 1038 in

538 1065 743 1103 consulatu
764 1065 918 1117 adjutor
937 1066 1070 1109 etiam,
1103 1065 1311 1102 extitiffem
1329 1079 1337 1102 :
1371 1078 1543 1116 cumque
1572 1065 1677 1102 idem
1698 1066 1925 1103 auctoritate

537 1139 576 1168 et
597 1131 785 1169 sententia
810 1144 877 1183 per
908 1130 957 1174 se,
990 1129 1160 1168 consiliis
1190 1138 1228 1167 et
1257 1129 1392 1167 studiis
1423 1139 1569 1174 tecum,
1601 1144 1664 1168 me
1692 1130 1922 1182 adjuvifl‘et;

536 1210 750 1248 meumque
772 1197 981 1234 inimicum
1004 1210 1127 1233 unum
1150 1196 1189 1232 in
1216 1196 1373 1233 civitate
1394 1195 1553 1233 haberet
1573 1196 1812 1242 inimicum,
1845 1211 1924 1234 non

535 1263 670 1314 putavi
692 1262 836 1300 famam
858 1261 1124 1299 inconstantiae
1141 1260 1241 1298 mihi
1262 1260 1626 1312 pertimescendam,
1645 1262 1670 1299 fi
1688 1262 1922 1314 quibusdam

536 1329 576 1365 in
599 1328 798 1366 sententiis
820 1328 983 1380 paulum
1004 1342 1066 1365 me
1088 1326 1364 1371 immutafl'em,
1384 1341 1590 1379 meamque
1610 1327 1854 1365 voluntatem
1875 1328 1922 1365 ad

534 1394 679 1433 summi
699 1395 787 1438 viri,
820 1394 866 1431 de
887 1408 1028 1446 meque
1049 1394 1198 1445 optime
1220 1393 1365 1438 meriti,
1389 1392 1622 1444 dignitatem
1643 1394 1917 1445 aggregafl'ern.

535 1462 581 1499 In
601 1460 675 1498 hac
697 1460 885 1497 sententia
905 1459 1225 1511 complectendus
1255 1468 1334 1495 erat
1362 1458 1463 1496 mihi
1486 1459 1624 1505 Caesar,
1657 1469 1700 1497 ut
1725 1459 1846 1504 vides,
1878 1461 1919 1497 in

533 1527 743 1577 'conjuncta
763 1535 801 1563 et
822 1526 931 1562 causa
952 1534 989 1562 et
1010 1525 1214 1576 dignitate.
1255 1525 1338 1561 Hic
1359 1524 1532 1562 multum
1555 1525 1679 1563 valuit
1700 1539 1792 1562 cum
1811 1534 1919 1563 vetus

532 1591 719 1636 amicitia,
752 1605 871 1643 quam
903 1601 943 1628 tu
977 1605 1053 1628 non
1088 1591 1240 1642 ignoras
1270 1589 1369 1627 mihi
1390 1599 1428 1627 et
1450 1589 1637 1642 eratri
1659 1604 1751 1629 cum
1773 1592 1919 1628 Caesare

530 1657 657 1702 fuisse,
690 1667 776 1695 tum
811 1657 1034 1694 humanitas
1069 1657 1150 1708 ejus
1186 1669 1228 1692 ac
1263 1655 1489 1701 liberalitas,
1527 1656 1635 1693 brevi
1669 1665 1846 1708 tempore
1879 1666 1917 1694 et

529 1724 653 1760 literis
675 1732 713 1760 et
733 1723 873 1760 officiis
895 1722 1089 1775 perspee'ra
1111 1721 1223 1759 nobis
1245 1729 1283 1758 et
1304 1721 1475 1772 cognita.
1513 1720 1779 1759 Vehementer
1798 1722 1917 1760 etiam

529 1802 587 1827 res
618 1788 698 1841 ipsa
729 1788 890 1840 publica
921 1802 985 1824 me
1017 1787 1170 1831 movit3
1203 1800 1288 1838 quae
1320 1785 1421 1823 mihi
1453 1786 1658 1824 videbatur
1689 1789 1914 1825 contentio-

530 1868 635 1899 nem,
667 1853 879 1905 praesertim
900 1852 1082 1890 maximis
1105 1851 1218 1889 rebus
1240 1864 1260 1888 a
1281 1851 1426 1890 Caesare
1446 1851 1576 1903 gestis,
1607 1866 1700 1890 cum
1720 1852 1800 1890 illis
1822 1853 1914 1891 viris

530 1921 635 1957 nolle
669 1919 781 1964 fieri3
816 1928 881 1962 et,
915 1932 961 1956 ne
997 1918 1130 1962 fieret,
1161 1916 1412 1955 vehementer
1447 1917 1631 1955 recusare.
1683 1918 1914 1956 Graviffime

528 1994 659 2024 autem
690 1998 754 2023 me
786 1985 826 2021 in
859 1983 932 2021 hac
964 1992 1096 2021 mente
1128 1983 1291 2035 impulit
1317 1992 1355 2020 et
1384 1983 1563 2035 Pompeii
1584 1982 1694 2028 fides,
1727 1996 1846 2034 quam
1868 1983 1915 2021 de

527 2060 589 2089 me
611 2050 750 2089 Caesari
771 2049 950 2094 dederat;
978 2059 1015 2086 et
1035 2048 1164 2087 fratris
1186 2048 1278 2093 mei,
1297 2061 1415 2100 quam
1437 2048 1641 2100 Pompeio.
1666 2049 1789 2086 Erant
1809 2062 1908 2100 prae-

527 2126 629 2153 terea
658 2115 741 2153 haec
773 2115 1113 2153 animadvertenda
1144 2114 1185 2151 in
1213 2113 1385 2158 civitate,
1417 2127 1502 2165 quae
1530 2113 1618 2151 sunt
1646 2112 1748 2165 apud
1776 2113 1910 2150 Plato-

525 2195 617 2220 nem
638 2181 812 2219 nostrum
834 2181 975 2233 scripta
996 2180 1184 2218 divinitus
1203 2195 1212 2217 :
1247 2179 1392 2231 Qales
1420 2180 1460 2216 in
1491 2179 1693 2231 republica
1711 2179 1909 2231 principes

524 2247 657 2292 effent,
684 2247 777 2285 tales
799 2247 970 2299 reliquos
993 2245 1111 2284 solere
1130 2245 1201 2284 effe
1222 2245 1339 2283 cives.
1373 2245 1578 2283 Tenebam
1598 2244 1801 2289 memoria,
1834 2257 1908 2281 no-

525 2314 584 2351 bis
606 2313 848 2356 consulibus,
880 2326 923 2350 ea
942 2311 1312 2364 fundamentajaeta
1331 2325 1378 2348 ex
1400 2310 1574 2348 kalendis
1596 2310 1790 2361 januariis
1811 2323 1908 2347 con-

524 2379 706 2417 firmandi
741 2378 908 2423 senatus,
945 2388 989 2416 ut
1024 2378 1225 2415 neminem
1259 2377 1391 2414 mirari
1426 2385 1636 2429 oporteret,
1672 2375 1787 2414 nonis
1823 2376 1906 2413 De-

523 2445 692 2482 cembris
715 2453 869 2481 tantum
891 2444 951 2482 vel
972 2444 1094 2482 animi
1115 2443 1227 2481 fuiffe
1248 2443 1287 2480 in
1309 2443 1380 2480 illo
1400 2443 1550 2487 ordine,
1568 2443 1628 2480 vel
1650 2441 1904 2480 auctoritatis.

525 2511 712 2563 {demque
747 2510 1018 2555 memineram,
1055 2509 1168 2548 nobis
1204 2509 1363 2562 privatis
1400 2508 1519 2561 usque
1558 2508 1605 2546 ad
1640 2507 1829 2547 Caesarem
1867 2515 1907 2544 et
