2351 2997
953 251 1177 307 [301]

617 506 1526 554 EPISTOLARUM

451 726 624 783 AD
752 720 1698 779 FAMILIARES

840 941 1119 980 LIBER
1207 939 1320 978 XII.

663 1138 727 1176 M.
760 1138 812 1176 T.
846 1138 895 1176 C.
929 1137 978 1176 C.
1012 1136 1247 1174 CASSIO
1288 1135 1325 1173 S.
1359 1135 1404 1173 P.
1438 1135 1493 1173 D.

386 1273 419 1310 Ι.
554 1270 630 1309 IN
645 1271 678 1308 E
696 1270 745 1308 M
774 1270 931 1308 nullum
960 1269 1076 1314 facio,
1109 1268 1210 1307 mihi
1231 1267 1356 1312 crede,
1390 1267 1505 1312 Caffi,
1537 1266 1583 1304 de
1604 1275 1642 1304 te
1662 1274 1700 1303 et
1720 1265 1770 1303 de

556 1338 678 1375 Bruto
699 1335 844 1380 nostro,
865 1335 905 1373 id
926 1335 992 1380 est,
1012 1335 1059 1372 de
1079 1344 1161 1373 tota
1180 1334 1396 1386 republica,
1419 1332 1633 1385 cogitandi,
1656 1332 1768 1383 cujus

381 1403 511 1440 omnis
533 1402 614 1454 spes
636 1402 676 1439 in
697 1401 808 1439 vobis
829 1400 897 1446 est,
929 1410 968 1438 et
997 1401 1037 1438 in
1070 1401 1125 1438 D.
1150 1402 1288 1438 Bruto.
1337 1400 1470 1450 Qam
1499 1397 1661 1451 quidem
1684 1398 1769 1448 jam

384 1467 510 1506 habeo
531 1467 610 1520 ipse
634 1466 853 1511 meliorem,
884 1465 1085 1518 republica
1110 1479 1131 1503 a
1151 1464 1361 1503 Dolabella
1380 1478 1467 1501 meo
1488 1462 1771 1516 praeclariffime

383 1533 499 1585 gesta.
535 1532 724 1570 Manabat
744 1533 850 1569 enim
871 1531 971 1568 illud
993 1531 1147 1568 malum*
1165 1530 1374 1574 urbanum,
1407 1538 1444 1566 et
1463 1529 1519 1566 ita
1539 1527 1768 1565 corrobora-

386 1598 499 1635 batur
519 1595 709 1647 quotidie,
741 1605 785 1632 ut
805 1609 877 1647 ego
897 1595 1059 1647 quidem
1080 1604 1118 1632 et
1138 1595 1227 1632 urbi
1252 1603 1290 1631 et
1311 1593 1393 1630 otio
1414 1593 1631 1630 diffiderem
1654 1592 1769 1629 urba-

388 1676 454 1700 no.
503 1661 574 1699 Sed
605 1661 658 1697 ita
689 1661 901 1711 compressa
931 1660 997 1704 est,
1030 1668 1073 1698 ut
1105 1659 1206 1697 mihi
1239 1658 1439 1696 videamur
1470 1671 1587 1695 omne
1613 1658 1696 1708 jam
1726 1655 1773 1692 ad

386 1735 543 1779 tempus
565 1726 611 1763 ab
633 1725 703 1762 illo
724 1725 912 1762 duntaxat
933 1724 1189 1762 sordidiffimo
1209 1723 1386 1776 periculo
1407 1722 1483 1759 tuti
1504 1721 1644 1758 futuri.
1689 1722 1770 1757 Re-

388 1792 498 1843 liqua
518 1803 658 1842 magna
679 1790 766 1827 suut
787 1804 828 1827 ac
850 1790 1002 1834 multa;
1036 1789 1097 1826 sed
1118 1789 1239 1842 pofita
1258 1788 1390 1825 omnia
1411 1787 1451 1823 in
1472 1786 1598 1824 vobis.
1632 1787 1771 1836 Qan-

388 1870 507 1909 quam
529 1856 704 1907 primum
725 1854 900 1906 quidque
926 1854 1185 1906 explicemus.
1232 1854 1353 1896 Nam,
1387 1860 1429 1889 ut
1455 1849 1583 1888 adhuc
1611 1849 1773 1901 quidem

387 1923 516 1958 actum
549 1920 616 1964 est,
648 1932 726 1956 non
756 1933 889 1971 regno,
922 1919 984 1956 sed
1012 1932 1115 1970 rege,
1146 1917 1300 1955 liberati
1328 1916 1535 1954 videmur:
1568 1913 1774 1952 interfeC'oe

388 1987 496 2024 enirn
518 1999 620 2036 rege,
647 1985 771 2036 regios
794 1997 929 2022 omnes
952 1993 1070 2021 nutus
1093 1992 1263 2021 tuemur.
1296 1982 1439 2033 Neque
1459 1993 1549 2018 vero
1570 1980 1610 2017 id
1631 1979 1772 2024 solum,

389 2050 452 2088 sed
473 2050 606 2093 etiam,
638 2062 722 2098 quse
743 2048 822 2100 ipse
842 2049 923 2093 ille,
956 2049 981 2085 fi
1002 2050 1162 2091 viveret,
1194 2061 1273 2084 non
1300 2045 1458 2090 faceret,
1490 2058 1533 2082 ea
1553 2058 1638 2089 nos,
1669 2044 1775 2095 quasi

388 2116 559 2167 cogitata
578 2114 625 2151 ab
647 2114 732 2158 illo,
764 2114 989 2165 probamus.
1034 2114 1121 2151 Nec
1142 2114 1224 2164 ejus
1245 2112 1408 2165 quidem
1429 2112 1483 2149 rei
1503 2110 1622 2148 finem
1644 2110 1771 2147 video.

390 2179 556 2218 Tabulae
584 2178 774 2229 figuntur,
806 2178 1075 2215 immunitates
1105 2178 1259 2221 dantur,
1291 2177 1466 2229 pecuniae
1496 2176 1677 2213 maximae
1705 2174 1772 2211 de-

391 2245 631 2288 scribuntur,
663 2242 794 2280 exules
817 2242 1071 2287 reducuntur,
1104 2241 1457 2280 senatus-consulta
1477 2240 1569 2278 falsa
1596 2239 1772 2277 referun-

390 2320 476 2355 ταῖς
501 2319 544 2347 ut
567 2308 841 2346 tantummodo
861 2309 998 2346 odium
1020 2309 1120 2345 illud
1141 2307 1316 2345 hominis
1337 2308 1498 2359 impuri,
1521 2314 1558 2343 et
1580 2305 1772 2343 servitutis

393 2376 508 2412 dolor
527 2374 708 2426 depulsus
730 2374 800 2411 effe
821 2374 1023 2419 videatur;
1056 2374 1274 2426 respublica
1294 2374 1421 2424 jaceat
1450 2372 1490 2409 in
1523 2371 1584 2409 his
1617 2379 1770 2422 pertur-

392 2439 634 2483 bationibus,
666 2439 706 2476 in
728 2452 821 2490 quas
843 2452 927 2476 eam
948 2439 1015 2476 ille
1036 2439 1219 2490 conjecit.
1268 2438 1366 2475 Haec
1394 2437 1527 2475 omnia
1554 2435 1663 2473 vobis
1685 2434 1773 2470 sunt

389 2503 628 2558 expedienda
646 2519 655 2544 2
687 2517 758 2543 nec
780 2503 856 2543 hoc
877 2504 1149 2556 cogitandum,
1182 2503 1269 2542 satis
1285 2504 1367 2555 jam
1389 2501 1530 2541 habere
1550 2498 1771 2552 rempubli=
