2351 2997
608 288 701 325 AD
759 282 1223 330 FAMILIARES
1282 294 1414 334 LIB.
1466 298 1559 337 VII.
1701 316 1776 355 159

400 396 480 421 non
499 384 748 436 explicarem,
775 387 871 438 quid
891 388 981 427 effet
1001 391 1200 441 optimum
1222 392 1339 432 factu.
1373 395 1518 434 Pudori
1539 407 1667 437 tamen
1689 415 1773 439 ma-

398 448 456 486 lui
476 447 666 501 famaeque
685 451 832 497 cedere,
863 467 981 505 quam
1002 455 1133 494 salutis
1154 471 1248 496 meae
1269 460 1458 499 rationem
1486 463 1639 503 ducere.
1687 468 1771 504 Cu-

389 513 455 564 jus
476 526 540 550 me
559 515 637 552 mei
657 514 748 553 faffi
769 519 971 568 poenituit‚
1002 534 1079 558 non
1103 531 1181 560 tam
1202 534 1360 576 propter
1379 527 1600 578 periculum
1621 545 1770 578 meum,

393 589 511 628 quam
532 588 690 631 propter
711 581 804 619 vitia
823 584 962 629 multa,
993 599 1078 637 quae
1099 587 1155 624 ibi
1176 588 1322 626 offendi
1343 605 1422 642 quo
1443 607 1636 634 veneram.
1680 598 1768 635 Pri-

394 655 506 681 mum
539 657 665 696 neque
692 659 850 698 magnas
882 650 1027 701 copias,
1059 664 1185 703 neque
1218 654 1417 693 bellicosas
1437 673 1445 694 :
1479 659 1632 705 deinde,
1662 673 1770 701 extra

393 706 549 753 ducem,
580 711 800 762 paucosque
831 723 1024 764 praeterea‚
1059 716 1123 767 (de
1154 718 1401 770 principibus
1434 722 1591 775 loquor)
1626 728 1767 780 reliqui

388 773 565 823 primum
585 775 625 811 in
647 775 729 826 ipso
751 776 855 814 bello
876 792 1027 830 rapaces
1045 799 1056 825 3
1089 781 1227 820 deinde
1248 783 1288 821 in
1309 787 1482 825 oratione
1503 789 1555 826 ita
1575 792 1766 839 crudeles,

388 846 433 875 ut
447 837 570 889 ipsam
587 839 787 879 victoriam
802 841 1021 883 horrerem:
1045 847 1264 886 maximum
1281 860 1410 889 autem
1428 866 1475 890 aes
1492 854 1663 893 alienum
1680 871 1764 896 am·-

386 900 648 953 pliffimorum
669 904 856 945 virorum.
881 909 991 959 Qid
1006 912 1169 961 quaeris?
1193 912 1294 951 nihil
1317 915 1424 961 boni,
1443 928 1580 969 praeter
1595 922 1762 962 causam.

386 967 485 1018 Qae
506 981 599 1005 cum
618 969 807 1016 vidiffem,
830 972 1031 1026 desperans
1052 976 1266 1023 victoriam,
1290 980 1464 1031 primum
1486 985 1589 1036 coepi
1610 986 1764 1027 suadere

384 1044 536 1082 pacem,
567 1034 679 1085 cujus
700 1034 849 1075 fueram
870 1038 1018 1092 semper
1037 1043 1196 1086 amiton
1229 1043 1382 1091 deinde,
1413 1061 1505 1085 cum
1536 1049 1582 1087 ab
1612 1065 1654 1089 ea
1673 1053 1761 1091 sen-

383 1097 506 1134 tentia
525 1098 735 1150 Pompeius
757 1102 865 1140 valde
889 1102 1125 1151 abhorreret,
1157 1108 1311 1147 suadere
1340 1111 1504 1158 institui,
1537 1125 1580 1153 ut
1610 1117 1760 1157 bellum

381 1161 554 1201 duceret.
600 1164 692 1202 Hoc
716 1166 915 1206 interdum
936 1171 1137 1222 probabat,
1167 1183 1206 1211 et
1226 1174 1267 1212 in
1289 1189 1330 1213 ea
1350 1177 1537 1217 sententia
1557 1182 1761 1223 videbatur

378 1225 477 1272 fore,
498 1238 537 1267 et
557 1228 686 1268 fuiffet
705 1231 871 1280 fortaffe,
888 1233 958 1274 nisi
979 1237 1145 1289 quadam
1170 1252 1217 1277 ex
1238 1254 1370 1293 pugna
1388 1246 1561 1297 coepifl‘et
1581 1247 1656 1286 suis
1678 1252 1757 1288 mi-

378 1292 516 1332 litibus
537 1295 745 1336 confidere.
788 1300 851 1338 Ex
871 1314 917 1338 eo
937 1311 1113 1355 tempore
1133 1305 1191 1342 vir
1209 1306 1277 1344 ille
1298 1307 1488 1355 summus,
1521 1313 1653 1352 nullus
1675 1316 1754 1354 im-

376 1367 528 1409 perator
547 1359 640 1399 fuit.
673 1363 789 1414 Signa
805 1366 931 1404 tirone
945 1376 983 1404 et
999 1368 1213 1408 collectitio
1233 1374 1405 1412 exercitu
1423 1390 1514 1414 cum
1531 1378 1754 1430 legionibus

375 1423 642 1464 robustiffimis
662 1430 833 1467 contulit
852 1446 862 1468 z
894 1433 1032 1477 vietus,
1056 1435 1285 1486 turpiffime,
1308 1440 1447 1478 amiffis
1469 1443 1585 1481 etiam
1607 1446 1753 1493 castris,

374 1488 476 1527 solus
496 1489 615 1543 fugit.
648 1493 771 1531 Hunc
791 1508 864 1546 ego
885 1496 980 1534 belli
1000 1497 1101 1536 mihi
1122 1499 1241 1538 finem
1262 1501 1364 1549 feci3
1397 1519 1467 1543 nec
1487 1511 1635 1559 putavi,
1658 1525 1751 1551 cum

371 1553 514 1606 integri
535 1569 642 1607 pares
664 1571 742 1595 non
763 1558 978 1607 fuissemus,
996 1561 1137 1602 frastos
1158 1565 1369 1618 superiores
1390 1570 1486 1609 fore.
1520 1574 1679 1613 Disceffi
1702 1578 1750 1616 ab

369 1631 415 1655 eo
436 1619 555 1664 bello,
587 1621 627 1658 in
649 1636 728 1673 quo
749 1633 814 1662 aut
833 1626 874 1662 in
896 1627 977 1664 acie
997 1629 1215 1669 cadendum
1236 1632 1327 1678 fuit,
1359 1645 1424 1673 aut
1453 1637 1492 1674 in
1515 1639 1661 1692 aliquas
1684 1643 1747 1680 in-

370 1682 478 1722 fidias
499 1686 769 1734 incidendum,
801 1700 866 1728 aut
887 1691 1171 1733 deveniendum
1192 1697 1233 1735 in
1254 1700 1409 1738 vietoris
1431 1717 1583 1751 manus,
1615 1718 1681 1746 aut
1701 1710 1747 1746 ad

368 1748 512 1797 Jubam
547 1751 872 1805 confugiendum,
903 1766 969 1795 aut
1002 1761 1211 1812 capiendus
1248 1772 1432 1816 tanquam
1463 1770 1584 1808 exilio
1617 1772 1744 1819 locus,

366 1823 432 1851 aut
452 1815 720 1855 consciscenda
742 1834 844 1858 mors
866 1822 1095 1863 voluntaria.
1136 1827 1251 1866 Certe
1272 1829 1374 1868 nihil
1394 1831 1473 1871 fuit
1492 1845 1686 1885 praeterea,
1717 1840 1744 1878 fi

364 1887 402 1916 te
429 1880 565 1918 victori
593 1883 731 1929 nolles,
762 1895 828 1923 aut
856 1901 933 1925 non
961 1890 1132 1936 auderes,
1163 1896 1425 1936 committere.
1472 1901 1535 1938 Ex
1555 1905 1742 1943 omnibus

363 1953 492 1983 autem
508 1946 570 1991 iis,
588 1962 673 2000 quae
691 1949 788 1995 dixi,
806 1952 1084 2000 incommodis,
1103 1957 1204 1996 nihil
1227 1961 1468 2002 tolerabilius
1488 1967 1622 2012 exilio,
1641 1983 1740 2021 prae-

362 2008 493 2049 sertim
514 2011 731 2059 innocenti,
750 2017 818 2054 ubi
839 2019 947 2056 nulla
967 2020 1146 2072 adjunfflx
1165 2024 1218 2062 est
1239 2028 1462 2078 turpitudo:
1485 2031 1584 2069 addo
1604 2035 1736 2081 etiam,

360 2089 452 2113 cum
473 2090 516 2113 ea
536 2079 630 2115 urbe
651 2093 789 2127 careas,
808 2083 847 2120 in
869 2098 946 2136 qua
965 2086 1066 2125 nihil
1089 2089 1147 2133 fit,
1165 2091 1272 2141 quod
1292 2093 1421 2132 videre
1436 2097 1549 2147 poffis
1567 2099 1644 2136 fine
1664 2102 1735 2138 do-

359 2139 453 2178 lore.
487 2142 574 2193 Ego
593 2157 685 2181 cum
706 2148 818 2192 meis,
844 2149 888 2199 (fi
910 2151 1127 2203 quidquam
1147 2168 1252 2192 nunc
1273 2159 1503 2212 cujusquam
1524 2163 1594 2213 est)
1617 2166 1736 2204 etiam

358 2206 399 2241 in
419 2206 516 2243 meis
536 2207 607 2245 effe
627 2210 763 2249 malui.
808 2214 906 2264 Qae
926 2217 1165 2264 acciderunt,
1197 2223 1331 2260 omnia
1349 2224 1432 2263 dixi
1453 2226 1597 2267 futura.
1632 2231 1735 2270 Veni

356 2269 534 2316 domum,
565 2287 642 2311 non
666 2289 746 2327 quo
764 2280 915 2330 optima
933 2282 1089 2321 vivendi
1108 2286 1285 2324 conditio
1303 2289 1395 2328 effet
1409 2310 1424 2336 ς
1454 2292 1515 2330 sed
1538 2303 1682 2342 tamen,
1705 2299 1731 2336 s1

354 2335 444 2374 effet
463 2337 593 2390 aliqua
611 2339 738 2379 forma
757 2345 996 2396 reipublicae,
1028 2358 1215 2403 tanquam
1245 2353 1284 2391 in
1314 2357 1438 2407 patria
1466 2367 1509 2396 ut
1529 2360 1643 2398 effem
1660 2382 1669 2406 ;
1702 2365 1731 2402 fi

354 2402 475 2446 nulla,
494 2412 678 2456 tanquam
694 2408 737 2445 in
750 2410 883 2450 exilio.
917 2413 1095 2453 Mortem
1109 2416 1209 2455 mihi
1226 2431 1297 2457 cur
1311 2422 1602 2471 consciscerem,
1619 2429 1732 2466 causa

354 2467 462 2505 nulla
480 2469 557 2506 visa
575 2470 652 2515 est;
676 2485 746 2510 cur
764 2484 954 2526 optarem,
976 2481 1113 2520 multae
1132 2483 1265 2524 caufae.
1297 2486 1421 2526 Vetus
1441 2489 1494 2527 est
1514 2492 1635 2537 enim,
1660 2493 1733 2531 Ubi

346 2533 470 2582 nonſss
486 2534 686 2587 qm‘ficeris,
704 2552 772 2577 non
789 2539 849 2593 ‘ff
864 2556 930 2581 cur
945 2545 1033 2584 velis
1048 2548 1188 2588 vivere.
1221 2551 1293 2589 Sed
1315 2562 1446 2592 tamen
1460 2569 1591 2594 vacare
1610 2558 1728 2610 culpa
