2351 2997
540 268 617 307 232
885 253 1570 293 EPISTOLARUM

833 484 1076 520 CicERo
1118 482 1391 518 PAP1R10
1435 481 1622 518 PAETo.

542 611 699 649 XXIII.
724 609 802 682 H
819 611 851 647 E
868 610 935 647 RI
966 609 1054 646 veni
1075 608 1115 646 in
1138 609 1388 646 Cumanum:
1421 621 1502 645 cras
1523 606 1569 644 ad
1591 615 1627 644 te
1648 605 1812 645 fortasse.
1846 607 1918 645 Sed

834 688 926 712 cum
958 683 1108 711 certum
1141 672 1272 716 sciam,
1304 671 1446 709 faciam
1474 681 1510 709 te
1531 671 1647 723 paulo
1667 680 1755 708 ante
1775 672 1918 709 certio-

541 754 637 778 rem.
685 739 767 777 Etfi
789 739 851 776 M.
877 738 1078 790 Ceparius‚
1110 750 1201 773 cum
1223 734 1324 772 mihi
1345 735 1383 772 in
1407 736 1509 786 sylva
1530 735 1745 772 Gallinaria
1764 735 1920 773 obviam

542 805 714 849 venisset,
737 803 1024 856 quaefiffemque
1045 801 1141 853 quid
1162 813 1304 852 ageres,
1337 800 1437 838 dixit
1459 810 1495 837 te
1517 801 1554 837 in
1578 800 1676 837 lecto
1696 799 1781 844 effe,
1813 800 1919 851 quod

542 884 589 907 ex
611 869 775 921 pedibus
798 868 1002 905 laborares.
1043 865 1141 904 Tuli
1163 865 1310 902 scilicet
1330 865 1502 909 moleste,
1535 874 1578 901 ut
1599 865 1716 901 debui
1735 883 1744 907 ς
1776 864 1839 901 sed
1861 873 1918 902 ta-

542 948 633 972 men
666 932 851 971 constitui
881 932 928 969 ad
959 940 996 968 te
1027 931 1171 974 venire,
1203 937 1247 966 ut
1279 938 1316 965 et
1343 929 1513 966 viderem
1537 938 1587 972 te,
1618 937 1656 965 et
1676 928 1852 973 viserem,
1883 938 1921 966 et

543 1013 738 1038 coenarem
758 999 889 1036 etiam.
934 997 1030 1034 Non
1050 995 1157 1032 enim
1177 994 1357 1037 arbitror,
1389 1007 1561 1045 coquum
1582 993 1699 1030 etiam
1720 1002 1758 1030 te
1777 993 1921 1030 arthri-

544 1066 669 1102 ticum
690 1063 845 1100 habere.
892 1062 1064 1112 Expecta
1090 1060 1211 1110 igitur
1236 1057 1431 1110 hospitem
1452 1071 1543 1095 cum
1566 1058 1729 1095 minime
1749 1057 1919 1103 edacem,

544 1138 630 1166 tum
652 1128 862 1166 inimicum
883 1126 1005 1164 coenis
1028 1123 1275 1175 sumptuosis.
1309 1123 1419 1160 Vale.

974 1329 1239 1366 CICERO
1291 1326 1492 1362 PAETo.

545 1457 700 1495 XXIV.
728 1455 991 1527 RUFUM
1021 1452 1152 1498 istum,
1175 1453 1348 1490 amicum
1370 1460 1497 1495 tuum,
1516 1449 1562 1488 de
1583 1464 1660 1501 quo
1681 1449 1824 1487 iterum
1839 1449 1923 1500 jam

830 1520 876 1557 ad
897 1534 959 1557 me
980 1518 1130 1562 scribis,
1162 1507 1383 1569 adjuvarem
1403 1524 1594 1567 quantum
1616 1514 1775 1566 poffem,
1807 1513 1926 1550 etiam

546 1587 572 1625 fi
593 1586 640 1623 ab
661 1599 706 1623 eo
726 1585 835 1622 laesus
857 1584 985 1627 effem,
1003 1596 1095 1620 cum
1115 1591 1150 1619 te
1167 1590 1366 1632 tantopere
1387 1579 1558 1616 viderem
1580 1580 1661 1630 ejus
1683 1577 1793 1615 causa
1812 1576 1924 1614 labo-

546 1665 640 1689 rare.
675 1651 780 1687 Cum
801 1662 891 1686 vero
910 1657 948 1686 et
968 1661 1015 1684 ex
1038 1648 1115 1684 tuis
1137 1646 1275 1689 literis,
1297 1654 1335 1682 et
1356 1658 1402 1681 ex
1423 1644 1531 1680 illius
1553 1644 1599 1680 ad
1620 1657 1682 1680 me
1705 1642 1838 1686 miffis,
1860 1642 1926 1678 in-

546 1716 723 1767 telligam
744 1724 781 1752 et
797 1713 990 1765 judicem,
1012 1725 1162 1763 magnae
1183 1724 1282 1748 curae
1303 1710 1338 1746 ei
1360 1708 1520 1746 salutem
1542 1722 1668 1746 meam
1689 1707 1824 1752 fuiffe3
1848 1719 1928 1743 non

545 1781 698 1834 poffum
719 1780 753 1817 ei
776 1793 853 1816 non
875 1779 1023 1816 amicus
1045 1776 1130 1820 effe,
1163 1789 1288 1827 neque
1320 1775 1447 1811 solum
1479 1783 1544 1810 tua
1571 1772 1925 1815 commendatione,

545 1859 631 1897 quae
652 1844 754 1896 apud
775 1858 852 1888 me,
884 1853 928 1881 ut
948 1842 1078 1886 debet,
1109 1841 1208 1878 valet
1234 1840 1466 1892 plurimum,
1500 1838 1561 1875 sed
1589 1838 1705 1875 etiam
1727 1837 1927 1874 voluntate

546 1924 588 1948 ac
605 1909 759 1961 judicio
780 1921 882 1945 meo.
906 1907 1010 1944 Volo
1025 1906 1131 1943 enim
1149 1914 1185 1942 te
1207 1905 1313 1948 scire,
1333 1904 1387 1941 mi
1410 1904 1526 1946 Paete,
1546 1903 1704 1939 initium
1722 1900 1823 1939 mihi
1844 1900 1925 1937 sus-

545 1974 730 2028 picionis,
753 1982 791 2010 et
811 1972 1018 2015 cautionis,
1041 1979 1078 2007 et
1100 1969 1327 2020 diligentiae,
1360 1967 1470 2005 fuisse
1491 1968 1619 2004 literas
1642 1976 1749 2004 tuas:
1782 1965 1926 2016 quibus

546 2040 670 2078 literis
706 2046 964 2091 congruentes
998 2035 1158 2073 fuerunt
1191 2035 1272 2072 aliae
1305 2033 1433 2086 postea
1463 2034 1696 2070 multorum.
1748 2032 1854 2069 Nam
1889 2040 1927 2067 et

549 2104 702 2156 Aquini
731 2112 769 2140 et
802 2102 1031 2139 Fabrateriae
1052 2099 1210 2136 consilia
1230 2099 1318 2136 sunt
1339 2099 1435 2135 inita
1456 2097 1501 2134 de
1523 2111 1599 2141 me,
1631 2110 1716 2148 quae
1749 2105 1784 2132 te
1816 2094 1929 2132 video

549 2167 761 2211 inaudiffe;
794 2176 846 2211 et,
870 2166 973 2218 quafi
995 2165 1228 2208 divinarent,
1251 2177 1369 2216 quam
1390 2162 1451 2200 his
1474 2161 1656 2199 molestus
1679 2160 1791 2198 effem
1813 2158 1926 2196 futu-

549 2247 628 2278 rus,
651 2232 751 2270 nihil
773 2231 878 2269 aliud
898 2239 1076 2282 egerunt,
1095 2229 1164 2266 nisi
1186 2243 1249 2266 me
1266 2238 1309 2265 ut
1329 2227 1614 2280 opprimerent:
1639 2225 1744 2277 quod
1761 2238 1832 2275 ego
1851 2237 1928 2260 non

550 2299 759 2350 suspican8‚
783 2297 974 2334 incautior
994 2295 1161 2339 fuiffem,
1185 2294 1253 2331 nisi
1276 2308 1295 2330 a
1316 2303 1352 2331 te
1373 2293 1596 2330 admonitus
1617 2291 1744 2328 ess‘cm.
1774 2291 1927 2340 Qam-

549 2365 685 2402 obrem
717 2363 783 2400 iste
817 2372 906 2399 tuus
938 2362 1086 2398 amicus
1117 2359 1218 2411 apud
1248 2373 1311 2396 me
1343 2372 1421 2396 non
1454 2367 1540 2408 eget
1568 2355 1925 2394 commendatione.

550 2431 715 2468 Utinam
736 2442 779 2466 ea
798 2427 956 2465 fortuna
976 2425 1201 2478 reipublicae
1223 2424 1281 2468 fit,
1300 2434 1342 2461 ut
1364 2425 1431 2461 ille
1451 2437 1514 2460 me
1531 2436 1648 2474 quam
1670 2421 1927 2473 gratissimum

550 2494 663 2548 poffit
678 2492 924 2545 cognoscere.
958 2491 1029 2529 Sed
1050 2489 1131 2528 haec
1153 2489 1353 2527 hactenus.
1378 2491 1439 2527 Te
1459 2487 1504 2525 ad
1526 2500 1654 2525 coenas
1675 2488 1769 2524 itare
1785 2483 1925 2527 defiffe,
