2351 2997
629 217 720 255 AD
777 214 1247 253 FAMILIARES
1306 216 1438 255 LIB.
1490 220 1539 256 V.
1714 235 1786 274 115

594 446 657 485 M.
692 449 921 486 CICERO
964 448 1012 486 L.
1046 449 1333 493 Luccmo,
1375 450 1509 501 QF.
1543 451 1580 487 S.

403 574 495 613 XV.
514 572 585 645 O
599 574 701 612 MN
715 576 731 612 Ι
745 576 766 611 S
795 588 902 613 amor
924 582 1013 612 tuus
1034 587 1081 611 ex
1102 574 1287 612 omnibus
1304 576 1480 627 partibus
1502 576 1537 613 se
1553 577 1719 615 ostendit
1740 579 1780 616 in

615 638 678 676 his
699 639 837 684 literis,
854 651 948 690 quas
966 651 986 675 a
1002 647 1038 676 te
1054 639 1233 689 proxime
1252 640 1409 691 accepi;
1434 653 1511 678 non
1532 641 1600 678 ille
1620 642 1782 693 quidem

402 704 503 742 mihi
523 706 697 756 ignotus,
720 704 782 741 sed
803 713 931 741 tamen
952 712 1083 755 gratus
1104 713 1143 741 et
1162 713 1341 756 optatus:
1365 704 1778 757 dicerem,jucundus,

402 769 471 806 nisi
500 769 541 806 id
569 769 733 806 verbum
763 769 804 805 in
832 782 950 806 omne
979 777 1133 819 tempus
1164 768 1438 820 perdidissem:
1471 783 1597 822 neque
1624 772 1675 808 ob
1696 785 1780 810 eam

401 847 518 871 unam
540 833 705 878 causam,
736 847 855 885 quam
883 842 925 870 tu
948 833 1163 884 suspicaris,
1194 842 1234 870 et
1254 833 1295 870 in
1315 847 1392 885 qua
1411 847 1489 878 me,
1521 835 1721 873 leniffimis
1743 846 1780 873 et

399 900 667 937 amantiffimis
689 899 817 937 verbis
838 908 964 943 utens,
997 913 1036 936 re
1054 899 1222 950 graviter
1242 899 1420 944 accusas,
1454 900 1516 938 sed
1545 901 1652 953 quod
1672 902 1780 940 illius

401 966 500 1003 tanti
519 966 690 1003 vulneris
711 979 795 1018 quae
816 965 986 1003 remedia
1004 964 1076 1002 effe
1097 964 1305 1009 debebant,
1336 979 1379 1003 ea
1398 966 1506 1004 nulla
1526 966 1629 1005 sunt.
1671 969 1781 1019 Qid

400 1032 506 1069 enim
526 1033 538 1069 ?
569 1031 616 1069 ad
636 1031 830 1069 amicosne
850 1031 1078 1083 confugiam
1097 1032 1110 1068 ?
1142 1045 1261 1083 quam
1282 1032 1401 1069 multi
1421 1032 1539 1070 sunt?
1570 1032 1780 1072 habuimus

400 1096 508 1134 enim
529 1096 607 1134 fere
627 1110 874 1141 communes,
905 1110 1076 1148 quorum
1096 1097 1163 1133 alii
1191 1096 1435 1142 occiderunt,
1466 1098 1532 1135 alii
1553 1099 1682 1136 nescio
1702 1113 1781 1151 quo

400 1165 511 1214 paeto
531 1163 815 1201 obduruerunt.
839 1165 994 1201 Tecum
1015 1162 1142 1200 vivere
1162 1162 1328 1214 poffem3
1351 1163 1534 1214 equidem
1550 1173 1588 1202 et
1608 1166 1781 1203 maxime

400 1227 556 1265 vellem.
586 1227 777 1271 vetustas,
800 1241 922 1271 amor,
944 1227 1200 1271 consuetudo,
1223 1226 1344 1264 studia
1364 1228 1487 1279 paria:
1511 1229 1617 1280 quod
1638 1230 1776 1267 vincu-

398 1291 498 1335 lum,
529 1306 615 1343 quae
642 1305 714 1336 res,
747 1291 848 1329 deest
877 1292 1011 1329 nostrae
1041 1292 1343 1343 conjunftioni?
1376 1293 1628 1331 Possumusne
1657 1295 1779 1347 igitur

398 1357 470 1395 effe
491 1371 566 1395 una
584 1359 596 1395 ?
630 1358 717 1395 Nec
737 1357 961 1395 mehercule
981 1357 1179 1409 intelligo,
1210 1358 1307 1409 quid
1335 1359 1539 1410 impediat.
1584 1360 1655 1398 Sed
1676 1371 1781 1399 certe

397 1422 524 1461 adhuc
545 1436 624 1460 non
645 1422 810 1467 fuimus,
828 1437 920 1461 cum
936 1422 1098 1460 essemus
1114 1423 1236 1461 vicini
1256 1423 1296 1460 in
1314 1424 1555 1469 Tusculano,
1574 1425 1613 1463 in
1631 1427 1776 1465 Puteo-

398 1488 501 1525 lano.
534 1489 640 1526 Nam
656 1487 752 1539 quid
769 1488 898 1525 dicam
918 1487 958 1525 in
981 1488 1102 1525 urbe?
1124 1488 1165 1525 in
1188 1501 1277 1540 qua,
1300 1501 1393 1526 cum
1413 1488 1545 1526 forum
1567 1504 1779 1529 commune

398 1553 457 1597 fit,
475 1554 654 1591 vicinitas
675 1567 753 1590 non
777 1554 1001 1605 requiritur.
1035 1553 1106 1590 Sed
1127 1553 1213 1591 casu
1235 1553 1364 1591 nescio
1379 1568 1459 1606 quo
1480 1556 1520 1592 in
1541 1569 1583 1593 ea
1604 1565 1781 1608 tempora

399 1617 524 1655 nostra
544 1628 630 1655 aetas
651 1617 808 1662 incidit,
843 1626 887 1655 ut
907 1631 1000 1655 cum
1020 1618 1192 1656 maxime
1213 1618 1347 1657 florere
1367 1633 1437 1657 nos
1459 1629 1668 1672 oporteret,
1692 1630 1779 1660 tum

398 1683 525 1720 vivere
545 1683 662 1721 etiam
683 1683 857 1735 puderet.
891 1683 1012 1733 Qod
1031 1683 1138 1721 enim
1154 1682 1254 1722 mihi
1275 1693 1426 1736 poterat
1446 1685 1517 1723 effe
1533 1685 1788 1739 perfugium,

398 1748 561 1800 spoliato
582 1758 619 1785 et
639 1748 859 1786 domesticis
881 1758 919 1786 et
946 1748 1162 1786 forenfibus
1189 1750 1428 1787 ornamentis
1455 1759 1570 1802 atque
1597 1751 1741 1790 solatiis
1761 1753 1775 1790 ?

395 1814 529 1858 literae,
566 1813 696 1858 credo,
731 1814 875 1864 quibus
911 1823 999 1851 utor
1028 1813 1196 1858 affidue3
1238 1813 1335 1865 quid
1368 1814 1476 1852 enim
1509 1815 1615 1853 aliud
1649 1816 1776 1855 facere

396 1878 578 1931 possum?
611 1878 673 1915 sed
705 1879 833 1916 nescio
865 1878 1065 1930 quomodo
1097 1878 1186 1930 ipsae
1213 1878 1290 1917 illae
1311 1879 1516 1917 excludere
1538 1894 1600 1919 me
1620 1895 1640 1918 a
1661 1892 1779 1933 portu

395 1953 435 1982 et
453 1943 635 1996 perfugio
655 1944 850 1989 videntur,
881 1954 920 1982 et
940 1944 1043 1996 quasi
1065 1944 1311 1996 exprobrare,
1343 1946 1448 1997 quod
1469 1947 1509 1983 in
1531 1960 1573 1984 ea
1593 1948 1671 1986 vita
1691 1962 1776 1986 ma-

397 2023 523 2053 neam,
554 2010 595 2046 in
627 2024 704 2062 qua
735 2009 835 2048 nihil
867 2011 970 2055 infit,
1001 2010 1071 2048 nifi
1093 2011 1321 2063 propagatio
1341 2011 1549 2050 miserrimi
1572 2016 1775 2065 temporis.

398 2075 479 2112 Hic
501 2085 542 2112 tu
564 2089 606 2112 ea
626 2090 688 2113 me
708 2076 830 2113 abeffe
851 2076 946 2114 urbe
967 2077 1133 2121 miraris,
1153 2077 1192 2114 in
1215 2090 1291 2128 qua
1307 2077 1446 2115 domus
1468 2077 1568 2115 nihil
1591 2079 1778 2117 delectare

398 2140 509 2192 poffit
529 2141 540 2177 ?
565 2140 763 2179 summum
785 2142 828 2179 fit
849 2142 986 2180 odium
1008 2151 1246 2194 temporum,
1268 2141 1493 2188 hominum,
1516 2143 1606 2187 fori,
1629 2146 1743 2183 curiae
1761 2146 1774 2182 ?

399 2207 533 2257 Itaque
554 2206 602 2244 fic
631 2207 754 2244 literis
785 2217 887 2251 utor,
920 2208 959 2244 in
982 2208 1126 2259 quibus
1149 2208 1337 2245 consumo
1357 2222 1474 2246 omne
1496 2219 1665 2262 tempus,
1697 2224 1777 2248 non

398 2280 441 2308 ut
461 2271 507 2307 ab
529 2270 589 2309 his
612 2272 849 2310 medicinam
871 2283 1113 2325 perpetuam,
1145 2273 1207 2310 sed
1234 2282 1278 2311 ut
1302 2275 1482 2326 exiguam
1505 2275 1648 2313 doloris
1670 2276 1776 2313 obli-

397 2336 568 2380 vionem,
600 2346 743 2389 petam.
786 2338 906 2389 Qod
927 2338 952 2375 fi
975 2338 1014 2375 id
1034 2337 1254 2390 egissemus,
1285 2352 1357 2391 ego
1377 2348 1492 2392 atque
1514 2349 1570 2384 tu,
1602 2341 1707 2392 quod
1730 2354 1776 2378 ne

396 2402 437 2438 in
458 2410 631 2440 mentem
651 2403 812 2454 quidem
833 2404 947 2442 nobis
969 2404 1147 2442 veniebat
1168 2414 1327 2457 propter
1353 2406 1602 2457 quotidianos
1631 2416 1773 2450 metus,

396 2480 514 2505 omne
535 2476 689 2520 tempus
712 2482 787 2506 una
802 2468 1026 2515 fuiffemus3
1051 2483 1175 2522 neque
1192 2484 1254 2508 me
1271 2470 1451 2509 valetudo
1468 2480 1533 2508 tua
1548 2471 1776 2515 offenderet,

1393 2536 1422 2572 P
1454 2549 1474 2573 2
