2351 2997
652 230 743 267 AD
803 227 1269 266 FAMILIARES
1328 226 1460 264 LIB.
1512 226 1603 265 XV.
1742 237 1823 275 429

440 327 710 365 venustiffima.
744 328 853 378 Qin
875 328 993 365 etiam
1013 336 1101 365 ante
1122 339 1239 379 quam
1261 326 1307 364 ad
1327 340 1390 364 me
1406 326 1595 371 veniatur,
1615 327 1710 364 risus
1731 341 1821 365 om-

440 394 499 430 nis
527 407 625 446 pene
652 393 909 430 consumitur.
955 392 1074 443 Qod
1105 393 1129 429 fi
1161 393 1202 429 in
1232 391 1293 429 his
1325 392 1536 430 scribendis
1568 391 1668 429 nihil
1699 392 1821 437 aliud,

438 458 524 502 nifi,
554 459 661 510 quod
682 458 824 496 necess‘e
845 457 936 502 fuit,
960 458 1006 495 de
1027 471 1106 495 uno
1126 472 1188 495 me
1210 467 1289 496 tam
1310 457 1377 495 diu
1398 457 1652 510 cogitaviffes,
1675 457 1820 495 ferreus

437 522 567 566 effem,
591 523 615 560 fi
639 533 675 560 te
696 537 773 560 non
795 536 978 561 amarem.
1011 523 1117 560 Cum
1137 536 1226 560 vero
1247 536 1302 567 ea,
1325 536 1410 574 quae
1431 523 1619 575 scriptura
1638 522 1820 574 persecu-

438 597 501 625 tus
523 602 577 633 es,
610 589 687 626 fine
708 589 861 626 summo
883 602 1011 625 amore
1040 589 1211 639 cogitare
1232 601 1310 625 non
1341 589 1528 639 potueris,
1561 602 1638 626 non
1669 588 1823 640 poffum

437 653 669 697 existimare,
701 654 789 704 p-lus
821 665 1062 704 quemquam
1091 665 1111 688 a
1140 652 1176 689 se
1203 652 1300 704 ipsO,
1332 665 1450 703 quam
1477 666 1540 689 me
1561 666 1581 689 a
1602 662 1652 697 te,
1684 653 1817 691 amari.

438 719 516 755 Cui
541 718 701 769 quidem
730 731 802 768 ego
832 718 968 761 amori,
1003 717 1153 753 utinam
1183 717 1330 754 caeteris
1358 718 1471 754 rebus
1500 718 1660 769 possem,
1692 732 1822 756 amore

437 792 540 819 certe
563 782 829 834 respondebo;
864 796 942 833 quo
964 792 1093 819 tamen
1115 782 1197 834 ipso
1219 782 1293 820 tibi
1321 782 1477 819 confido
1505 782 1685 820 futurum
1716 784 1819 821 satis.

438 849 560 885 Nunc
581 848 626 885 ad
648 848 848 899 epistolam
870 849 997 891 venio,
1030 848 1094 885 cui
1115 847 1269 899 copiose
1289 857 1326 885 et
1348 848 1512 885 suaviter
1539 848 1688 900 scriptae
1719 849 1822 886 nihil

437 913 490 949 est
511 913 615 965 quod
638 914 763 950 multa
784 913 1049 965 respondeam.
1096 913 1276 951 Primum
1296 914 1402 950 enim
1423 927 1495 965 ego
1517 914 1602 951 illas
1625 915 1746 952 Calvo
1768 915 1820 952 li-

438 988 534 1016 teras
556 979 656 1024 misi,
689 993 766 1016 non
795 979 898 1031 plus,
931 993 1049 1031 quam
1078 977 1160 1024 has,
1193 993 1286 1032 quas
1318 993 1422 1016 nunc
1453 979 1565 1031 legis,
1597 980 1820 1018 existimans

436 1045 605 1082 exituras
626 1060 633 1082 :
666 1045 777 1082 aliter
798 1045 904 1082 enim
926 1045 1148 1089 scribimus,
1172 1045 1276 1096 quod
1299 1058 1362 1082 eos
1384 1045 1498 1089 solos,
1522 1045 1666 1096 quibus
1688 1047 1820 1083 mitti-

436 1123 525 1147 mus
543 1128 554 1154 ;
577 1110 702 1154 aliter,
724 1109 830 1160 quod
851 1110 998 1147 multos
1020 1110 1185 1147 lecturos
1206 1119 1406 1162 putamus.
1438 1110 1593 1147 Deinde
1614 1111 1823 1162 ingenium

435 1176 518 1226 ejus
540 1175 770 1213 melioribus
791 1176 916 1213 extuli
936 1175 1133 1221 laudibus,
1165 1189 1283 1228 quam
1312 1185 1354 1213 tu
1384 1175 1424 1213 id
1445 1189 1530 1213 vere
1551 1176 1715 1227 potuiffe
1736 1177 1821 1215 fieri

436 1249 564 1291 putas.
599 1241 793 1286 Primum,
815 1240 922 1293 quod
943 1241 996 1278 ita
1010 1240 1253 1292 judicabam,
1275 1250 1387 1278 acute
1406 1240 1636 1278 movebatur
1654 1256 1662 1279 :
1695 1256 1818 1293 genus

437 1306 635 1358 quoddam
656 1306 900 1358 sequebatur,
932 1307 973 1344 in
998 1320 1093 1359 quo,
1118 1307 1272 1359 judicio
1299 1307 1440 1359 lapsus,
1472 1320 1551 1359 quo
1580 1307 1730 1345 valebat
1758 1317 1818 1347 ta-

435 1385 543 1417 men,
575 1371 840 1423 assequebatur
866 1372 973 1424 quod
999 1373 1207 1424 probaret:
1241 1373 1376 1411 multae
1405 1382 1512 1411 erant
1542 1382 1580 1411 et
1610 1374 1819 1413 reconditae

435 1437 584 1482 literae;
617 1437 674 1475 vis
696 1450 775 1474 non
797 1446 875 1475 erat
894 1453 902 1475 :
935 1438 982 1474 ad
1002 1451 1086 1475 eam
1106 1438 1228 1490 igitur
1247 1438 1492 1477 adhortabar.
1539 1440 1586 1477 In
1611 1440 1819 1478 excitando

432 1513 563 1541 autem
585 1512 623 1540 et
644 1504 683 1540 in
705 1503 879 1541 acuendo
900 1504 1121 1555 plurimum
1142 1504 1257 1550 valet,
1281 1505 1305 1542 fi
1327 1505 1457 1542 laudes
1479 1518 1585 1550 eum,
1608 1520 1726 1557 quem
1747 1520 1817 1544 co-

435 1568 603 1606 hortere.
651 1569 784 1606 Habes
812 1569 859 1606 de
881 1569 1003 1606 Calvo
1017 1569 1217 1620 judicium
1238 1579 1276 1608 et
1296 1570 1504 1608 confilium
1524 1584 1658 1608 meum
1677 1586 1685 1609 :
1718 1585 1816 1609 con-

435 1634 578 1678 filium,
610 1634 715 1685 quod
736 1633 918 1672 hortandi
938 1634 1048 1672 causa
1067 1635 1245 1673 laudavi:
1272 1636 1486 1686 judicium,
1509 1636 1615 1687 quod
1636 1636 1682 1674 de
1702 1637 1815 1689 inge-

435 1700 501 1738 nio
523 1701 604 1751 ejus
626 1700 735 1738 valde
755 1701 969 1738 existimavi
991 1701 1102 1740 bene.
1135 1702 1354 1753 Reliquum
1374 1702 1440 1746 est,
1473 1711 1580 1739 tuam
1601 1702 1815 1754 profectio-

435 1778 525 1802 nem
555 1779 684 1803 amore
711 1766 931 1818 prosequar,
963 1767 1133 1805 reditum
1163 1767 1226 1819 spe
1253 1769 1467 1819 expectem,
1500 1767 1697 1807 absentem
1728 1783 1815 1807 me-

434 1831 559 1867 moria
579 1832 721 1876 colam,
743 1845 860 1869 omne
880 1832 1110 1870 desiderium
1132 1833 1254 1870 literis
1277 1832 1480 1870 mittendis
1502 1834 1816 1887 accipiendisque

434 1895 592 1933 leniam.
640 1897 705 1932 Tu
736 1896 856 1934 velim
889 1905 954 1933 tua
984 1898 1022 1934 in
1051 1910 1114 1934 me
1142 1897 1266 1934 studia
1280 1907 1317 1934 et
1338 1898 1466 1935 officia
1485 1898 1660 1936 multum
1683 1909 1815 1938 tecum

435 1961 659 2005 recordere,
692 1976 777 2013 quae
798 1976 890 2000 cum
913 1962 987 1999 tibi
1012 1963 1141 2008 liceat,
1172 1962 1273 2000 mihi
1303 1962 1406 2000 nefas
1438 1964 1482 2001 fit
1508 1964 1702 2010 oblivisci,
1734 1979 1818 2003 non:

433 2025 552 2062 modo
583 2026 711 2063 virum
747 2027 895 2064 bonurn
929 2041 992 2064 me
1023 2028 1277 2075 existimabis,
1310 2042 1445 2067 verum
1479 2029 1597 2067 etiam
1630 2039 1666 2068 te
1698 2044 1718 2068 a
1749 2044 1813 2069 me

434 2091 550 2127 amari
571 2091 789 2142 plurimum
805 2092 1017 2144 judicabis.
1051 2093 1161 2132 Vale.
