2351 2997
560 226 634 252 100
902 213 1584 254 EPISTOLARUM

558 312 756 350 admonet.
802 315 838 352 A
869 322 905 351 te
933 322 1038 366 peto,
1071 323 1114 352 ut
1139 323 1181 351 tu
1202 328 1358 366 quoque
1379 327 1535 367 aequum
1555 323 1593 352 te
1607 313 1784 366 judicem
1803 314 1930 352 dolori

526 432 529 433 ⁷
559 390 647 415 meo
667 377 833 429 praebeas
851 392 859 415 ι
891 378 1086 421 fiacerbe,
1118 378 1144 415 fi
1165 378 1387 422 crudeliter,
1418 379 1446 416 fi
1465 379 1542 416 fine
1562 378 1686 423 causa,
1708 379 1793 417 sum
1811 392 1833 416 a
1853 379 1930 416 tuis

558 452 822 494 oppugnatus,
854 451 898 480 ut
926 442 1080 487 statuas,
1111 442 1211 481 mihi
1243 456 1320 481 non
1350 443 1468 481 modo
1497 458 1576 482 non
1605 444 1838 489 cedendum,
1869 444 1932 482 sed

558 508 676 546 etiam
707 517 774 545 tuo
803 516 918 558 atque
947 508 1138 545 exercitus
1170 508 1227 546 tui
1248 508 1395 546 auxilio
1416 509 1457 546 in
1477 509 1668 560 ejusmodi
1687 510 1797 547 causa
1816 518 1931 547 uten-

560 572 656 610 dum
676 571 801 609 fuiffe.
834 573 920 623 Ego
942 581 978 610 te
999 572 1100 610 mihi
1120 572 1268 625 semper
1283 573 1456 611 amicum
1474 572 1546 610 effe
1567 573 1697 611 volui:
1719 587 1783 610 me
1800 582 1843 611 ut
1860 574 1933 611 tibi

559 636 834 674 amiciffimum
865 636 936 674 effe
968 637 1220 689 intelligeres,
1251 638 1435 676 laboravi.
1481 638 1627 676 Maneo
1656 639 1697 675 in
1717 638 1932 681 voluntate,

560 711 612 747 et,
644 702 771 753 quoad
791 701 895 739 voles
924 712 981 747 tu,
1013 703 1247 754 permanebo
1263 721 1275 748 3
1307 703 1500 755 citiusque
1528 716 1657 741 amore
1688 703 1746 740 tui
1775 701 1933 740 fratrem

560 776 675 804 tuum
696 766 812 804 odifl‘e
833 767 1015 813 definam,
1037 781 1155 819 quam
1174 768 1281 807 illius
1303 769 1393 807 odio
1413 769 1631 821 quidquam
1651 768 1698 806 de
1718 767 1843 805 nostra
1863 767 1932 804 be-

559 832 779 869 nevolentia
800 831 1013 871 detraham.
1046 833 1156 872 Vale.

738 1031 1160 1081 QMETELLUS
1194 1032 1329 1069 NEP.
1367 1031 1430 1069 Μ.
1463 1032 1516 1069 T.
1550 1031 1598 1068 C.
1632 1032 1669 1068 S.
1702 1031 1757 1069 D.

561 1157 579 1195 Ι
585 1157 623 1194 ΙΙ
629 1186 637 1194 .
641 1155 746 1230 Η
747 1157 780 1195 Ο
791 1158 845 1195 M
848 1159 876 1195 I
882 1158 929 1195 N
935 1157 962 1193 I
967 1157 993 1194 S
1019 1156 1298 1208 importungffimi
1312 1157 1540 1202 contumeliae‚
1557 1157 1680 1209 quibus
1699 1156 1831 1195 crebris
1850 1172 1933 1196 con-

756 1221 909 1259 cionibus
928 1235 980 1258 me
997 1230 1134 1264 onerat,
1165 1221 1240 1258 tuis
1258 1235 1347 1273 erga
1364 1235 1417 1258 me
1435 1221 1551 1272 qfficiis
1570 1221 1754 1259 leniuntur
1773 1237 1786 1259 .·
1812 1230 1861 1266 et,
1893 1231 1935 1259 ut

544 1286 641 1337 stmt
659 1286 752 1324 leves
770 1285 816 1323 ab
834 1285 996 1336 ejzfinodi
1011 1286 1157 1329 homine,
1187 1300 1210 1323 a
1229 1300 1281 1323 me
1299 1285 1538 1338 despiciuntur
1552 1303 1564 1330 ς
1594 1285 1809 1338 libenterque
1839 1300 1933 1324 com-

560 1358 702 1389 mutata
724 1351 888 1402 persona,
919 1359 954 1388 te
976 1350 1065 1388 mihi
1065 1351 1212 1401 fratris
1232 1351 1300 1389 loco
1318 1350 1378 1402 {ff'
1396 1350 1494 1389 duco.
1535 1352 1599 1389 De
1618 1350 1674 1388 illo
1693 1365 1736 1389 ne
1753 1350 1934 1402 meminff

560 1415 695 1467 quidem
713 1415 805 1459 volo,
836 1415 977 1465 tamegfi
993 1415 1045 1453 bis
1063 1429 1140 1453 eum
1159 1415 1315 1453 invitum
1326 1416 1500 1467 firvavi.
1542 1417 1606 1454 De
1635 1415 1716 1454 meis
1744 1416 1860 1460 rebus,
1892 1430 1934 1453 ne

559 1480 658 1520 vobis
676 1479 900 1518 multitudine
919 1479 1107 1518 literarum
1137 1480 1301 1531 molestior
1331 1480 1438 1532 efflm,
1468 1480 1519 1518 ad
1539 1480 1695 1519 Lollium
1716 1481 1908 1534 petjscrz'pst
1919 1499 1933 1525 ;

559 1544 600 1582 de
618 1543 815 1583 rationibus
828 1544 1041 1596 provinciae,
1072 1544 1159 1596 quid
1173 1545 1296 1583 vellem
1301 1545 1404 1597 fieri,
1435 1553 1476 1582 ut
1503 1545 1532 1582 is
1551 1559 1612 1582 vos
1631 1544 1768 1583 doceret
1786 1554 1823 1583 et
1841 1560 1933 1583 com-

560 1612 803 1660 monefaceret.
848 1609 890 1647 Si
909 1610 1058 1660 poteris,
1089 1609 1193 1647 velim
1210 1610 1400 1662 prssinam
1417 1618 1518 1648 tuam
1538 1624 1624 1662 erga
1643 1624 1695 1648 me
1714 1611 1938 1648 voluntatem«

560 1676 750 1728 cotfirves.
783 1674 883 1712 Vale.

660 1874 724 1911 M.
758 1874 806 1911 C.
840 1873 1225 1923 QMETELLO
1263 1872 1500 1910 NEP0T1
1542 1875 1664 1911 Cos.
1708 1873 1744 1910 S.
1778 1846 1833 1911 D.

564 1999 634 2037 IV.
655 1999 800 2070 LIT
814 2000 847 2037 E
863 1999 960 2038 RAE
992 1998 1212 2051 eratriS‚
1244 2007 1281 2036 et
1302 2000 1355 2037 T.
1380 2000 1604 2052 Pomponii,
1627 1999 1819 2038 neceffarii
1840 2001 1934 2045 mei,

744 2073 897 2102 tantum
913 2064 992 2116 spei
1013 2063 1209 2107 dederant,
1227 2072 1271 2100 ut
1291 2064 1332 2101 in
1349 2073 1385 2100 te
1402 2077 1480 2101 non
1497 2065 1627 2102 minus
1643 2065 1794 2109 auxilii,
1817 2078 1936 2117 quam

562 2132 602 2168 in
621 2140 688 2168 tuo
704 2130 866 2180 collega,
885 2128 985 2166 mihi
1005 2128 1261 2166 constitutum
1282 2127 1415 2166 fuerit.
1439 2130 1575 2181 Itaque
1591 2129 1637 2166 ad
1654 2138 1691 2166 te
1711 2130 1839 2167 literas
1860 2130 1934 2167 sta-

563 2196 636 2233 tim
657 2195 764 2239 misi5
787 2208 855 2246 per
876 2207 984 2245 quas,
1003 2203 1046 2231 ut
1066 2192 1223 2231 fortuna
1242 2193 1473 2245 postulabat,
1491 2203 1528 2231 et
1548 2194 1687 2245 gratias
1709 2194 1783 2231 tibi
1803 2195 1879 2246 egi,
1897 2204 1936 2232 et

563 2260 609 2296 de
630 2260 781 2310 reliquo
802 2268 976 2309 tempore
997 2257 1189 2295 auxilium
1209 2258 1319 2309 petii.
1352 2258 1484 2296 Postea
1503 2257 1603 2296 mihi
1624 2271 1702 2295 non
1724 2267 1803 2295 tam
1824 2272 1935 2296 meo-

563 2338 652 2363 rum
671 2325 805 2367 literae‚
824 2336 942 2375 quam
961 2323 1152 2360 sermones
1174 2337 1322 2368 eorum,
1345 2325 1414 2376 qui
1434 2323 1506 2361 hac
1525 2324 1598 2361 iter
1618 2323 1827 2369 faciebant,
1849 2325 1934 2362 ani-

563 2402 675 2427 mum
696 2398 810 2426 tuum
830 2388 1084 2425 immutatum
1105 2387 1393 2438 significabant:
1417 2402 1502 2440 quae
1523 2402 1580 2426 res
1601 2387 1710 2433 fecit,
1729 2398 1772 2426 ut
1788 2388 1862 2426 tibi
1882 2389 1933 2426 li-

564 2454 653 2492 teris
674 2453 888 2505 obstrepere
909 2466 987 2490 non
1007 2452 1201 2491 auderem.
1234 2453 1356 2491 Nunc
1377 2452 1478 2492 mihi
1499 2454 1673 2505 Qintus
1694 2453 1810 2492 frater
1824 2466 1933 2492 meus
