2351 2997
565 310 640 347 292
913 302 1593 342 EPISTOLARUM

564 398 620 435 mi
651 399 783 444 Brute,
816 399 931 452 culpa
959 400 1091 437 futura
1119 401 1179 445 fit,
1211 401 1236 438 fi
1265 414 1336 451 ego
1368 401 1583 453 quidquam
1615 402 1790 441 tImeam.
1836 404 1936 442 Tuis

563 464 669 499 enim
690 464 845 515 opibus,
877 474 915 501 et
935 465 1137 502 consulatu
1159 474 1241 508 tue,
1273 465 1389 502 etiam
1412 466 1437 502 fi
1459 467 1589 504 timidi
1610 467 1785 512 eflemus,
1808 477 1937 505 tamen

562 541 720 564 omnem
743 529 925 566 timorem
945 529 1199 580 abjiceremus
1217 547 1228 573 3
1259 529 1470 581 praesertim
1496 545 1587 568 cum
1608 532 1826 583 persuasum
1848 547 1935 570 om-

562 592 678 629 nibus
700 592 803 637 effet,
834 593 1014 645 mihique
1034 595 1219 639 maxime,
1251 607 1271 631 a
1292 603 1329 631 te
1350 608 1419 632 nos
1441 596 1556 633 unice
1581 595 1708 649 diligi.
1755 598 1936 635 Confiliis

563 658 656 701 tuis,
688 672 772 710 quae
794 658 928 696 scribis
950 659 996 696 de
1017 670 1184 712 quatuor
1204 660 1441 711 legionibus,
1473 661 1597 713 deque
1617 663 1716 714 agris
1746 662 1935 714 affignan-

563 721 620 758 dis
651 722 697 758 ab
734 723 906 775 utrisque
940 724 1123 769 vestrum,
1154 723 1403 762 vehementer
1436 725 1627 764 ass‘entior.
1675 727 1809 778 Itaque
1844 740 1935 764 cum

561 786 721 837 quidam
755 787 801 825 de
836 788 996 840 collegis
1031 789 1167 827 nostris
1202 791 1388 841 agrariam
1419 791 1660 828 curationem
1695 791 1935 843 ligurrirent,

562 851 772 890 disturbavi
801 867 897 899 rem,
930 864 1129 906 totamque
1163 855 1273 892 vobis
1308 856 1499 906 integram
1529 856 1724 894 reservavi.
1771 857 1809 893 Si
1841 856 1937 908 quid

561 917 634 954 erit
663 918 872 963 occultius,
904 928 942 956 et
979 921 1041 970 (ut
1075 920 1228 969 scribis)
1262 920 1523 965 reconditum,
1556 935 1733 959 meorum
1764 921 1936 973 aliquem

561 983 731 1027 mittam,
763 998 841 1035 quo
876 984 1030 1022 fidelius
1060 985 1106 1023 ad
1137 994 1174 1023 te
1203 985 1322 1023 literae
1350 984 1606 1038 perferantur.
1649 986 1758 1025 Vale.
1806 987 1935 1025 Pridie

561 1047 695 1086 Nonas
717 1049 842 1099 Junii.

760 1249 823 1287 M.
857 1251 910 1289 T.
944 1251 991 1289 C.
1025 1251 1079 1289 D.
1112 1251 1324 1289 BRUTO
1366 1252 1495 1291 ΙΜΡ.
1538 1252 1575 1290 S.
1608 1252 1653 1290 P.
1686 1252 1740 1290 D.

559 1374 695 1414 XXII.
721 1375 787 1448 C
802 1378 840 1414 U
855 1377 903 1415 M
924 1379 1056 1430 Appio
1078 1378 1259 1423 Claudio,
1283 1379 1368 1416 Caii
1390 1379 1488 1423 filio,
1510 1379 1661 1416 summa
1679 1377 1781 1416 mihi
1801 1378 1932 1415 neces=

820 1442 944 1480 fitudo
965 1442 1031 1487 est,
1063 1443 1198 1480 multis
1226 1445 1308 1494 ejus
1329 1444 1468 1481 officiis
1489 1452 1526 1480 et
1547 1444 1643 1481 meis
1664 1443 1813 1481 mutuis
1835 1456 1931 1480 con-

557 1505 702 1544 stituta.
750 1508 846 1544 Peto
877 1521 898 1544 a
928 1516 965 1544 te
995 1508 1180 1559 majorem
1211 1509 1252 1545 in
1274 1508 1452 1553 modum,
1483 1509 1542 1545 vel
1565 1507 1818 1546 humanitatis
1841 1517 1930 1551 tuae,

557 1571 618 1607 vel
640 1585 725 1609 mea
745 1571 867 1616 causa,
901 1582 942 1610 ut
972 1587 1062 1610 eum
1090 1574 1316 1610 au&oritate
1345 1583 1422 1619 tua,
1455 1587 1540 1624 quae
1570 1574 1787 1625 plurimum
1815 1573 1929 1616 valet,

558 1636 825 1674 conservatum
852 1637 961 1674 velis.
1009 1638 1112 1674 Volo
1143 1647 1194 1682 te,
1225 1651 1318 1674 cum
1338 1637 1566 1674 fortiffimus
1588 1638 1646 1675 vir
1666 1639 1848 1689 cognitus
1870 1637 1930 1681 fis,

557 1701 673 1738 ctiam
696 1701 1039 1738 clementissimum
1060 1702 1284 1740 existimari.
1329 1703 1479 1754 Magno
1501 1702 1574 1739 tibi
1595 1702 1667 1740 erit
1689 1710 1931 1746 ornamento,

557 1764 841 1803 nobilissimum
872 1766 1154 1804 adolescentem
1185 1767 1376 1804 beneficio
1406 1776 1475 1805 tuo
1502 1767 1571 1805 effe
1600 1767 1760 1805 salvum.
1809 1768 1932 1818 Cujus

556 1830 715 1881 quiden]
747 1831 855 1868 causa
886 1831 962 1869 hoc
992 1832 1131 1870 melior
1163 1833 1276 1870 debet
1304 1833 1389 1877 effe,
1421 1833 1526 1885 quod
1558 1833 1700 1884 pietate
1729 1832 1930 1876 adduetus‚

554 1904 712 1946 propter
732 1897 850 1947 patris
868 1896 1168 1941 restitutionem,
1185 1897 1220 1934 se
1241 1911 1333 1934 cum
1349 1898 1526 1935 Antonio
1547 1898 1769 1949 conjunxit.
1801 1897 1931 1947 Qare

554 1960 620 1996 etsi
642 1960 771 1997 minus
795 1974 921 1998 veram
949 1961 1100 1998 causam
1133 1961 1310 2006 habebis,
1342 1971 1471 2000 tamen
1491 1962 1552 2000 vel
1580 1961 1824 2014 probabilem
1856 1961 1929 1998 ali-

554 2038 672 2076 quam
693 2027 836 2077 poteris
858 2026 1056 2065 inducere.
1103 2028 1237 2065 Nutus
1267 2036 1356 2065 tuus
1382 2028 1505 2080 potest
1525 2028 1744 2072 hominem,
1776 2027 1929 2064 summo

553 2091 641 2128 loco
669 2100 819 2136 natum,
851 2092 1004 2129 summo
1035 2093 1209 2144 ingenio,
1242 2093 1392 2131 summa
1422 2094 1581 2139 virtute,
1612 2091 1929 2130 officiofiffimum

551 2165 732 2206 praeterea
753 2166 790 2193 et
810 2157 1081 2208 grafiffimum,
1105 2158 1348 2196 incolumem
1369 2159 1409 2196 in
1431 2159 1586 2196 civitate
1608 2158 1784 2196 retinere.
1809 2157 1928 2208 Qod

552 2230 594 2257 ut
615 2220 746 2265 facias,
778 2222 832 2259 ita
859 2236 879 2259 a
909 2231 945 2260 te
971 2232 1076 2274 peto,
1108 2232 1151 2262 ut
1178 2225 1322 2276 majore
1352 2223 1491 2269 studio,
1523 2223 1691 2277 magisve
1711 2237 1758 2262 ex
1779 2223 1927 2267 animo,

551 2295 679 2337 petere
699 2300 776 2325 non
797 2287 949 2339 poffirn.
983 2288 1093 2326 Vale.
