2351 2997
593 289 669 326 114
961 278 1642 316 EPISTOLARUM

594 376 884 427 conjumstione,
907 375 1043 413 iisdem
1064 376 1198 413 studiis
1220 377 1274 414 ita
1293 376 1484 421 fruemur,
1508 386 1550 414 ut
1572 388 1773 427 nunquam
1794 389 1871 414 non
1894 391 1968 414 una

594 441 666 478 effe
685 441 898 479 videamur.
930 441 1041 478 Vale.
1512 441 1515 443 ’

633 639 682 676 L.
714 639 945 677 LUCCEIUS
987 640 1122 690 QF.
1154 639 1217 677 M.
1249 641 1302 678 T.
1336 641 1582 683 CxcERom,
1623 640 1686 677 M.
1721 630 1837 679 F.'S.
1873 642 1925 679 D.

596 765 710 804 XIV.
726 767 792 838 S
799 767 827 803 I
848 767 958 810 vales,
988 766 1071 805 bene
1089 767 1134 816 est
1150 782 1163 803 .·
1193 766 1294 804 valeo
1297 766 1398 816 ficut
1404 766 1499 817 soleo
1516 784 1526 810 3
1552 766 1697 818 paululo
1725 777 1843 806 tamen
1862 767 1969 806 etiam

811 831 978 876 deterius,
1009 847 1114 884 quam
1119 832 1214 881 soleo
1271 829 1321 870 ‘Te
1352 831 1523 885 requffivi
1534 832 1684 885 saepius,
1715 842 1757 870 ut
1781 833 1966 871 viderem:

593 895 716 934 Romae
741 897 825 948 quia
841 896 959 948 postea
986 912 1052 935 non
1065 897 1186 950 fusti,
1217 910 1321 949 quam
1338 896 1547 949 dfiff'mt’
1577 897 1729 936 miratus
1734 898 1821 949 stim
1837 917 1850 943 ς
1881 898 1973 951 quod

592 959 676 997 item
696 975 789 999 nunc
807 961 930 999 miror.
956 963 1042 1001 Non
1058 962 1164 1000 habeo
1183 970 1332 1006 certum,
1353 976 1432 1014 quae
1451 971 1486 1000 te
1504 976 1559 999 res
1579 961 1660 999 hinc
1677 963 1826 1001 maxime
1843 972 1967 1001 retra-

594 1024 676 1062 hat.
707 1025 750 1063 Si
749 1025 944 1079 solitudine
961 1027 1145 1071 delefft'are,
1164 1041 1242 1065 cum
1246 1026 1406 1078 scribas,
1426 1035 1461 1064 et
1480 1026 1617 1078 aliquid
1631 1041 1719 1078 agas
1735 1041 1866 1071 eorum,
1884 1041 1969 1080 quo-

592 1103 674 1128 rum
693 1091 865 1144 conflasti,
892 1092 1041 1143 gaudeo,
1072 1106 1179 1145 neque
1198 1091 1410 1144 reprehendo
1429 1100 1531 1130 tuum
1549 1093 1721 1142 corfilium
1737 1108 1751 1131 :
1782 1107 1864 1131 nam
1883 1092 1977 1131 nihil

591 1153 652 1203 sso
666 1156 778 1207 potest
796 1155 856 1208 ff’
863 1157 1071 1205 jucundius,
1092 1171 1160 1195 non
1177 1156 1272 1195 modo
1291 1156 1422 1209 miseris
1440 1156 1494 1195 his
1513 1157 1725 1210 temporibus
1745 1167 1780 1196 et
1797 1158 1970 1208 lubluofi's,

579 1218 653 1268 fid
667 1219 773 1258 etiam
793 1221 998 1273 tranquillis
1016 1231 1052 1260 et
1071 1221 1204 1274 optatis
1220 1239 1232 1265 3
1247 1221 1450 1273 praestrtim
1469 1221 1532 1260 vel
1545 1222 1660 1260 animo
1676 1221 1875 1274 defatigato
1894 1231 1968 1267 tuo,

595 1284 660 1335 qui
674 1298 768 1323 nunc
786 1286 975 1338 requietem
999 1296 1143 1339 quaerat
1170 1301 1214 1324 ex
1241 1285 1379 1338 magnis
1407 1286 1702 1338 occupationibus,
1733 1287 1796 1326 vel
1820 1287 1970 1332 erudito,

595 1349 660 1400 qui
661 1351 805 1402 stmper
829 1350 967 1403 aliquid
989 1367 1031 1390 ex
1045 1353 1091 1402 st’
1109 1361 1270 1404 promat,
1300 1350 1394 1404 quod
1415 1352 1500 1389 alios
1525 1351 1681 1396 deleblet,
1712 1352 1821 1405 ipsum
1850 1353 1969 1391 laudi-

594 1412 660 1451 bus
680 1414 842 1465 illustret⁴
889 1416 952 1454 Sin
982 1425 1114 1460 autem,
1130 1417 1231 1467 stcut
1250 1416 1307 1454 hic
1324 1415 1405 1454 dum
1425 1430 1518 1460 eros,
1547 1416 1711 1468 lacrymis
1740 1431 1784 1455 ac
1815 1417 1972 1469 trssitiae

595 1486 632 1516 te
650 1479 840 1531 tradidisti,
871 1480 974 1525 doleo,
1005 1482 1088 1533 quia
1107 1481 1195 1520 doles
1219 1491 1264 1521 et,
1282 1495 1441 1533 angere3
1471 1495 1532 1519 nec
1555 1481 1688 1534 poffum
1713 1490 1763 1526 te,
1779 1482 1822 1533 st
1849 1496 1970 1521 conce·

596 1542 648 1582 dis
679 1544 772 1596 quod
779 1545 957 1596 stntimus
980 1555 1025 1584 ut
1052 1547 1195 1585 liberius
1220 1546 1388 1591 dicamus,
1418 1561 1485 1584 non
1511 1549 1688 1600 accusare.
1730 1547 1831 1598 Qtid
1847 1548 1934 1586 enim
1951 1548 1971 1585 ἓ

596 1618 638 1647 tu
650 1610 749 1662 filus
773 1619 903 1663 aperta
928 1627 995 1650 non
1026 1613 1172 1657 videbis,
1203 1614 1268 1665 qui
1280 1620 1433 1665 propter
1463 1626 1610 1651 acumen
1638 1613 1858 1663 occultifflma
1882 1623 1972 1666 per-

584 1674 698 1725 spicis
714 1674 733 1712 ?
761 1684 805 1714 tu
823 1690 891 1714 non
910 1677 1096 1729 intelliges,
1117 1687 1152 1715 te
1171 1677 1319 1730 querelis
1338 1676 1549 1729 quotidianis
1566 1677 1660 1715 nihil
1668 1677 1840 1730 proficere
1856 1677 1876 1715 ?
1904 1693 1972 1717 non

596 1739 769 1792 intelliges
787 1740 966 1793 duplicari
974 1742 1244 1795 stallicitudines,
1275 1756 1362 1795 quas
1387 1742 1528 1780 elevare
1549 1752 1615 1780 tua
1635 1751 1671 1780 te
1680 1741 1877 1795 prudentia
1889 1745 1973 1796 pof-

596 1807 693 1843 tulat
712 1805 732 1842 ἓ)
761 1807 908 1857 QOdst
924 1821 991 1846 non
1005 1807 1178 1860 pofficmus
1195 1807 1333 1860 aliquid
1342 1807 1714 1860 prfficerefitadendo‚
1739 1808 1869 1860 gratia
1888 1823 1972 1847 con-

598 1870 783 1913 tendimus,
813 1880 848 1909 et
879 1872 1047 1923 rogando,
1062 1873 1105 1922 st
1133 1872 1219 1924 quid
1245 1872 1361 1923 nostra
1387 1873 1492 1924 causa
1517 1872 1588 1917 vis,
1619 1881 1660 1910 ut
1678 1871 1748 1924 ssis
1767 1882 1802 1910 te
1821 1872 1975 1924 molestiis

598 1936 708 1978 laxes,
739 1944 774 1972 et
803 1936 853 1973 ad
879 1937 1076 1976 convicium
1105 1937 1257 1989 nostrum
1287 1936 1421 1981 redeas,
1456 1945 1491 1974 et
1521 1936 1571 1975 ad
1595 1936 1887 1990 confitetudinem‚
1917 1939 1981 1976 vel

599 1999 752 2050 nostram
770 2015 992 2047 communem,
1023 2004 1086 2041 vel
1100 2003 1318 2052 tuamfilius
1337 2017 1379 2040 ac
1390 2002 1591 2055 propriam.
1625 2003 1736 2056 Cupio
1756 2018 1823 2042 non
1843 2003 1972 2042 obtun-

599 2065 680 2104 dere
707 2074 755 2110 te,
771 2066 814 2116 st
839 2081 906 2106 non
936 2067 1106 2107 delec‘lare
1134 2068 1244 2120 nostro
1249 2067 1369 2120 studio
1383 2084 1398 2106 .·
1427 2068 1527 2120 cupio
1546 2068 1739 2113 deterrere,
1770 2083 1812 2107 ne
1824 2077 1974 2121 perma-

601 2145 683 2168 neas
704 2130 739 2168 in
769 2130 904 2184 incepto
918 2148 931 2170 .·
962 2147 1039 2172 cum
1070 2133 1149 2173 duae
1178 2148 1235 2172 res
1261 2133 1335 2185 gstce
1363 2134 1559 2172 contraria»
1584 2148 1636 2172 me
1663 2133 1902 2178 conturbent3
1933 2148 1976 2172 ex

597 2195 725 2247 ,quibus
744 2206 809 2233 aut
828 2197 864 2234 in
882 2198 1000 2237 altera
1019 2199 1108 2238 mihi
1124 2199 1242 2242 velim,
1258 2198 1300 2249 st
1310 2207 1424 2251 potes,
1455 2197 1678 2251 obtemperes,
1708 2207 1774 2237 aut
1802 2199 1838 2237 in
1857 2199 1975 2237 altera

602 2274 669 2298 non
689 2260 855 2311 offendas.
888 2263 987 2301 Vale,
