2351 2997
552 276 625 314 180
892 275 1571 313 EPISTOLARUM

545 375 682 425 ere,
714 373 835 411 Cicero
855 373 914 416 mi,
940 375 1134 425 peistvera
1159 387 1219 410 con
1249 382 1356 411 (mter
1375 388 1435 411 πω
1454 388 1514 411 con
1531 387 1662 412 ervare
1678 390 1689 417 ς
1721 381 1756 411 et
1777 374 1926 426 Sulpicii

531 438 722 490 stzccqſjbri
748 453 806 476 nos
835 438 876 476 de
893 439 1028 476 meliore
1047 447 1131 475 nota
1150 438 1344 475 commenda
1360 455 1371 481 ;
1403 453 1466 490 quo
1471 438 1625 489 fhcilius
1645 439 1716 476 tuis
1726 441 1918 492 praeceptis

545 504 783 555 obtemperare
796 502 969 554 poffi'mm‚
1000 511 1100 554 teque
1128 501 1179 539 ad
1202 516 1269 539 ver
1292 502 1447 540 lubentes
1466 502 1600 548 videre,
1630 512 1664 541 et
1690 503 1806 554 nqstra
1834 505 1918 555 rqfi-

539 583 626 619 gere
645 568 898 619 deportareque
916 576 1008 611 tuto,
1033 567 1206 619 pffmus.
1240 567 1319 612 Sed,
1348 568 1455 606 amice
1474 582 1610 620 magne,
1632 568 1704 606 noli
1719 569 1810 607 hanc
1829 570 1918 621 epff-

544 634 650 671 lolam
671 632 798 670 Attico
818 632 986 684 ostendere
1000 634 1101 681 :sine
1118 647 1193 671 eum
1212 647 1350 676 errare,
1371 642 1406 671 et
1420 641 1568 685 putare,
1589 647 1641 671 me
1656 633 1777 671 virum
1796 633 1920 672 bonum

544 697 616 748 (ffb,
638 711 698 734 nec
707 697 822 750 filere
841 697 905 735 duo
919 698 1077 750 parietes
1097 697 1137 735 de
1158 697 1273 736 eadem
1279 698 1406 750 fidelia
1426 698 1601 736 dealbare.
1633 699 1748 750 Ergo,
1763 706 1919 749 patrone

543 762 603 805 mi,
635 761 716 799 bene
748 762 841 806 vale,
875 761 1102 815 Tironemque
1133 777 1241 802 meum
1245 764 1374 816 stillata
1393 763 1515 815 nostris
1534 761 1666 802 verbis.
1697 763 1797 801 Dat.
1819 777 1854 801 a.
1877 763 1912 801 d.

544 845 587 866 w.
610 827 681 865 kal.
705 827 879 866 Novemb.

908 1031 1149 1068 CICERO
1187 1030 1388 1067 CUR10
1430 1029 1467 1067 S.
1500 1029 1554 1066 D.

545 1157 676 1194 XXX.
711 1157 775 1228 E
794 1159 832 1195 G
852 1159 887 1195 O
918 1170 1008 1195 vero
1023 1159 1105 1209 jam
1127 1164 1164 1193 te
1185 1170 1255 1194 nec
1276 1156 1425 1201 hortor,
1457 1169 1527 1194 nec
1549 1169 1657 1207 rogo,
1689 1164 1733 1194 ut
1753 1156 1922 1195 domum

806 1223 962 1266 redeas;
995 1223 1092 1274 quin
1126 1220 1221 1259 hinc
1256 1222 1335 1274 ipse
1368 1221 1517 1259 evolare
1551 1222 1682 1274 cupio,
1713 1231 1752 1259 et
1785 1223 1922 1275 aliquo

542 1288 757 1339 pervenire,
789 1287 852 1326 ubi
868 1301 928 1326 nec
948 1287 1198 1339 Pelopidarum
1218 1301 1352 1331 nomen,
1374 1288 1566 1337 necsmfla,
1596 1286 1750 1325 audiam.
1783 1289 1916 1325 Incre-

544 1352 665 1390 dibile
685 1353 752 1397 est,
780 1367 897 1404 quam
920 1353 1085 1404 turpiter
1106 1351 1206 1389 mihi
1228 1351 1351 1390 facere
1372 1352 1514 1394 videar,
1546 1353 1615 1403 qui
1636 1352 1696 1389 his
1719 1352 1831 1390 rebus
1853 1354 1917 1390 in·

544 1418 686 1456 terfim.
734 1419 806 1456 Nae
838 1427 878 1456 tu
901 1418 1039 1454 videris
1062 1417 1190 1454 multo
1210 1426 1297 1454 ante
1318 1416 1522 1469 providifi'e
1543 1417 1638 1468 quid
1659 1417 1914 1469 impenderet,

542 1492 627 1520 tum
649 1497 741 1521 cum
762 1483 856 1521 hinc
876 1482 1097 1535 profugisti.
1145 1484 1382 1534 Qanquam
1396 1482 1514 1520 ‘enim
1540 1481 1622 1520 haec
1643 1483 1760 1520 etiam
1781 1482 1917 1520 auditu

542 1548 676 1585 acerba
703 1548 805 1593 sunt,
838 1557 966 1585 tamen
999 1548 1130 1584 audire
1163 1548 1402 1585 tolerabilius
1434 1547 1501 1591 est,
1533 1561 1649 1598 quam
1681 1547 1822 1585 videre.
1870 1549 1915 1585 In

542 1626 681 1664 campo
702 1622 804 1650 certe
826 1626 902 1650 non
924 1611 1046 1657 fuisti,
1078 1625 1169 1649 cum
1191 1611 1285 1649 hora
1305 1612 1482 1656 secunda,
1514 1612 1685 1649 comitiis
1706 1611 1915 1663 quaestoriis

543 1677 743 1721 institutis,
777 1677 865 1715 sella
887 1677 1149 1728 QMaximi,
1181 1690 1299 1728 quem
1326 1676 1386 1713 illi
1407 1676 1605 1713 consulem
1627 1676 1698 1713 effe
1719 1676 1914 1720 dicebant,

542 1742 661 1793 pofita
681 1742 788 1779 efl'et:
813 1756 892 1794 quo
913 1751 1069 1778 mortuo
1092 1741 1285 1785 nuntiato,
1303 1741 1393 1778 sella
1413 1741 1560 1778 sublata
1580 1741 1645 1779 est.
1678 1741 1749 1778 Ille
1769 1750 1912 1784 autem,

542 1807 609 1858 qui
631 1807 802 1844 comitiis
826 1807 983 1843 tributis
1004 1806 1092 1853 effet
1113 1805 1344 1857 auspicatus,
1376 1806 1589 1843 centuriata
1608 1806 1769 1843 habuit:
1804 1807 1913 1843 Con-

542 1871 663 1908 sulem
684 1870 777 1908 hora
799 1871 960 1922 septima
982 1871 1232 1914 renuntiavit,
1264 1871 1332 1921 qui
1360 1870 1479 1921 usque
1507 1870 1552 1906 ad
1582 1870 1660 1907 kal.
1684 1871 1771 1920 jan.
1795 1870 1910 1914 effet5

540 1951 624 1987 quoe
641 1945 746 1972 erant
762 1935 902 1972 futurae
920 1949 1030 1972 mane
1048 1935 1242 1986 postridie.
1267 1936 1338 1978 Ita,
1359 1935 1527 1971 Caninio
1544 1934 1714 1978 consule,
1731 1934 1826 1971 scito
1843 1949 1913 1971 ne-

541 2002 688 2038 minem
710 2001 921 2052 prandisse:
946 2000 1045 2036 nihil
1069 2009 1196 2036 tamen
1219 2013 1263 2036 eo
1284 1999 1439 2036 consule
1461 2000 1553 2036 mali
1574 1998 1720 2036 faustum
1742 1999 1812 2036 est:
1837 1999 1914 2037 fuit

540 2066 646 2102 enim
678 2065 844 2102 mirifica
876 2065 1090 2116 vigilantia,
1122 2066 1188 2115 qui
1218 2065 1284 2102 suo
1306 2074 1388 2102 toto
1410 2064 1610 2102 consulatu
1633 2064 1814 2101 somnum
1836 2078 1914 2101 non

539 2130 692 2167 viderit.
741 2130 837 2166 Haec
865 2129 937 2166 tibi
966 2129 1131 2166 ridicula
1155 2129 1362 2166 videntur:
1396 2142 1474 2166 non
1501 2130 1607 2165 enim
1635 2128 1749 2165 ades:
1782 2142 1866 2180 quae
1888 2129 1914 2166 s1

540 2194 701 2236 videres,
734 2193 920 2243 lacrymas
943 2207 1019 2230 non
1043 2203 1202 2231 teneres,
1250 2192 1358 2243 Qid
1387 2193 1411 2230 fi
1439 2202 1573 2230 caetera
1600 2192 1793 2230 scribam?
1827 2193 1914 2230 sunt

539 2260 645 2297 enim
681 2258 979 2295 innumerabilia
1010 2260 1159 2309 generis
1191 2259 1390 2309 ejusdem:
1423 2272 1507 2310 quae
1538 2258 1699 2310 quidem
1732 2272 1802 2309 ego
1834 2273 1917 2296 non

540 2324 694 2368 ferrem,
719 2324 786 2360 nisi
809 2337 871 2360 me
892 2323 931 2360 in
954 2323 1210 2375 philosophiae
1231 2333 1388 2374 portum
1410 2323 1670 2367 contulissem,
1692 2332 1729 2360 et
1751 2323 1819 2360 nisi
1842 2323 1911 2361 ha-

540 2390 669 2426 berem
687 2388 834 2425 socium
853 2387 1066 2425 studiorum
1083 2401 1261 2425 meorum
1278 2389 1460 2425 Atticum
1477 2388 1668 2425 nostrum:
1693 2389 1803 2439 cujus
1821 2401 1914 2425 cum

539 2454 741 2506 proprium
763 2462 799 2490 te
819 2452 890 2490 effe
911 2452 1044 2489 scribis
1065 2452 1262 2504 mancipio
1282 2461 1320 2490 et
1341 2466 1457 2497 nexu,
1480 2466 1613 2490 meum
1634 2461 1763 2490 autem
1785 2453 1853 2490 usu
1873 2461 1912 2490 et

539 2521 694 2563 {ruditu
727 2527 935 2557 contentus
967 2517 1037 2555 isto
1069 2518 1181 2556 sum:
1214 2517 1253 2556 id
1281 2519 1387 2556 enim
1411 2518 1464 2556 est
1484 2517 1671 2571 cujusque
1691 2519 1912 2570 proprium5>
