2351 2997
658 277 750 315 AD
810 274 1466 314 FAMILIARESLIB.
1519 278 1592 315 IX.
1745 291 1820 317 ειν

1798 314 1810 331 l

439 376 521 419 filo,
552 374 772 427 cujusmodi
807 374 923 425 ipsius
960 372 1083 410 solent
1114 373 1185 411 effe
1218 387 1390 412 munera.
1438 376 1505 412 Tu
1537 375 1656 412 velim
1688 377 1820 413 animo

436 440 597 492 sapienti
619 439 792 491 fortique
813 439 857 477 fis
876 457 887 483 ;
921 447 963 476 ut
985 446 1050 476 tua
1071 438 1286 476 moderatio
1307 449 1345 477 et
1371 440 1536 491 gravitas
1565 441 1732 478 aliorum
1754 442 1816 478 in·-

435 505 556 543 famet
577 505 778 557 injuriam.
813 505 921 542 Vale.

738 707 981 744 CicERo
1025 705 1513 742 DOLAssELL1733.

437 833 552 870 XIII.
579 832 644 904 C
658 834 691 869 A
709 834 725 870 Ι
741 835 777 870 U
794 835 814 870 S
848 833 1058 871 Suberinus
1078 832 1261 876 Calenus,
1280 842 1317 869 et
1338 846 1447 870 meus
1469 832 1521 869 cst
1541 831 1759 875 familiaris,
1778 843 1815 869 et

678 899 811 950 Leptae
844 898 961 936 nostri
994 898 1280 935 familiai-inimi
1303 897 1613 949 perneceflhrius.
1662 898 1697 934 Is
1723 911 1815 935 cum

435 963 582 1002 vitandi
600 963 693 1001 belli
711 964 819 1001 causa
835 963 1029 1016 prosperus
1048 963 1135 1001 effet
1158 964 1197 999 in
1215 963 1446 1014 Hispaniam
1463 977 1555 1000 cum
1574 963 1816 1000 M.Varr0ne

436 1039 523 1066 ante
545 1029 709 1072 bellum,
741 1037 784 1066 ut
817 1031 856 1065 in
884 1042 925 1066 ea
955 1028 1155 1080 provincia
1181 1027 1284 1071 ess‘et,
1317 1028 1356 1064 in
1385 1041 1461 1079 qua
1487 1041 1603 1064 nemo
1624 1027 1814 1072 nostrum,

435 1094 518 1146 post
539 1093 750 1131 Afranium
770 1093 1006 1146 superatum,
1039 1093 1189 1131 bellum
1211 1092 1341 1130 ullum
1360 1092 1444 1130 fore
1464 1102 1641 1145 putarat3
1675 1092 1816 1130 incidit

436 1161 475 1197 in
505 1173 548 1197 ea
579 1159 658 1211 ipsa
684 1159 798 1204 mala,
830 1173 914 1211 quae
946 1159 1099 1196 summo
1129 1158 1254 1195 studio
1284 1158 1482 1196 vitaverat.
1531 1148 1741 1209 Oppreffus
1762 1157 1816 1195 est

434 1225 541 1262 enim
562 1224 666 1262 bello
687 1225 914 1276 repentino:
938 1223 1045 1276 quod
1066 1223 1231 1267 bellum,
1254 1232 1502 1261 commotum
1522 1237 1543 1260 a
1563 1223 1739 1275 Scapula,
1762 1223 1816 1260 ita

433 1290 562 1342 postea
580 1290 858 1327 confirmatum
878 1289 930 1327 est
950 1303 971 1326 a
991 1279 1201 1341 Pompeioj
1227 1297 1270 1326 ut
1300 1288 1408 1326 nulla
1434 1290 1581 1326 ratione
1609 1288 1644 1326 se
1670 1289 1717 1326 ab
1747 1288 1815 1326 illa

434 1355 585 1393 miseria
604 1355 749 1407 eripere
770 1355 903 1406 posset.
937 1354 1085 1392 Eadem
1101 1353 1210 1391 causa
1230 1353 1309 1391 fere
1325 1353 1377 1391 est
1399 1354 1462 1392 M.
1480 1354 1607 1391 Planii
1629 1353 1812 1398 Heredis,

434 1421 504 1472 qui
524 1420 576 1458 est
595 1420 692 1457 item
714 1418 898 1464 Calenus,
926 1420 1059 1471 Leptae
1081 1418 1198 1456 nostri
1218 1417 1552 1456 familiariffimus.
1584 1418 1715 1456 Hosce
1735 1418 1814 1470 igi-

435 1494 498 1523 tur
518 1485 633 1523 ambo
660 1485 733 1522 tibi
763 1484 813 1522 fic
840 1483 1091 1528 commendo,
1125 1492 1167 1521 ut
1189 1484 1333 1534 majore
1354 1497 1458 1528 cura,
1490 1483 1630 1528 studio,
1662 1483 1811 1521 sollici-

434 1550 569 1588 tudine
589 1550 725 1593 animi,
757 1549 1031 1587 commendare
1061 1563 1139 1586 non
1170 1548 1323 1600 poffim.
1356 1548 1460 1585 Volo
1481 1548 1652 1600 ipsorum
1674 1548 1810 1593 causa;

434 1629 575 1666 meque
609 1615 648 1652 in
683 1628 727 1652 eo
765 1614 1015 1652 vehementer
1049 1623 1086 1651 et
1120 1614 1294 1651 amicitia
1331 1623 1463 1651 movet
1497 1622 1535 1650 et
1574 1612 1811 1650 humanitas.

435 1681 560 1731 Lepta
580 1692 668 1716 vero
690 1692 781 1715 cum
802 1679 854 1716 ita
874 1679 1036 1722 laboret,
1069 1687 1112 1716 ut
1133 1680 1215 1730 ejus
1243 1678 1410 1715 fortunae
1431 1678 1634 1715 videantur
1663 1678 1703 1715 in
1733 1677 1812 1715 dis-

435 1745 582 1782 crimen
605 1745 762 1788 venire3
794 1757 870 1781 non
902 1744 1052 1795 poffum
1080 1757 1166 1795 ego,
1199 1757 1276 1780 non
1298 1754 1363 1780 aut
1392 1744 1572 1795 proxime
1591 1753 1708 1795 atque
1728 1744 1810 1788 ille,

434 1819 499 1847 aut
520 1810 637 1847 etiam
658 1822 779 1860 aeque,
802 1809 988 1847 laborare.
1021 1810 1284 1860 Qapropter,
1306 1809 1372 1846 etfi
1393 1808 1487 1860 saepe
1506 1818 1689 1860 expertus
1710 1808 1812 1854 sum,

433 1884 626 1925 quantum
647 1887 711 1911 me
730 1887 890 1919 amares,
909 1882 1039 1911 tamen
1060 1874 1111 1911 fic
1130 1874 1250 1912 velim
1271 1874 1347 1911 tibi
1366 1874 1603 1926 persuadeas,
1626 1873 1666 1911 id
1686 1887 1749 1912 me
1770 1874 1812 1912 in

434 1938 506 1994 hqac
527 1951 566 1976 re
586 1938 757 1976 maxime
771 1938 1057 1991 judicaturum.
1104 1939 1201 1976 Peto
1225 1938 1348 1990 igitur
1367 1952 1387 1975 a
1407 1947 1459 1983 te,
1491 1939 1566 1983 vel,
1598 1939 1624 1976 fi
1653 1938 1810 1991 pateris,

433 2018 515 2049 oro,
544 2013 588 2042 ut
609 2003 788 2042 homines
809 1994 983 2048 miseros,
1005 2013 1043 2041 et
1064 2003 1235 2048 fortuna,
1258 2017 1376 2055 quam
1396 2004 1515 2042 vitare
1536 2017 1652 2042 nemo
1672 2005 1811 2057 potest,

433 2070 572 2122 magis,
604 2083 723 2121 quam
756 2070 887 2121 culpa,
918 2069 1176 2115 calamitosos,
1217 2069 1415 2107 conserves
1450 2069 1669 2108 incolumes
1690 2089 1702 2116 ;
1744 2084 1812 2109 ve-

433 2135 557 2187 lisque
588 2148 656 2186 per
684 2143 736 2179 te,
768 2147 830 2171 me
860 2133 937 2172 hoc
968 2135 1141 2172 muneris
1172 2148 1265 2172 cum
1291 2134 1378 2186 ipsis
1407 2135 1543 2173 amicis
1563 2134 1811 2181 hominibus,

433 2211 520 2239 tum
540 2200 760 2252 municipio
782 2200 943 2245 Caleno,
975 2214 1173 2252 quo-cum
1203 2200 1304 2238 mihi
1326 2215 1466 2253 magna
1486 2201 1722 2240 neceffitudo
1743 2202 1810 2248 est,

434 2276 521 2303 tum
553 2265 701 2317 Leptae,
733 2277 850 2316 quem
880 2265 1065 2303 omnibus
1097 2274 1306 2317 antepono,
1338 2266 1440 2304 dare.
1487 2266 1607 2317 Qod
1637 2267 1811 2305 dicturus

434 2330 534 2375 sum,
566 2340 662 2382 puto
682 2330 865 2381 equidem
887 2343 964 2368 non
985 2331 1094 2369 valde
1115 2332 1160 2368 ad
1182 2345 1264 2369 rem
1284 2332 1491 2384 pertinere,
1514 2332 1576 2369 sed
1598 2340 1726 2370 tamen
1748 2333 1810 2370 ni-

433 2396 491 2433 hil
516 2395 623 2433 obest
651 2394 791 2433 dicere.
838 2396 915 2433 Res
944 2395 1148 2435 familiaris
1169 2396 1278 2435 alteri
1299 2410 1435 2434 eorum
1456 2397 1565 2435 valde
1585 2398 1724 2449 exigna
1743 2397 1810 2442 est,

434 2461 543 2498 alteri
560 2460 625 2498 vix
641 2459 840 2512 equestris.
874 2461 1122 2514 Qapropter
1142 2475 1235 2499 cum
1255 2461 1317 2500 his
1340 2462 1464 2500 Caesar
1483 2462 1602 2500 vitam
1626 2463 1689 2499 sua
1709 2462 1810 2499 libe-

433 2527 583 2564 ralitate
613 2524 810 2570 conceffit‚
843 2539 912 2564 nec
941 2526 995 2564 est
1026 2526 1132 2580 quod
1162 2527 1209 2566 iis
1239 2536 1420 2580 praeterea
1446 2540 1679 2580 magnopere
1701 2526 1810 2578 poffit

517 2592 655 2630 ToM.
688 2591 783 2629 VII.
1431 2593 1465 2630 E
1495 2606 1515 2629 e
