2351 2997
1171 281 1371 334 [96]

817 532 1720 582 EPISTOLARUM

651 750 822 807 AD
950 751 1887 810 FAMILIARES

1062 971 1338 1008 LIBER
1423 971 1474 1008 V.

612 1163 966 1215 QMETELLUS,
999 1163 1122 1214 QF.
1148 1164 1319 1209 CELER,
1353 1165 1542 1203 Pnocos.
1573 1165 1638 1204 M.
1657 1167 1709 1204 Τ.
1735 1167 1783 1205 C.
1807 1167 1844 1205 S.
1869 1168 1922 1205 D.

583 1290 615 1327 I.
722 1292 749 1328 I
772 1291 883 1334 vales,
914 1290 996 1328 bene
1025 1290 1083 1340 «ss.
1132 1290 1388 1342 Exg'stimaram
1399 1301 1470 1344 pro
1489 1302 1608 1332 mutuo
1627 1293 1724 1332 inter
1746 1307 1807 1332 nos
1825 1293 1952 1339 animo,

621 1288 713 1400 S
720 1364 755 1393 et
778 1365 848 1407 pro
867 1356 1092 1394 reconciliata
1107 1356 1250 1408 gratia,
1281 1372 1388 1410 neque
1407 1373 1458 1396 me
1477 1359 1649 1411 abst’ntem
1669 1359 1818 1398 ludibrio
1835 1359 1960 1411 laefian

577 1419 638 1463 iri,
669 1434 730 1459 nec
761 1421 946 1458 Metellum
961 1421 1131 1472 fratrem
1162 1421 1202 1459 ob
1230 1421 1360 1461 dz'ffz‘um
1380 1423 1496 1476 capite
1514 1424 1730 1474 acfhrtunis
1744 1433 1814 1476 per
1833 1433 1868 1462 te
1887 1434 1950 1477 op-

570 1493 774 1538 pugnatum
805 1487 857 1524 iri
869 1502 882 1524 .·
913 1501 1010 1539 quem
1014 1487 1058 1537 st
1066 1495 1201 1539 parum
1213 1488 1330 1540 pudor
1349 1489 1452 1540 zpstus
1470 1488 1689 1541 defirzdeban
1719 1489 1863 1528 debebat
1893 1491 1957 1528 vel

562 1550 724 1601 fizmiliae
752 1551 877 1603 nqstrae
905 1551 1076 1604 dignitas,
1106 1552 1170 1590 vel
1194 1566 1304 1590 meum
1308 1553 1467 1605 studium
1486 1568 1574 1606 erga
1593 1568 1656 1592 vos
1675 1568 1815 1607 remque
1827 1554 1951 1608 publi-

576 1616 984 1668 ca771‚fhtisfhblevare.
1015 1619 1128 1656 Nunc
1146 1617 1244 1656 video
1263 1618 1360 1656 illum
1378 1619 1672 1664 circumventum,
1693 1634 1745 1658 me
1764 1620 1949 1672 destrtum‚

575 1695 599 1718 α
619 1681 742 1733 quibus
761 1682 898 1719 mhzime
922 1681 1163 1720 conveniebat.
1205 1683 1334 1735 Itaque
1362 1683 1399 1722 in
1424 1684 1522 1722 luc‘t‘u
1546 1693 1581 1722 et
1586 1685 1756 1737 squalore
1759 1686 1860 1736 sitm,
1890 1686 1955 1739 qui

569 1745 783 1797 provinciae,
813 1747 877 1799 qui
892 1747 1075 1791 exercitui,
1100 1747 1269 1800 praefitm‚
1300 1747 1362 1800 qui
1377 1747 1501 1787 bellum
1523 1763 1623 1800 gero.
1668 1751 1760 1801 Qtae
1789 1751 1950 1802 quoniam

575 1824 636 1848 nec
655 1811 805 1855 ratione,
836 1825 898 1850 nec
917 1812 1086 1865 majorum
1105 1811 1257 1863 nqstrum
1276 1812 1471 1857 clementia,
1495 1813 1770 1865 adminssrqstis,
1791 1829 1858 1853 non
1878 1815 1950 1854 erit

574 1875 786 1920 mirandum,
802 1877 844 1926 fi
859 1891 922 1914 vos
934 1876 1134 1928 paenitebit.
1168 1874 1217 1915 Te
1237 1886 1311 1915 tam
1331 1877 1449 1916 mobili
1463 1878 1500 1916 in
1518 1893 1570 1917 me
1588 1879 1737 1931 meqsque
1756 1878 1817 1931 ff’
1835 1880 1948 1919 animo

574 1954 642 1978 non
648 1941 855 1993 sperabam.
887 1944 954 1980 Me
973 1942 1110 1980 interea
1128 1955 1190 1979 nec
1209 1941 1403 1993 domesticus
1421 1943 1529 1988 dolor,
1551 1956 1613 1982 nec
1631 1943 1831 1996 cagjzffquavn
1851 1945 1948 1996 itgju-

574 2005 646 2050 ria,
676 2021 699 2044 a
719 2006 897 2059 republica
917 2006 1079 2046 abducet.
1116 2007 1214 2046 Vale.

575 2207 639 2245 M.
656 2209 708 2246 T.
728 2208 790 2246 M.
815 2209 862 2246 F.
882 2209 930 2246 C.
951 2208 1256 2259 QMETELLO
1280 2210 1400 2260 QF.
1420 2209 1595 2247 CELERI
1619 2210 1809 2248 Pnocos.
1834 2211 1871 2249 S.
1888 2211 1942 2250 D.

574 2336 629 2374 II.
656 2334 738 2404 SI
769 2344 811 2373 tu
839 2336 1107 2389 exercitusque
1135 2336 1285 2382 valetis,
1319 2336 1415 2374 bene
1441 2336 1508 2375 est.
1550 2337 1693 2375 Scribis
1723 2338 1770 2375 ad
1799 2352 1875 2383 me,
1908 2347 1945 2376 te

739 2401 979 2447 existimasse,
1003 2410 1073 2454 pro
1092 2410 1211 2439 mutuo
1232 2402 1328 2440 inter
1347 2416 1406 2440 nos
1424 2401 1552 2446 animo,
1581 2411 1616 2440 et
1629 2411 1699 2455 pro
1718 2403 1944 2442 reconcilzhta

568 2465 712 2519 gratia,
742 2481 922 2520 nunquam
941 2476 976 2506 te
995 2481 1018 2505 a
1037 2481 1089 2505 me
1105 2466 1254 2506 ludibrio
1273 2468 1389 2520 laesttm
1408 2467 1469 2506 iri.
1502 2468 1622 2520 Qod
1642 2470 1703 2521 cuj
1710 2469 1860 2507 usmodi
1881 2469 1940 2512 fit,

574 2531 661 2569 satis
695 2531 915 2585 intelllgere
948 2545 1027 2571 non
1060 2531 1238 2585 poffum:
1271 2532 1334 2571 sed
1365 2542 1495 2572 tamen
1526 2533 1696 2586 suspicor
1727 2533 1773 2571 ad
1805 2541 1842 2571 te
1872 2532 1943 2571 effe
