2351 2997
594 281 672 333 384
935 278 1614 318 EPISTOLARUM

591 393 718 419 meam
739 380 926 417 memoria
947 389 1072 416 teneas
1091 398 1101 423 ;
1135 387 1262 416 tamen
1284 377 1400 415 etiam
1428 387 1542 430 atque
1567 378 1683 415 etiam
1705 378 1871 416 eundem
1893 378 1967 416 tibi

593 446 642 482 L.
677 445 870 496 Oppium,
905 443 1137 480 familiarem
1173 456 1321 486 meum,
1357 442 1597 494 praesentem,
1633 451 1671 479 et
1706 443 1754 480 L.
1789 443 1964 495 Egnatii,

591 508 876 547 familiariffirni
901 508 992 551 mei,
1024 506 1189 543 absentis
1211 507 1379 557 negotia,
1411 506 1660 545 commendo,
1706 509 1834 545 Tanta
1865 507 1967 545 mihi

592 587 683 612 cum
705 586 749 610 eo
770 571 1004 609 necessitudo
1025 571 1077 608 est
1097 571 1429 622 familiaritasque,
1452 580 1509 615 ut,
1533 571 1558 608 s1
1580 585 1664 608 mea
1683 585 1740 609 res
1761 572 1864 617 esset,
1888 586 1967 610 non

592 639 715 689 magis
737 636 965 674 laborarem.
999 637 1247 688 Qapropter
1264 636 1522 689 gratiffimum
1543 634 1643 673 mihi
1664 634 1816 680 feceris,
1848 637 1873 674 s1
1894 651 1965 674 cu-

592 704 698 746 raris,
731 711 774 739 ut
807 702 838 739 is
873 701 1068 752 intelligat
1102 715 1164 738 me
1194 714 1215 737 a
1246 710 1283 738 te
1316 710 1469 739 tantum
1500 702 1633 746 amari,
1665 710 1858 753 quantum
1888 701 1968 754 ipse

591 767 783 806 existimo.
830 767 921 804 Hoc
949 766 1048 805 mihi
1076 767 1222 818 gratius
1250 765 1373 805 facere
1404 766 1504 804 nihil
1534 776 1644 819 potes
1657 758 1673 812 ’ς
1706 767 1824 819 idque
1844 775 1887 805 ut
1907 765 1966 805 fa=

592 834 683 878 cias,
716 842 752 870 te
772 830 1022 871 vehementer
1043 845 1151 883 rogo,
1184 831 1293 869 Vale.

686 1032 748 1070 M.
782 1033 835 1070 T.
869 1032 916 1069 C.
949 1031 1235 1069 T.T1T1o
1275 1030 1704 1068 T.F.L1-:GAT0
1747 1031 1783 1069 S.
1815 1031 1871 1068 D.

594 1161 761 1200 LXXV.
788 1160 970 1231 ETSI
1001 1172 1078 1196 non
1101 1158 1253 1203 dubito,
1277 1159 1372 1210 quin
1394 1158 1495 1210 apud
1518 1168 1554 1196 te
1574 1173 1658 1197 mea
1678 1156 1967 1197 commendatio

882 1226 1008 1277 prima
1029 1224 1115 1262 satis
1137 1224 1272 1269 valeat,
1304 1232 1433 1261 tamen
1455 1223 1646 1276 obsequor
1666 1224 1820 1262 homini
1848 1222 1967 1260 fami-

593 1292 803 1336 liariflimo,
837 1292 885 1329 C.
910 1292 1060 1328 Aviano
1091 1289 1260 1334 Flzicco;
1293 1289 1404 1340 cujus
1435 1289 1545 1326 causa
1570 1290 1703 1327 omnia
1722 1303 1813 1327 cum
1835 1288 1967 1339 cupio,

595 1368 679 1395 tum
700 1356 923 1394 mehercule
949 1356 1067 1393 etiarn
1094 1355 1230 1392 debeo.
1277 1355 1338 1391 De
1370 1368 1448 1405 quo
1479 1363 1516 1391 et
1549 1355 1710 1406 praesens
1744 1364 1875 1392 tecum
1906 1353 1969 1403 egi

592 1424 814 1474 diligenter,
854 1435 945 1459 curn
978 1431 1021 1458 tu
1048 1420 1149 1458 mihi
1180 1419 1452 1457 humanissime
1487 1419 1727 1470 respondisti,
1767 1428 1805 1456 et
1840 1418 1968 1470 scripsi

593 1488 639 1525 ad
662 1498 697 1526 te
718 1495 893 1525 accurate
913 1495 1048 1523 antea:
1081 1484 1143 1522 sed
1168 1492 1279 1535 putat
1306 1483 1479 1521 intereffe
1500 1483 1577 1527 sua,
1609 1498 1671 1521 me
1703 1484 1749 1520 ad
1782 1493 1818 1520 te
1850 1495 1969 1534 quam

594 1552 790 1604 saepiffime
810 1551 986 1589 scribere.
1028 1550 1158 1600 Qare
1178 1549 1297 1587 velim
1318 1547 1417 1585 mihi
1439 1548 1628 1599 ignoscas,
1651 1549 1675 1586 fi
1699 1548 1804 1585 illius
1826 1548 1968 1584 volun-

593 1619 662 1656 tati
685 1618 971 1668 obtemperans,
1004 1615 1133 1652 minus
1154 1613 1314 1651 videbor
1334 1613 1549 1650 meminisse
1568 1613 1789 1650 constantiae
1811 1622 1899 1650 tuae.
1932 1613 1969 1649 A

592 1692 630 1721 te
652 1683 756 1720 idem
776 1680 875 1719 illud
896 1690 999 1732 peto,
1030 1688 1073 1716 ut
1094 1678 1139 1715 de
1160 1678 1263 1722 loco,
1286 1691 1364 1729 quo
1385 1677 1561 1729 deportet
1580 1676 1842 1721 frumentum,
1864 1685 1901 1713 et
1922 1675 1969 1714 de

592 1758 782 1800 tempore,
814 1746 966 1782 Aviano
987 1742 1240 1788 commodes;
1273 1756 1442 1794 quorum
1470 1751 1682 1795 utrumque
1710 1756 1777 1794 per
1800 1741 1968 1779 eundem

592 1832 655 1856 me
683 1816 857 1854 obtinuit
884 1815 1113 1858 triennium,
1145 1813 1240 1851 dum
1274 1813 1484 1865 Pompeius
1517 1813 1577 1851 isti
1608 1813 1767 1865 negotio
1796 1811 1966 1864 praefuit.

594 1885 754 1921 Summa
785 1881 851 1925 est,
884 1881 923 1918 in
945 1894 1023 1932 quo
1044 1878 1144 1917 mihi
1165 1877 1420 1930 gratiffimum
1441 1877 1565 1915 facere
1590 1878 1717 1929 postis,
1749 1878 1775 1915 fi
1807 1878 1966 1921 curaris,

594 1956 637 1985 ut
671 1948 857 1990 Avianius,
889 1944 1044 1997 quando
1066 1944 1100 1980 se
1121 1957 1141 1980 a
1161 1957 1223 1980 me
1243 1942 1362 1980 amari
1382 1951 1509 1994 putat,
1538 1955 1603 1980 me
1622 1956 1643 1980 a
1662 1952 1699 1980 te
1719 1942 1837 1980 amari
1858 1941 1964 1981 sciat.

594 2013 683 2051 Erit
704 2012 742 2050 id
763 2011 862 2049 mihi
884 2019 1120 2063 pergratum.
1154 2009 1263 2047 Vale.

645 2214 709 2252 M.
741 2213 794 2250 Τ.
828 2213 875 2250 C.
910 2213 1270 2268 QATUonmis
1304 2224 1361 2248 ET
1395 2211 1746 2249 DEcunmNmm
1790 2210 1826 2247 S.
1859 2209 1913 2246 D.

596 2341 786 2381 LXXVI.
813 2338 1105 2412 TANTAE
1136 2339 1237 2377 mihi
1258 2353 1349 2377 cum
1371 2339 1604 2391 QHippiO
1625 2337 1742 2376 causae
1763 2335 1967 2374 neceffitu-

902 2405 1003 2443 dinis
1025 2405 1127 2449 sunt,
1150 2414 1193 2443 ut
1214 2404 1314 2443 nihil
1335 2404 1447 2456 poffit
1468 2404 1539 2442 esse
1560 2403 1822 2455 conjune'tius„
1851 2414 1969 2453 quam

597 2486 665 2511 nos
687 2472 788 2510 inter
808 2484 877 2509 nos
898 2470 1044 2508 sumus.
1091 2470 1210 2521 Qod
1230 2470 1300 2507 nis1
1328 2470 1381 2507 ita
1400 2469 1503 2514 effet,
1536 2479 1661 2507 uterer
1692 2480 1776 2505 mea
1805 2465 1967 2504 consue-

596 2538 747 2583 tudine,
778 2546 822 2576 ut
842 2536 952 2575 vobis
973 2535 1081 2574 nulla
1101 2535 1142 2574 in
1162 2549 1201 2574 re
1221 2534 1403 2574 molestus
1424 2534 1554 2574 essem.
1600 2532 1762 2572 Etenim
1782 2544 1847 2569 vos
1869 2528 1969 2568 mihi
