2351 2997
1060 277 1287 331 [430]

721 507 1621 582 EPISTOLARUM

554 752 725 811 AD
806 719 1793 811 ,FAMILIARES

925 970 1202 1010 LIBER
1293 971 1421 1008 XVI.

595 1168 657 1206 M.
690 1169 742 1206 T.
777 1169 826 1205 C.
861 1180 920 1205 ET
954 1168 1129 1205 CicERo
1163 1179 1301 1211 ΜΕυε,
1346 1178 1404 1203 ET
1439 1166 1653 1211 FRATER,
1692 1178 1750 1204 ET

730 1234 942 1271 FRATRIS
977 1245 1146 1277 mnus,
1188 1234 1363 1270 TIRONI
1405 1231 1443 1269 S.
1476 1231 1521 1269 P.
1554 1231 1608 1268 D.

486 1362 518 1400 Ι,
643 1363 679 1399 A
695 1363 731 1399 U
748 1362 780 1399 L
797 1363 833 1398 O
864 1360 1019 1398 facilius
1049 1360 1183 1412 putavi
1210 1359 1312 1412 pofl'e
1333 1373 1396 1397 me
1417 1359 1516 1397 ferre
1537 1358 1765 1397 desiderium
1788 1359 1861 1402 tui,

650 1427 712 1464 sed
732 1426 846 1479 plane
867 1439 945 1463 non
970 1424 1079 1463 fero:
1112 1434 1150 1462 et
1178 1437 1402 1476 quanquam
1434 1424 1567 1475 magni
1596 1424 1641 1461 ad
1674 1423 1865 1460 honorem

485 1493 659 1531 nostrum
680 1491 849 1536 interest,
881 1504 999 1543 quam
1029 1490 1204 1543 primum
1233 1489 1279 1526 ad
1308 1490 1447 1527 urbem
1475 1502 1537 1526 me
1557 1489 1701 1533 venire,
1734 1497 1865 1526 tamen

485 1558 653 1610 peccasse
674 1556 774 1594 mihi
794 1556 941 1600 videor,
963 1555 1032 1607 qui
1053 1569 1073 1592 a
1092 1564 1130 1592 te
1151 1554 1396 1592 discefferim.
1431 1554 1502 1591 Sed
1524 1554 1615 1605 quia
1636 1562 1701 1590 tua
1720 1553 1863 1590 volun-

485 1635 540 1662 tas
562 1638 604 1662 ea
622 1623 825 1661 videbatur
844 1622 929 1666 effe,
948 1631 991 1659 ut
1012 1621 1180 1673 prorsus,
1199 1620 1267 1657 nisi
1289 1620 1520 1657 confirmato
1541 1632 1716 1670 corpore,
1740 1618 1866 1655 nolles'

484 1690 676 1741 navigare,
708 1687 916 1740 approbavi
938 1695 1052 1723 tuum
1073 1685 1279 1723 confilium
1297 1703 1308 1729 3
1342 1699 1467 1737 neque
1488 1697 1593 1722 nunc
1614 1692 1741 1727 muto,
1773 1683 1798 1720 fi
1822 1692 1865 1720 tu

483 1755 524 1792 in
545 1754 677 1792 eadem
697 1767 735 1790 es
758 1752 971 1790 sententia:
1005 1751 1057 1788 fin
1080 1760 1224 1795 autem,
1256 1749 1383 1802 postea
1412 1764 1529 1802 quam
1556 1749 1693 1786 cibum
1713 1747 1862 1800 cepisti,

482 1820 624 1857 videris
647 1819 720 1857 tibi
741 1818 842 1871 poffe
863 1831 925 1855 me
946 1817 1153 1868 consequi3
1177 1826 1290 1854 tuum
1312 1816 1518 1854 confilium
1539 1815 1605 1852 est.
1639 1814 1863 1851 Marionem

485 1886 531 1923 ad
553 1896 590 1924 te
610 1899 655 1923 eo
676 1885 775 1929 misi,
808 1893 851 1921 ut
870 1893 935 1921 aut
958 1893 1088 1921 tecum
1109 1883 1155 1919 ad
1175 1896 1238 1920 me
1258 1896 1376 1934 quam
1398 1882 1571 1934 primum
1593 1881 1755 1923 veniret,
1782 1888 1861 1922 aut,

486 1951 512 1988 fi
535 1960 577 1988 tu
598 1963 801 1993 morai-ere,
833 1948 960 1985 statim
982 1947 1026 1984 ad
1048 1961 1110 1984 me
1132 1947 1286 1984 rediret.
1332 1948 1398 1983 Tu
1426 1954 1555 1983 autem
1581 1943 1657 1982 hoc
1680 1944 1752 1980 tibi
1775 1956 1863 1994 per-

486 2015 613 2060 suade,
644 2015 669 2051 fi
691 2013 902 2051 commodo
923 2012 1155 2049 valetudinis
1178 2020 1252 2048 tuae
1274 2010 1355 2048 fieri
1378 2011 1504 2062 poffit,
1528 2008 1628 2047 nihil
1650 2022 1712 2045 me
1733 2007 1862 2052 malle,

486 2094 605 2132 quam
627 2089 663 2117 te
684 2079 754 2117 effe
774 2091 930 2115 mecum
950 2093 958 2115 :
992 2078 1017 2115 fi
1050 2086 1180 2114 autem
1208 2076 1403 2127 intelliges
1430 2088 1526 2127 opus
1548 2074 1633 2118 effe,
1666 2083 1703 2110 te
1725 2074 1862 2117 Patris,

486 2145 777 2184 convalescendi
798 2144 920 2188 causa,
939 2143 1100 2194 paulum
1120 2143 1368 2186 commorari,
1391 2141 1492 2179 nihil
1515 2155 1577 2178 me
1598 2140 1728 2183 malle,
1747 2152 1865 2190 quam

487 2222 525 2250 te
557 2211 694 2251 valere.
741 2211 779 2248 Si
812 2210 939 2247 statim
968 2210 1135 2261 navigas,
1168 2222 1237 2246 nos
1265 2208 1442 2245 Leucade
1462 2207 1720 2257 consequere:
1754 2205 1806 2242 fin
1830 2214 1866 2242 te

486 2277 716 2316 confirmare
736 2277 808 2320 vis,
839 2285 876 2312 et
897 2276 1075 2318 comites,
1107 2284 1144 2312 et
1166 2273 1423 2326 tempestates,
1455 2282 1492 2311 et
1514 2286 1649 2309 navem
1670 2271 1863 2314 idoneam,

486 2354 531 2382 ut
551 2343 705 2387 habeas,
738 2342 944 2393 diligenter
965 2341 1127 2379 videbis.
1162 2342 1299 2378 Unum
1322 2340 1435 2383 illud,
1459 2339 1514 2376 mi
1536 2338 1649 2382 Tiro,
1671 2336 1815 2379 videto,
1839 2336 1865 2373 fi

488 2423 551 2447 me
571 2422 690 2453 amas,
707 2421 755 2445 ne
777 2417 813 2445 te
830 2407 1022 2444 Marionis
1043 2407 1228 2443 adventus
1251 2415 1287 2442 et
1309 2404 1366 2442 hae
1387 2406 1507 2442 literae
1528 2411 1721 2441 moveant.
1747 2401 1866 2451 Qod

488 2474 702 2513 valetudini
723 2482 798 2511 tuae
819 2473 987 2510 maxime
1008 2471 1214 2515 conducet,
1248 2470 1272 2508 s1
1295 2469 1446 2514 feceris,
1470 2469 1638 2506 maxime
1659 2468 1864 2518 obtempe-

488 2541 580 2579 raris
601 2540 794 2580 voluntati
814 2553 924 2578 meae.
953 2539 1068 2576 ⁸·Haec
1089 2550 1159 2589 pro
1182 2546 1248 2575 tuo
1269 2537 1428 2588 ingenio
1448 2534 1655 2573 confidem.
1708 2532 1792 2570 Nos
1814 2532 1867 2568 ita
