2351 2997
554 255 629 294 218
898 256 1580 296 EPISTOLARUM

553 354 673 393 adimi
684 374 695 400 ς
726 355 910 401 reditum,
933 357 958 394 s1
981 370 1043 394 me
1065 365 1217 394 tantum
1238 369 1354 401 amas,
1377 365 1570 408 quantum
1589 364 1691 394 certe
1711 361 1829 399 amas,
1850 354 1924 392 ho-

553 419 728 458 minibus
750 419 914 458 confice.
956 422 1002 458 In
1023 434 1101 472 quo
1122 420 1222 458 nihil
1243 420 1297 457 est
1315 429 1452 471 praeter
1471 421 1576 458 viam
1593 420 1778 473 longam3
1810 432 1928 471 quam

553 484 701 522 idcirco
722 498 799 522 non
822 484 996 536 fugiunt,
1014 494 1058 522 ut
1078 494 1116 522 et
1136 485 1266 522 vivant
1288 498 1380 521 cum
1400 485 1492 530 suis,
1509 494 1548 523 et
1568 486 1783 523 moriantur
1803 484 1926 522 domi,

554 549 673 600 Qod
694 558 737 586 ut
761 549 906 586 enitare
935 549 1235 600 contendasque,
1266 549 1328 586 vel
1354 550 1485 601 potius
1515 559 1559 588 ut
1585 550 1774 602 perficias,
1809 549 1928 602 (poffe

553 613 658 650 enim
681 622 731 658 te,
754 612 854 651 mihi
874 614 1055 666 persuasi)
1079 613 1328 652 vehementer
1348 622 1384 651 te
1405 614 1523 651 etiam
1543 623 1659 666 atque
1678 615 1796 653 etiam
1817 627 1923 666 rogov

717 815 948 851 Cicnko
990 815 1370 851 DOLABELLAE
1413 814 1759 851 CONSULIS.

553 940 666 978 XIV.
686 941 798 1011 ET
811 942 863 978 SI
894 950 1101 978 contentus
1123 954 1240 984 eram,
1260 941 1315 977 mi
1336 940 1556 984 Dolabella,
1575 949 1640 977 tua
1658 940 1795 991 gloria,
1818 941 1924 978 satis-

767 1019 842 1056 que
858 1019 906 1042 ex
922 1019 963 1042 ea
979 1019 1159 1056 magnam
1177 1005 1352 1042 laetitiam
1369 1005 1688 1057 voluptatemque
1703 1005 1902 1056 capiebam
1913 1026 1925 1050 ,a

551 1079 680 1108 tamen
703 1084 780 1108 non
803 1069 952 1122 poffum
976 1083 1053 1106 non
1075 1069 1269 1114 confiteri,
1288 1070 1481 1107 cumulari
1501 1083 1564 1106 me
1579 1069 1753 1106 maximo
1768 1070 1926 1121 gaudio,

551 1136 657 1186 quod
678 1136 797 1187 vulgo
818 1134 1028 1172 hominum
1049 1135 1184 1186 opinio
1210 1134 1358 1172 socium
1387 1149 1449 1172 me
1478 1134 1667 1172 adscribat
1694 1135 1771 1172 tuis
1798 1135 1927 1172 laudi-

553 1200 641 1239 bus.
681 1201 897 1239 Neminem
917 1200 1097 1244 conveni,
1132 1201 1341 1251 (convenio
1360 1209 1491 1238 autem
1511 1199 1688 1252 quotidie
1707 1200 1898 1252 plurimos
1918 1215 1927 1238 :

552 1266 640 1304 sunt
660 1266 766 1304 enim
787 1265 974 1318 permulti
995 1266 1137 1318 optimi
1164 1266 1252 1310 viri,
1284 1266 1354 1317 qui
1383 1265 1614 1304 valetudinis
1642 1265 1752 1305 causa
1777 1266 1818 1303 in
1844 1264 1928 1304 haec

548 1333 634 1370 loca
652 1332 834 1376 veniant3
859 1341 1037 1383 praeterea
1052 1345 1098 1369 ex
1120 1331 1348 1383 municipiis
1370 1330 1590 1383 frequentes
1613 1331 1807 1369 neceffarii
1827 1331 1925 1381 mei)

549 1397 647 1450 quin
678 1410 829 1440 omnes,
861 1409 953 1433 cum
986 1405 1023 1434 te
1053 1396 1215 1434 summis
1243 1396 1423 1433 laudibus
1451 1396 1497 1433 ad
1524 1396 1663 1434 caelum
1684 1396 1924 1440 extulerunt,

549 1460 650 1499 mihi
673 1461 863 1499 continuo
883 1461 1070 1498 maximas
1091 1460 1231 1512 gratias
1259 1469 1399 1512 agant:
1432 1470 1576 1512 negant
1604 1461 1711 1498 enim
1740 1460 1776 1498 se
1807 1460 1926 1498 dubi-

549 1536 642 1572 tare,
674 1527 770 1578 quin
792 1535 850 1570 tu,
881 1526 978 1563 meis
1011 1527 1211 1578 praeceptis
1242 1535 1279 1563 et
1307 1526 1477 1563 consiliis
1507 1526 1793 1578 obtemperans,
1824 1539 1925 1578 prae-

549 1592 820 1630 stantiffimum
842 1600 879 1629 te
899 1592 1025 1629 civem
1046 1601 1084 1629 et
1103 1592 1335 1643 fingularem
1360 1591 1559 1629 consulem
1590 1592 1773 1644 praebeas.
1819 1592 1926 1643 Qi-

550 1658 621 1695 bus
643 1670 715 1708 ego
735 1669 960 1708 quanquam
981 1656 1169 1693 veriffime
1185 1656 1337 1708 poffum
1358 1656 1598 1708 respondere,
1617 1665 1668 1701 te,
1685 1669 1770 1707 quae
1789 1655 1923 1701 facias,

549 1732 618 1760 tuo
632 1722 786 1774 judicio
806 1731 844 1759 et
865 1730 930 1758 tua
950 1721 1085 1773 sponte
1105 1720 1244 1766 facere,
1267 1735 1338 1759 nec
1359 1721 1589 1773 cujusquam
1609 1735 1719 1772 egere
1739 1721 1922 1766 confiliog

548 1798 675 1826 tamen
698 1801 824 1840 neque
850 1787 964 1839 plane
990 1787 1182 1831 assentior,
1215 1801 1261 1824 ne
1293 1788 1529 1825 imminuam
1559 1796 1667 1824 tuam
1699 1787 1867 1832 laudem,
1898 1787 1924 1824 fi

547 1854 675 1892 omnis
708 1867 728 1890 a
759 1853 855 1890 meis
889 1853 1059 1890 confiliis
1091 1851 1264 1904 profecta
1293 1852 1495 1896 videatur;
1528 1865 1653 1903 neque
1676 1852 1786 1889 valde
1808 1865 1920 1904 nego.

548 1920 641 1956 Sum
673 1919 780 1956 enim
811 1917 959 1955 avidior
989 1918 1121 1962 etiam,
1153 1931 1271 1969 quam
1304 1917 1391 1954 satis
1421 1917 1487 1961 est,
1519 1917 1665 1968 gloriae.
1712 1918 1766 1954 Et
1795 1925 1924 1954 tamen

547 1997 625 2022 non
659 1983 832 2019 alienum
867 1981 1056 2033 dignitate
1089 1992 1168 2026 tua,
1210 1981 1315 2033 quod
1347 1981 1416 2033 ipfi
1449 1982 1753 2033 Agamemnoni,
1787 1995 1923 2033 regum

548 2048 643 2099 regi,
686 2046 764 2084 fuit
802 2046 1023 2090 honestum,
1066 2045 1205 2084 habere
1240 2046 1412 2098 aliquem
1446 2047 1486 2083 in
1521 2046 1691 2083 consiliis
1725 2046 1922 2099 capiendis

547 2113 781 2156 Nestorem;
814 2110 915 2149 mihi
936 2125 1024 2149 vero
1045 2112 1274 2163 gloriosum,
1306 2121 1343 2149 te
1358 2113 1544 2163 juvenem
1565 2111 1765 2149 consulem
1791 2111 1925 2149 florere

545 2178 742 2222 laudibus,
773 2178 877 2229 quasi
910 2177 1115 2215 alumnum
1140 2177 1354 2229 disciplinae
1375 2191 1483 2215 meae.
1530 2178 1579 2215 L.
1603 2177 1763 2228 quidem
1785 2177 1922 2222 Caesar,

545 2257 638 2282 cum
658 2243 704 2280 ad
725 2256 816 2279 eum
836 2252 1025 2293 aegrotum
1047 2243 1259 2294 Neapolim
1279 2242 1477 2287 venissem,
1508 2256 1731 2294 quanquam
1751 2251 1830 2279 erat
1849 2256 1922 2294 op-

545 2308 687 2361 pressus
718 2308 836 2345 totius
865 2308 1036 2359 corporis
1065 2308 1281 2353 doloribus,
1313 2318 1443 2345 tamen
1476 2317 1684 2359 antequam
1716 2321 1778 2345 me
1809 2307 1923 2359 plane

546 2375 737 2419 salutavit,
781 2374 817 2410 O
850 2374 906 2411 mi
940 2375 1094 2419 Cicero,
1126 2375 1271 2425 inquit,
1308 2374 1482 2426 gratulor
1517 2374 1605 2419 tibi,
1642 2387 1734 2411 cum
1768 2382 1932 2411 tantum<

544 2442 643 2480 vales
660 2438 762 2491 apud
779 2439 1043 2484 Dolabellam,
1061 2449 1268 2491 quantum,
1287 2440 1312 2477 fi
1334 2453 1406 2492 ege.
1426 2439 1528 2492 apud
1550 2439 1686 2477 sororis
1709 2439 1837 2477 filium
1853 2452 1920 2476 va-

543 2508 677 2551 lerem,
691 2506 774 2556 jam
795 2504 885 2543 salvi
906 2505 976 2543 effe
998 2504 1203 2557 poffemus.
1238 2505 1455 2544 Dolabellae
1474 2519 1564 2543 vero
1586 2514 1654 2544 tuo
1673 2513 1712 2543 et
1732 2503 1920 2557 gratulor,
