2351 2997
679 284 770 322 AD
829 282 1292 320 FAMILIARES
1351 283 1484 323 LIB.
1531 287 1604 325 VI,
1763 304 1831 343 151

457 382 681 434 Caeteroqui
700 381 802 420 mihi
823 381 932 418 locus
956 394 1033 418 non
1055 380 1249 433 displicet,
1281 395 1352 419 nec
1373 396 1415 420 ea
1434 397 1474 421 re
1496 385 1701 424 Petrinum
1724 398 1838 428 tuum

454 448 651 486 deseram:
686 460 773 484 nam
800 456 838 483 et
858 446 964 490 villa,
997 455 1034 483 et
1066 447 1268 484 amoenitas
1299 447 1382 492 illa,
1414 452 1736 490 commorationis
1768 453 1835 498 est,

450 526 533 551 non>
550 511 771 550 diversorii.v
801 512 863 549 De
884 511 1083 549 curatione
1104 511 1235 563 aliqua
1255 525 1465 551 munerum
1487 515 1707 567 regionum,
1740 531 1834 557 cum

452 577 587 630 Oppio
608 577 763 615 locutus
786 577 869 615 sum
889 592 897 615 ε
931 591 1021 614 nam
1043 577 1227 622 Balbum,
1258 578 1386 629 postea
1406 593 1524 630 quam
1547 590 1589 618 tu
1610 595 1648 620 es
1676 582 1834 634 profec-

450 652 530 688 tuS,
554 657 632 681 non
654 643 758 688 vidi,
784 643 900 681 tantis
922 642 1068 694 pedum
1090 642 1291 680 doloribus
1313 644 1495 690 afficitur,
1516 656 1558 683 ut
1580 647 1615 684 se
1635 649 1836 687 conveniri

451 708 567 746 nolit.
601 708 779 746 Omnino
800 708 845 746 de
867 716 948 745 tota
968 721 1021 751 re,
1054 716 1097 744 ut
1118 706 1219 745 mihi
1240 708 1408 754 videtur,
1440 710 1648 762 sapientius
1674 713 1833 759 faceres,

450 773 477 811 fi
498 787 577 810 non
599 786 776 811 curares:
810 772 915 824 quod
942 771 1049 809 enim
1077 785 1121 809 eo
1149 772 1280 809 labore
1306 773 1449 825 affequi
1477 776 1549 820 vis,
1582 777 1694 814 nullo
1715 779 1834 816 modo

449 837 664 890 assequere:
699 847 804 875 tanta
823 837 876 874 est
896 838 1003 874 enim
1024 838 1257 875 intimorum
1280 838 1512 884 multitudo,
1545 850 1587 877 ut
1608 855 1653 879 ex
1675 842 1737 880 his
1758 844 1831 880 ali-

447 904 535 955 quis
557 903 687 955 potius
709 902 855 947 effluat,
888 916 1006 955 quam
1027 915 1129 939 novo
1150 902 1194 940 fit
1214 902 1356 947 aditus,
1387 904 1599 955 praesertim
1629 908 1698 959 qui
1728 907 1831 946 nihil

448 968 581 1006 afferat
609 978 746 1020 praeter
776 982 960 1021 operam,
994 969 1035 1005 in
1056 981 1132 1019 qua
1151 967 1218 1005 ille
1239 968 1275 1005 se
1295 968 1436 1006 dediffe
1457 970 1692 1010 beneficium
1714 983 1830 1025 puta-

448 1034 523 1079 bit,
554 1034 581 1071 fi
602 1034 721 1072 modo
740 1034 870 1087 ipsum
890 1034 997 1078 sciet,
1024 1047 1103 1071 non
1124 1033 1321 1086 accepisse.
1356 1034 1427 1072 Sed
1449 1044 1579 1075 tamen
1599 1037 1749 1090 aliquid
1769 1039 1830 1076 vi-

448 1099 629 1138 debimus
656 1100 697 1137 in
726 1114 805 1152 quo
832 1101 877 1138 fit
903 1099 1047 1151 species
1067 1114 1075 1137 ;
1108 1099 1218 1137 aliter
1239 1098 1400 1152 quidem
1420 1114 1500 1139 non
1521 1103 1639 1140 modo
1659 1117 1738 1141 non
1759 1117 1829 1156 ap·-

446 1164 675 1217 petendum‚
698 1165 761 1203 sed
781 1167 899 1204 etiam
919 1164 1154 1218 fugiendum
1175 1173 1286 1218 puto.
1319 1166 1408 1217 Ego
1426 1180 1490 1205 me
1511 1168 1660 1207 Asturae
1680 1169 1828 1208 diutius

446 1230 613 1269 arbitror
632 1241 984 1275 commoraturum,
1015 1230 1144 1282 quoad
1164 1230 1231 1268 ille
1251 1230 1485 1284 quandoque
1505 1234 1646 1273 veniat.
1685 1234 1796 1273 Vale.

801 1432 1043 1469 CICERO
1084 1432 1387 1470 TORANIO
1430 1433 1479 1471 S..

444 1558 536 1596 XX.
554 1556 631 1630 D
644 1557 923 1595 EDERAM
951 1556 1082 1595 triduo
1102 1566 1190 1595 ante
1210 1558 1339 1610 pueris
1362 1558 1440 1596 Cn.
1457 1556 1609 1595 Plancii
1629 1558 1758 1598 literas
1779 1562 1826 1599 ad

663 1631 725 1660 te:
758 1635 803 1659 eo
824 1635 929 1660 nunc
950 1636 1015 1660 ero
1037 1623 1204 1668 brevior,
1236 1632 1367 1677 teque,
1391 1632 1434 1661 ut
1454 1632 1565 1661 antea
1584 1624 1823 1671 consolabar,

442 1687 518 1725 hoc
533 1682 709 1739 tempore
725 1688 910 1726 monebo.
944 1687 1062 1725 Nihil
1078 1698 1176 1740 puto
1193 1689 1268 1728 tibi
1283 1689 1354 1727 effe
1371 1688 1524 1734 utilius,
1541 1703 1661 1741 quam
1677 1691 1827 1729 ibidem

441 1753 627 1805 opperiri,
646 1752 773 1804 quoad
794 1752 887 1790 scire
908 1753 1020 1804 poffis
1038 1753 1135 1805 quid
1156 1754 1231 1791 tibi
1251 1754 1447 1806 agendum
1468 1754 1527 1792 fit.
1561 1755 1668 1793 Nam
1688 1766 1826 1808 praeter

442 1818 698 1869 navigationis
722 1817 862 1869 longae,
894 1826 931 1855 et
951 1817 1147 1863 hiemalis,
1180 1828 1218 1856 et
1239 1819 1404 1857 minime
1430 1819 1635 1871 portuosae‚
1666 1822 1823 1872 pericu-

439 1883 539 1928 lum,
572 1883 678 1935 quod
699 1884 906 1927 vitaveri53
938 1896 987 1920 ne
1013 1883 1114 1921 illud
1141 1884 1303 1935 quidem
1329 1898 1408 1922 non
1434 1885 1646 1936 quantivis,
1678 1886 1821 1931 subito,

439 1962 531 1986 curn
553 1949 649 1986 certi
670 1948 820 2000 aliquid
840 1948 1020 1994 audieris,
1053 1958 1090 1987 te
1111 1949 1223 1988 istinc
1243 1950 1346 2002 poffe
1367 1950 1576 2002 proficisci.
1623 1950 1741 1989 Nihil
1772 1952 1825 1990 est

440 2028 509 2052 cur
529 2014 759 2053 adventibus
783 2024 818 2052 te
839 2014 976 2053 offerre
996 2015 1147 2067 gestias.
1194 2016 1330 2054 Multa
1354 2026 1536 2068 praeterea
1554 2026 1705 2061 metuo,
1738 2031 1823 2069 quae

440 2093 533 2117 cum
555 2079 727 2118 Chilone
747 2080 876 2118 nostro
896 2081 1202 2119 communicavi.
1237 2082 1347 2133 Qid
1367 2082 1522 2120 multa?
1546 2083 1655 2120 Loco
1676 2096 1822 2134 oppor-

439 2145 594 2182 tuniore
613 2146 654 2182 in
674 2144 736 2182 his
758 2145 869 2183 malis
892 2146 1003 2183 nullo
1024 2146 1095 2184 effe
1115 2146 1292 2199 potuisti,
1325 2161 1372 2185 ex
1393 2161 1473 2199 quo
1500 2156 1551 2192 te,
1584 2161 1823 2200 quocunque

438 2223 536 2262 opus
558 2211 645 2254 erit,
669 2204 867 2249 ‘facillime
887 2220 925 2249 et
945 2212 1228 2264 expeditiffime
1248 2211 1439 2251 conferas.
1473 2213 1591 2264 Qod
1614 2214 1638 2251 fi
1660 2214 1823 2266 recipiet

438 2276 506 2314 ille
527 2275 576 2320 se,
599 2276 646 2313 ad
667 2284 821 2328 tempus
843 2276 985 2316 aderis:
1008 2278 1064 2315 sin
1084 2280 1195 2330 (cum
1210 2279 1338 2317 multa
1356 2278 1528 2320 accidere
1549 2279 1722 2332 poffunt)
1746 2280 1819 2318 ali-

439 2355 516 2393 qua
536 2354 593 2379 res
610 2354 701 2378 eum
718 2342 777 2380 vel
800 2343 1004 2395 impediet,
1022 2344 1083 2381 vel
1105 2344 1337 2390 morabitur,
1356 2355 1399 2383 tu
1419 2344 1476 2382 ibi
1497 2344 1585 2389 eris,
1604 2345 1673 2383 ubi
1690 2346 1822 2383 omnia

437 2406 532 2444 scire
554 2406 664 2458 poffis
685 2422 693 2445 ε
725 2406 801 2446 hoc
822 2408 923 2447 mihi
945 2409 1097 2461 prorsus
1118 2409 1229 2448 valde
1250 2410 1391 2462 placet.
1436 2411 1498 2449 De
1518 2410 1685 2463 reliquo,
1718 2420 1761 2448 ut
1783 2420 1820 2448 te

439 2471 534 2524 saepe
564 2485 631 2524 per
660 2471 788 2512 literas
808 2472 987 2514 hortatus
1007 2475 1109 2523 sum,
1140 2477 1196 2515 ita
1214 2475 1334 2516 velim
1356 2476 1429 2516 tibi
1451 2476 1689 2530 persuadeas,
1722 2485 1758 2514 te
1778 2477 1820 2514 in
