2351 2997
519 239 566 278 14
860 227 1548 266 EPISTOLARUM

514 326 678 366 videbit.
722 328 789 365 Tu
818 327 937 365 velim
958 328 1032 364 tibi
1064 327 1118 365 ita
1137 328 1374 380 persuadeas,
1406 329 1556 367 nullam
1577 341 1659 367 rem
1678 328 1749 367 effe
1770 327 1893 367 mini-

514 407 635 438 mam,
667 406 752 445 quae
783 393 830 430 ad
862 402 899 430 te
931 393 1135 445 pertineat,
1167 407 1252 445 quae
1285 393 1386 431 mihi
1418 408 1496 432 non
1529 395 1653 432 carior
1683 395 1743 440 fit,
1775 409 1894 447 quarn

514 474 608 498 meae
638 473 696 497 res
726 473 876 497 omnes.
921 459 1044 511 quue
1066 473 1158 496 cum
1179 460 1355 504 sentiam,
1387 460 1589 499 sedulitate
1609 460 1795 500 mihimet
1815 462 1895 514 ipse

515 524 731 563 satisfacere
751 524 931 576 possum,
964 537 1003 562 re
1035 524 1197 576 quidem
1229 525 1310 577 ipsa
1335 525 1423 563 ideo
1450 525 1551 563 mihi
1578 539 1657 564 non
1684 526 1893 572 satisfacio,

514 590 621 642 quod
642 590 791 627 nullam
813 599 962 642 partem
992 599 1152 628 tuorum
1182 591 1415 629 meritorum
1442 605 1520 629 non
1542 592 1660 629 modo
1681 592 1893 637 referenda,

514 654 576 693 sed
610 668 657 692 ne
689 655 896 707 cogitanda
927 655 1102 707 quidem,
1136 656 1257 707 gratia
1292 656 1476 708 consequi
1510 657 1676 709 poffum.
1723 658 1826 695 Rem
1859 666 1898 695 te

513 720 624 757 valde
645 720 743 757 bene
763 720 906 772 geffisse
927 734 1061 758 rumor
1081 730 1173 759 erat.
1218 722 1536 773 Expectabantur
1564 723 1685 761 literae
1715 732 1817 768 tuae3
1849 722 1897 760 de

515 785 658 837 quibus
679 799 831 824 eramus
847 787 930 838 jam
952 800 1044 824 cum
1066 787 1255 838 Pompeio
1277 787 1401 824 locuti
1420 803 1428 825 :
1461 801 1546 839 quae
1568 788 1593 826 fi
1623 797 1737 826 erunt
1756 789 1895 833 allatae,

514 851 689 888 nostrum
710 851 883 889 studium
903 852 1052 890 extabit
1080 853 1121 889 in
1143 853 1420 890 conveniendis
1442 853 1744 905 magistratibus,
1775 863 1813 892 et
1838 854 1896 892 se-

514 916 730 953 natoribus.
775 917 936 960 Caetera‚
969 930 1053 968 quae
1085 917 1131 953 ad
1164 926 1200 954 te
1232 917 1500 969 pertinebunt,
1532 932 1624 955 cum
1657 918 1774 956 etiam
1805 918 1896 971 plus

513 981 845 1026 contenderimus,
869 995 987 1034 quam
1007 982 1223 1035 possumus,
1246 983 1378 1021 minus
1401 991 1529 1021 tamen
1551 983 1756 1029 faciemus,
1778 997 1896 1036 quam

514 1047 715 1085 debemus.

611 1246 674 1284 M.
699 1247 752 1284 T.
778 1247 825 1283 C.
851 1245 1211 1284 RLmTuto
1244 1247 1647 1285 IMPERATORI
1682 1248 1719 1286 S.
1744 1248 1797 1287 D.

517 1375 589 1412 IX.
608 1373 663 1446 P
679 1376 711 1413 E
728 1375 800 1425 RJ
815 1376 853 1412 U
869 1376 902 1413 C
918 1376 957 1412 U
972 1375 1013 1413 N
1028 1375 1067 1412 D
1082 1376 1131 1413 AE
1163 1373 1265 1413 mihi
1292 1374 1452 1413 fuerunt
1480 1376 1599 1413 literae
1629 1384 1718 1421 tuae,
1751 1377 1896 1429 quibus

694 1440 874 1477 intellexi
908 1449 945 1477 te
978 1439 1194 1492 perspicere
1227 1453 1355 1478 meam
1393 1442 1433 1479 in
1475 1450 1511 1478 te
1545 1442 1730 1493 pietatem
1750 1457 1758 1479 :
1799 1441 1897 1493 quid

510 1507 620 1544 enim
648 1505 777 1543 dicam
803 1505 1131 1551 benevolentiam,
1163 1519 1255 1543 cum
1282 1506 1383 1544 illud
1413 1506 1541 1558 ipsum
1569 1507 1834 1558 graviffimum
1858 1516 1898 1545 et

514 1572 791 1610 sanffiffimum
817 1584 961 1608 nomen
988 1571 1143 1623 pietatis
1172 1572 1295 1609 levius
1323 1572 1425 1609 mihi
1447 1572 1597 1610 meritis
1619 1586 1708 1625 erga
1728 1586 1790 1610 me
1818 1574 1897 1611 tuis

514 1637 585 1674 effe
605 1636 810 1674 videatur?
832 1636 953 1687 Qod
973 1646 1105 1674 autem
1126 1636 1200 1674 tibi
1219 1646 1327 1688 grata
1347 1650 1432 1674 mea
1451 1651 1540 1690 erga
1561 1646 1598 1674 te
1618 1637 1742 1675 studia
1762 1638 1898 1676 scribis

514 1702 600 1746 effe,
618 1701 713 1738 facis
736 1710 779 1738 tu
800 1701 962 1753 quidem
982 1700 1220 1739 abundantia
1235 1702 1402 1754 quadam
1419 1703 1576 1746 amoris,
1594 1711 1638 1740 ut
1653 1704 1771 1742 etiam
1792 1713 1901 1755 grata

514 1767 587 1804 sint
607 1780 663 1811 ea,
693 1780 780 1818 quae
800 1766 1046 1818 praetermitti
1067 1767 1144 1804 fine
1164 1767 1313 1805 nefario
1333 1767 1473 1805 scelere
1495 1781 1572 1805 non
1594 1767 1762 1819 poffunt.
1801 1769 1900 1807 Tibi

513 1841 646 1870 autem
666 1832 796 1869 multo
816 1832 947 1869 notior
966 1840 1083 1883 atque
1102 1831 1290 1870 illustrior
1309 1845 1418 1870 meus
1441 1833 1481 1870 in
1503 1842 1541 1870 te
1560 1833 1714 1871 animus
1735 1833 1839 1878 effet,
1872 1835 1899 1873 fi

514 1896 592 1934 hoc
627 1905 803 1948 tempore
834 1897 959 1940 omni,
991 1909 1071 1948 quo
1099 1896 1286 1949 disjuncti
1318 1896 1484 1942 fuimus,
1516 1907 1555 1935 et
1586 1911 1663 1935 una
1689 1907 1728 1936 et
1761 1899 1899 1938 Romae

515 1961 732 2000 fuissemus.
777 1962 885 1999 Nam
916 1962 957 1999 in
989 1975 1034 1999 eo
1066 1961 1163 2014 ipso,
1196 1962 1302 2014 quod
1330 1972 1367 2000 te
1393 1963 1560 2001 ostendis
1588 1963 1659 2001 effe
1685 1962 1897 2011 fa&urum,

514 2027 699 2079 quodque
718 2035 757 2064 et
778 2027 818 2064 in
840 2026 977 2079 primis
999 2035 1124 2079 poteS‚
1141 2036 1180 2065 et
1201 2041 1273 2079 ego
1294 2041 1313 2065 a
1334 2037 1371 2065 te
1393 2027 1643 2066 vehementer
1658 2031 1833 2081 expecto,
1856 2031 1899 2068 in

516 2092 716 2130 sententiis
738 2092 952 2137 senatoriis,
983 2101 1022 2130 et
1043 2092 1082 2130 in
1104 2093 1215 2130 omni
1235 2094 1398 2138 aetione,
1429 2103 1546 2146 atque
1567 2093 1901 2134 administratione

515 2158 756 2210 reipublicae‚
774 2157 1045 2196 floruiffemus.
1076 2158 1137 2195 De
1154 2172 1231 2210 qua
1246 2158 1442 2196 ostendam
1457 2159 1640 2211 equidem
1661 2160 1778 2212 paulo
1799 2161 1897 2213 post,

515 2224 585 2275 qui
606 2223 651 2261 fit
666 2236 776 2261 meus
797 2222 925 2260 sensus
941 2232 980 2260 et
1000 2223 1116 2260 status
1133 2238 1142 2261 t
1166 2232 1204 2261 et
1226 2223 1432 2262 rescribam
1454 2225 1527 2262 tibi
1549 2225 1595 2261 ad
1615 2238 1670 2269 ea,
1689 2239 1774 2277 quae
1789 2240 1899 2277 quae-

517 2289 583 2328 ris.
628 2289 700 2327 Sed
727 2298 844 2333 certe,
875 2298 913 2326 et
938 2302 1012 2341 ego
1041 2298 1079 2327 te
1109 2290 1262 2327 auctore
1292 2290 1523 2328 amicissimo
1543 2304 1586 2328 ac
1608 2290 1898 2342 sapientiffimo,

516 2364 555 2393 et
582 2363 624 2393 tu
652 2368 715 2393 me
742 2354 960 2393 confiliario
989 2353 1142 2392 fortass‘e
1170 2368 1249 2393 non
1276 2356 1577 2408 imperitiflimo‚
1609 2355 1715 2393 fideli
1740 2356 1902 2408 quidem

516 2430 555 2458 et
576 2421 766 2459 benevolo
785 2430 903 2466 certe,
926 2420 1015 2458 usus
1037 2421 1125 2458 effes
1146 2436 1154 2458 ε
1188 2435 1427 2473 quanquam,
1451 2432 1517 2460 tua
1536 2422 1696 2475 quidem
1718 2422 1840 2467 causa,
1864 2432 1902 2460 te

516 2487 587 2526 effe
607 2488 898 2540 imperatorem,
928 2487 1251 2540 provinciamque
1273 2487 1369 2526 bene
1397 2488 1512 2540 gestis
1541 2489 1654 2526 rebus
1677 2501 1768 2526 cum
1789 2501 1900 2526 exer-
