2351 2997
619 225 711 263 AD
769 222 1233 262 FAMILIARES
1292 223 1426 262 LIB.
1475 224 1568 264 XV.
1708 239 1787 276 407

403 324 466 364 his
488 325 791 364 amantissimum
812 324 884 368 sui,
903 323 1054 361 summa
1073 323 1216 375 pietate
1236 323 1460 375 praeditum,
1478 323 1637 363 fratrem
1659 326 1786 364 dicere

404 405 461 436 ea,
490 406 576 443 quae
596 392 628 428 is
649 405 712 428 me
732 404 890 442 quoque
910 389 1090 427 audiente
1111 389 1279 434 dicebat,
1303 390 1338 428 se
1359 390 1613 430 sollicitatum
1635 392 1719 437 effe,
1744 402 1787 430 ut

404 470 563 508 regnare
582 456 725 494 vellet:
758 456 796 493 id
816 457 906 493 vivo
926 455 1043 493 fratre
1064 455 1131 492 suo
1152 455 1325 493 accidere
1346 469 1422 494 non
1446 457 1609 508 potuiffe
1628 473 1636 496 ε
1669 458 1705 495 se
1727 467 1786 495 ta-

402 535 495 560 men
516 531 604 559 ante
624 521 724 559 illud
745 530 899 573 tempus
922 534 1005 558 eam
1027 534 1108 558 rem
1129 534 1332 572 nunquam
1359 522 1399 558 in
1428 522 1603 561 medium
1627 533 1787 576 propter

400 587 569 638 periculi
591 596 742 624 metum
763 586 977 638 protuliffe.
1020 587 1119 636 Qae
1140 599 1232 622 cum
1252 586 1342 623 effet
1363 586 1533 632 locutus,
1565 590 1701 626 monui
1723 603 1784 627 re-

402 665 509 705 gem,
539 661 582 690 ut
609 665 768 690 omnem
801 651 1048 702 diligentiam
1078 650 1124 687 ad
1154 650 1189 686 se
1219 651 1525 690 conservandum
1554 653 1782 699 adhiberet;

402 717 625 768 amicosque
645 716 765 768 patris
786 717 868 767 ejus
890 715 1027 766 avique
1043 714 1197 765 judicio
1212 715 1394 766 probatos
1412 715 1588 754 hortatus
1606 718 1704 762 sum,
1723 733 1783 756 re-

401 782 461 832 gis
484 781 540 818 sui
561 782 696 824 vitam,
719 779 824 817 (10ᾶί
844 779 932 818 casu
952 778 1193 816 acerbiffimo
1209 779 1328 831 patris
1344 781 1441 831 ejus,
1459 782 1569 818 omni
1589 796 1680 819 cura
1696 783 1784 821 cus-

402 845 586 898 todiaque
607 844 873 883 defenderent.
908 845 1013 882 Cum
1035 858 1100 881 rex
1117 857 1138 881 a
1153 857 1215 881 me
1232 845 1451 896 equitatum
1468 845 1723 900 cohortesque
1739 848 1786 886 de

402 912 576 950 exercitu
598 924 686 948 meo
706 910 930 962 postularet,
962 909 1028 946 ets]
1050 909 1335 962 intelligebam,
1367 911 1488 949 vestro
1510 912 1784 951 senatus-cou-

402 977 505 1014 sulto
526 990 605 1013 non
627 976 745 1013 modo
766 975 868 1028 posse
890 989 952 1013 me
979 975 1018 1012 id
1040 974 1178 1020 facere,
1210 975 1273 1013 sed
1299 977 1416 1015 etiam
1439 977 1603 1022 debere3
1638 988 1782 1025 tamen,

402 1055 496 1079 cum
518 1041 735 1093 respublica
755 1040 978 1092 postularet,
1010 1049 1168 1092 propter
1188 1040 1436 1092 quotidianos
1467 1056 1513 1080 ex
1545 1044 1650 1094 Syria
1679 1058 1782 1082 nun-

402 1107 493 1151 tios,
526 1116 569 1144 ut
590 1120 709 1159 quam
729 1106 904 1158 primum
924 1106 1140 1143 exercitum
1161 1106 1208 1143 ad
1230 1107 1381 1146 Ciliciae
1402 1108 1497 1145 fines
1522 1109 1751 1148 adducerem
1770 1129 1781 1155 ;

401 1185 573 1224 cumque
602 1171 703 1209 mihi
731 1186 811 1216 rex,
843 1170 1042 1223 patefactis
1067 1173 1151 1224 jam
1180 1172 1342 1217 infidiis,
1375 1187 1453 1210 non
1480 1187 1590 1226 egere
1610 1177 1784 1213 exercitu

403 1237 542 1289 populi
562 1237 748 1282 Romani,
781 1236 843 1274 sed
864 1236 966 1289 poffe
988 1236 1022 1274 se
1044 1236 1119 1274 suis
1141 1237 1282 1289 opibus
1308 1237 1527 1284 defendere,
1558 1240 1753 1279 videretur
1768 1261 1781 1286 ς

402 1302 519 1339 illum
540 1301 765 1340 cohortatus
788 1301 887 1345 sum,
915 1311 958 1339 ut
978 1302 1018 1339 in
1041 1302 1104 1340 sua
1124 1303 1202 1340 vita
1222 1303 1478 1342 conservanda
1498 1306 1672 1357 primum
1693 1320 1782 1359 reg-

401 1380 491 1405 nare
511 1367 673 1405 disceret
691 1383 700 1406 :
733 1381 753 1404 a
772 1367 915 1418 quibus
938 1367 1184 1420 perspexisset
1204 1369 1274 1406 fibi
1295 1370 1447 1408 infidias
1472 1381 1634 1423 paratas,
1657 1373 1697 1409 in
1718 1387 1783 1411 eos

401 1442 575 1471 uteretur
589 1434 678 1485 jure
699 1433 805 1484 regio
822 1451 833 1477 3
866 1446 980 1485 poena
999 1433 1169 1471 afficeret
1188 1448 1267 1480 eos,
1290 1450 1387 1488 quos
1409 1437 1553 1475 necesse
1573 1438 1687 1483 effet3
1720 1453 1782 1477 re-

400 1499 532 1551 liquos
554 1508 661 1537 metu
683 1498 885 1541 liberaret:
909 1499 1083 1550 praesidio
1103 1501 1297 1539 exercitus
1318 1502 1396 1539 mei
1416 1503 1462 1539 ad
1483 1517 1632 1548 eorum,
1651 1505 1719 1556 qui
1741 1506 1788 1543 inv

401 1564 518 1616 culpa
537 1564 669 1608 essent,
702 1564 885 1601 timorem
914 1564 1062 1615 potius,
1094 1579 1213 1617 quam
1239 1566 1285 1604 ad
1311 1568 1620 1613 contentionem,
1653 1579 1781 1608 utere-

400 1638 492 1667 tur:
525 1628 608 1667 fore
636 1637 783 1673 autem,
814 1638 858 1666 ut
885 1642 1035 1674 omnes,
1066 1644 1158 1668 cum
1188 1632 1589 1672 senatus-consultum
1619 1635 1782 1681 nossent,

401 1694 682 1746 intelligerent,
714 1708 777 1732 me
798 1695 893 1746 regi,
925 1695 950 1732 fi
966 1695 1069 1747 'opus
1091 1695 1194 1741 effet,
1226 1711 1273 1734 ex
1298 1699 1523 1736 auctoritate
1544 1699 1662 1737 vestra
1681 1714 1780 1752 prae-

401 1759 497 1797 fidio
517 1759 713 1798 futurum.
760 1760 819 1797 Ita
845 1759 1077 1798 confirmato
1097 1761 1183 1806 illo,
1214 1776 1260 1799 ex
1282 1776 1326 1800 eo
1347 1763 1435 1801 loco
1455 1763 1571 1801 castra
1592 1766 1712 1809 movi,
1743 1774 1782 1803 et

402 1825 476 1867 iter
496 1825 537 1862 in
560 1825 744 1862 Ciliciam
765 1824 889 1862 facere
909 1825 1059 1863 institui
1077 1845 1088 1870 3
1120 1840 1212 1864 cum
1233 1826 1305 1865 hac
1326 1829 1511 1880 opinione
1531 1843 1551 1867 e
1574 1830 1780 1882 Cappado—

402 1891 462 1928 cia
483 1889 732 1934 discederem,
765 1899 808 1927 ut
829 1891 990 1928 consilio
1010 1891 1147 1936 vestre,
1179 1893 1265 1930 casu
1287 1894 1510 1932 incredibili
1537 1909 1579 1932 ac
1600 1910 1697 1947 pene
1718 1897 1780 1936 di-

401 1957 508 2000 vino,
540 1969 686 2007 regem,
717 1969 836 2008 quem
868 1969 934 1994 vos
966 1955 1353 1996 honorificentisfime
1383 1960 1635 2012 appellaffetis
1669 1962 1781 1999 nullo

400 2021 634 2073 postulante,
661 2035 858 2073 quemque
880 2035 973 2059 meae
995 2022 1084 2060 fidei
1105 2024 1455 2070 commendassetis,
1486 2035 1523 2063 et
1544 2027 1656 2078 cujus
1678 2027 1780 2065 salu-—

402 2097 482 2125 tem
512 2100 660 2138 magnae
681 2087 792 2124 vobis
814 2100 914 2124 CUI‘OE
935 2087 1005 2125 effe
1027 2088 1297 2134 decreviffeffis,
1328 2104 1437 2128 meus
1468 2091 1653 2130 adventus
1680 2107 1779 2145 prae-

403 2152 575 2190 sentibus
598 2152 744 2189 infidiis
766 2152 960 2190 liberaret.
1007 2154 1126 2204 Qod
1155 2154 1200 2191 ad
1230 2169 1296 2193 vos
1324 2169 1344 2192 a
1364 2170 1426 2193 me
1447 2156 1562 2194 scribi
1585 2172 1661 2195 non
1683 2159 1778 2196 alie-

401 2231 499 2254 num
520 2217 666 2269 putavi,
699 2226 742 2255 ut
764 2217 1033 2269 intelligeretis
1055 2232 1101 2256 ex
1123 2219 1186 2264 iis,
1218 2234 1302 2272 quae
1323 2234 1421 2272 pene
1441 2222 1679 2268 acciderunt,
1711 2238 1778 2262 vos

401 2283 530 2321 multo
551 2292 651 2328 ante,
684 2297 731 2321 ne
751 2297 793 2321 ea
812 2283 1045 2329 acciderent,
1077 2285 1310 2337 providiffe;
1342 2300 1464 2338 eoque
1485 2302 1551 2326 vos
1576 2288 1777 2327 studiofius

402 2348 479 2386 feci
499 2349 696 2394 certiores,
727 2349 833 2402 quod
863 2350 904 2386 in
934 2363 1021 2401 rege
1048 2351 1311 2390 Ariobarzane
1340 2366 1384 2390 ea
1403 2352 1502 2391 mihi
1524 2354 1628 2406 signa
1647 2355 1780 2393 videor

400 2414 573 2459 virtutis,
602 2414 766 2466 ingenii,
798 2414 902 2460 fidei,
935 2415 1308 2470 benevolentiaeque‚
1339 2432 1428 2471 erga
1447 2433 1513 2458 vos
1535 2419 1777 2473 perspexisse,
