2351 2997
624 306 702 334 ‘120
971 291 1654 331 EPISTOLARUM

1054 524 1318 562 CICERO
1370 523 1562 561 RUFO.

624 656 738 694 XIX.
757 653 929 725 ETSI
955 650 1056 689 mihi
1077 664 1279 703 nunquam
1296 650 1462 687 dubium
1484 649 1575 694 fuit,
1595 650 1690 702 quin
1709 651 1781 688 tibi
1801 650 1914 689 effem
1930 665 1994 689 ca-

844 718 1024 761 riffimus,
1043 725 1170 754 tamen
1188 715 1363 768 quotidie
1379 716 1502 766 magis
1518 715 1558 752 id
1579 715 1793 768 perspicio,
1816 726 1997 767 extatque

623 787 677 831 id,
697 785 802 838 quod
822 783 923 821 mihi
942 781 1155 820 ostenderas
1172 779 1404 832 quibusdam
1424 780 1561 824 literis,
1579 779 1654 818 hoc
1676 790 1713 817 te
1733 780 1997 819 studiosiorem

624 853 665 890 in
688 865 749 888 me
770 847 934 887 colendo
955 846 1051 891 fore,
1073 859 1189 897 quam
1211 847 1250 883 in
1272 845 1471 897 provincia
1492 844 1635 890 fuisses,
1661 845 1759 896 (etsi,
1782 859 1869 882 meo
1884 847 1994 897 judi—

624 918 701 960 cio,
720 915 819 953 nihil
837 914 882 951 ad
904 922 1016 950 tuum
1033 911 1270 964 provinciale
1285 910 1461 947 officium
1478 910 1565 947 addi
1581 910 1721 962 potest)
1741 924 1819 961 quo
1836 911 1996 948 liberius

619 983 815 1035 judicium
837 979 907 1017 effe
932 978 1051 1030 poffet
1082 986 1209 1014 tuum.
1253 977 1389 1027 Itaque
1410 990 1472 1013 me
1493 985 1530 1013 et
1552 975 1760 1027 superiores
1782 976 1901 1013 literae
1924 985 1998 1014 tuae

623 1047 836 1085 admodum
864 1044 1161 1086 delectaverunt,
1192 1041 1335 1092 quibus
1363 1050 1401 1078 et
1427 1042 1674 1092 expe&atum
1701 1053 1834 1077 meum
1854 1040 1996 1078 adven-

623 1123 710 1150 tum
740 1112 805 1148 abs
834 1119 870 1147 te
899 1117 1071 1146 amanter
1097 1107 1290 1149 videbam,
1322 1115 1374 1149 et,
1405 1119 1498 1142 cum
1527 1106 1638 1143 aliter
1662 1119 1718 1142 res
1740 1105 1934 1143 cecidisset
1954 1119 1996 1143 ac

623 1176 800 1230 putaffeS,
820 1184 855 1212 te
877 1187 964 1211 mco
984 1171 1145 1210 confilio
1166 1184 1398 1222 magnopere
1419 1170 1489 1207 effe
1510 1170 1701 1208 laetatum:
1725 1179 1763 1207 et
1783 1169 1844 1207 his
1861 1172 1995 1222 proxi-

623 1243 698 1280 mis
719 1241 841 1278 literis
863 1251 1052 1290 magnum
1072 1236 1157 1289 cepi
1178 1235 1351 1273 fructum
1372 1244 1409 1272 et
1424 1235 1582 1286 judicii,
1614 1244 1651 1272 et
1671 1234 1792 1272 officii
1814 1236 1871 1281 tui
1890 1250 1898 1272 :
1926 1236 1994 1285 ju-

623 1308 733 1351 dicii,
765 1304 870 1357 quod
892 1303 1086 1355 intelligo,
1117 1311 1169 1345 te,
1204 1300 1262 1352 (id
1294 1300 1400 1352 quod
1427 1313 1561 1337 omnes
1593 1299 1712 1337 fortes
1740 1313 1781 1337 ac
1803 1298 1896 1336 boni
1924 1300 1997 1337 viri

624 1372 747 1411 facere
768 1369 927 1419 debent)
952 1367 1053 1406 nihil
1074 1376 1207 1418 putare
1228 1366 1324 1403 utile
1345 1365 1430 1409 effe,
1463 1365 1531 1402 nisi
1553 1365 1659 1417 quod
1681 1366 1827 1402 rectum
1853 1363 1995 1402 hones-

624 1448 789 1488 tumque
822 1436 894 1478 fit;
935 1434 1070 1477 officii,
1106 1431 1211 1484 quod
1246 1441 1282 1468 te
1316 1444 1486 1474 mecum,
1518 1430 1782 1482 quodcunque
1813 1430 1996 1482 cepiffem

622 1503 788 1546 consilii,
810 1499 1007 1553 polliceris
1029 1498 1111 1535 fore
1128 1516 1137 1541 ;
1162 1510 1241 1548 quo
1263 1509 1388 1548 neque
1408 1494 1507 1533 mihi
1529 1496 1690 1547 gratius,
1709 1508 1848 1547 neque,
1866 1505 1909 1532 ut
1924 1508 1997 1547 ego

622 1569 802 1612 arbitror,
829 1566 902 1603 tibi
922 1564 1134 1606 honestius,
1165 1561 1235 1600 effe
1256 1561 1472 1613 quidquam
1492 1561 1628 1613 potest.
1661 1560 1770 1598 Mihi
1790 1561 1997 1598 confilium

623 1642 782 1686 captum
797 1630 950 1683 jamdiu
970 1629 1045 1666 est:
1079 1628 1125 1665 de
1146 1641 1224 1679 quo
1244 1627 1290 1664 ad
1312 1636 1361 1670 te,
1394 1639 1473 1663 non
1494 1639 1572 1677 quo
1593 1625 1774 1662 celandus
1795 1625 1900 1669 effes,
1932 1626 1994 1663 ni-

622 1698 681 1736 hil
703 1697 830 1748 scripsi
851 1704 984 1738 antea;
1008 1692 1070 1730 sed
1091 1694 1181 1744 quia
1201 1691 1508 1729 communicatio
1528 1690 1693 1734 confilii,
1716 1690 1783 1727 tali
1805 1699 1993 1742 tempore,

621 1763 726 1816 quafi
747 1761 922 1813 quaedam
943 1758 1159 1796 admonitio
1179 1757 1332 1795 videtur
1351 1756 1422 1794 effe
1441 1756 1577 1800 officii,
1608 1756 1668 1792 vel
1688 1756 1818 1807 potius
1845 1754 1995 1807 efflagi-

621 1829 718 1866 tatio
747 1828 793 1864 ad
822 1825 1037 1863 coeundam
1063 1823 1284 1861 societatem
1305 1822 1366 1859 vel
1395 1821 1575 1874 periculi,
1606 1820 1666 1858 vel
1687 1820 1844 1857 laboris.
1890 1821 1996 1858 Cum

621 1907 712 1931 vero
731 1906 773 1930 ea
794 1901 859 1929 tua
879 1890 923 1928 fit
942 1890 1137 1932 voluntas,
1164 1887 1399 1931 humanitas,
1423 1885 1705 1928 benevolentia,
1727 1899 1817 1937 erga
1835 1898 1912 1930 me,
1942 1886 1995 1924 li-

623 1959 760 1995 benter
785 1955 997 2007 amplector
1023 1954 1140 1990 talem
1161 1953 1337 1990 animum
1356 1967 1364 1989 :
1397 1951 1459 1988 sed
1480 1952 1533 1988 ita
1556 1952 1651 2002 (non
1672 1951 1779 1987 enim
1798 1950 1996 1988 dimittam

623 2022 812 2074 pudorem
833 2020 873 2057 in
895 2017 1064 2070 rogando
1086 2017 1236 2066 meum)
1260 2017 1285 2053 fi
1306 2015 1442 2054 feceris
1464 2015 1518 2059 id,
1545 2015 1651 2067 quod
1671 2014 1852 2059 ostendis,
1883 2028 1995 2067 mag-

623 2101 713 2125 nam
734 2084 885 2124 habebo
905 2083 1093 2136 gratiam;
1126 2082 1151 2119 fi
1173 2095 1251 2119 non
1272 2081 1423 2126 feceris,
1446 2080 1667 2132 ignoscam:
1700 2088 1738 2117 et
1756 2079 1921 2117 alterum
1942 2080 1995 2117 ti-

622 2153 737 2195 mori,
760 2150 926 2188 alterum
942 2147 1057 2192 mihi,
1076 2156 1113 2184 te
1129 2159 1266 2198 negare
1283 2159 1359 2183 non
1378 2145 1540 2197 potuifl'e
1556 2145 1783 2182 arbitrabor.
1807 2143 1874 2181 Est
1889 2144 1996 2182 enim

622 2230 679 2255 res
702 2214 875 2268 profecto
895 2213 1079 2251 maxima.
1112 2211 1222 2262 Qid
1243 2213 1389 2248 rectum
1411 2211 1468 2254 fit,
1487 2218 1662 2262 apparet;
1686 2208 1781 2260 quid
1802 2209 1994 2260 expediat,

619 2281 832 2319 obscurum
849 2277 923 2316 est:
948 2278 1001 2315 ita
1021 2286 1164 2320 tamen,
1183 2284 1241 2319 ut,
1259 2275 1285 2312 fi
1307 2288 1374 2312 nos
1396 2275 1423 2311 ii
1446 2274 1591 2318 sumus,
1610 2273 1678 2325 qui
1699 2272 1770 2310 effe
1790 2272 1993 2317 debemus,

622 2346 662 2384 id
682 2345 748 2390 est,
780 2344 905 2382 studio
937 2342 1047 2394 digni
1077 2351 1116 2378 et
1147 2341 1268 2378 literis
1302 2339 1453 2383 nostris,
1485 2339 1662 2376 dubitare
1690 2351 1767 2375 non
1795 2338 1993 2389 poffimus,

618 2412 718 2463 quin
739 2423 782 2447 ea
802 2409 971 2446 maxime
991 2406 1226 2449 conducant,
1258 2418 1343 2457 quae
1364 2404 1452 2441 sunt
1474 2403 1687 2441 reffiffima.
1729 2404 1858 2454 Qare
1880 2412 1937 2447 tu,
1969 2403 1995 2439 fi

621 2476 734 2515 fimul
756 2474 939 2527 placebit,
970 2472 1099 2510 statim
1118 2471 1165 2508 ad
1191 2483 1255 2508 me
1274 2470 1403 2507 venies
1423 2484 1431 2507 :
1464 2469 1517 2506 sm
1540 2469 1644 2506 idem
1665 2467 1849 2519 placebit,
1880 2477 1995 2518 atque

619 2541 773 2586 eodem,
804 2553 875 2578 nec
895 2538 1085 2577 continuo
1105 2535 1275 2590 poteris,
1307 2535 1439 2572 omnia
1459 2534 1532 2572 tibi
1553 2543 1597 2572 ut
1617 2542 1708 2570 nota
1727 2532 1814 2576 sint,
1837 2531 1991 2570 faciam.
