2351 2997
388 1466 440 1504 ¹85

383 791 438 827 184
482 798 492 818 ι
518 789 562 817 Μ.
578 785 947 817 Caelius—consueverunt
962 788 1006 824 (p.
1021 796 1088 825 ²05·
1145 756 1202 824 l1³85
1228 794 1264 821 27
1286 794 1350 812 cum
1365 797 1378 812 v
1397 785 1424 813 d.

561 830 618 866 30)
644 828 676 856 P.
694 828 736 856 hic
758 827 824 855 liber
845 831 950 856 omma:
969 828 1044 864 deest,
1067 835 1090 854 er
1229 825 1264 853 28
1288 824 1408 852 faverem
1425 823 1451 852 ei
1467 838 1480 853 υ
1484 827 1588 863 favere
1601 830 1649 855 mei

558 870 597 896 ad
608 879 678 896 oram
694 867 825 904 scribitur
838 879 856 895 a
868 870 1001 895 recentIore
1014 878 1090 894 manu
1225 879 1267 887 -—
1287 864 1477 902 praeparassem
1495 878 1507 893 ν
1517 867 1636 904 peperiffl

562 911 581 925 “
592 909 680 944 desunt
708 917 727 944 4
750 911 841 936 Cartae
856 907 994 942 secundum
1019 905 1092 944 quos·
1230 913 1261 941 3¹
1288 904 1355 932 ferri
1370 905 1394 937 ψ
1402 906 1467 942 fieri

562 949 653 976 darnss’
1230 954 1261 981 3¹
1290 944 1402 972 relietus
1416 958 1429 972 v
1444 943 1537 972 reliaa

482 998 499 1017 2
521 997 566 1016 me
579 997 675 1015 omnes
690 1000 704 1014 v
719 989 745 1015 d.
1151 983 1206 1013 186
1254 993 1262 1012 1
1289 983 1401 1012 videtur
1415 983 1442 1019 ψ
1457 985 1593 1013 videretur

482 1038 497 1066 3
521 1028 741 1066 perscripturum
762 1026 954 1063 xlaestripturum
1251 1033 1265 1060 3
1291 1023 1344 1051 tibi
1365 1037 1380 1051 v
1393 1025 1420 1052 d.

462 1084 469 1088 -
482 1078 497 1107 5
520 1078 605 1106 quarn
620 1081 634 1095 v
648 1075 769 1105 quantum
1250 1074 1264 1102 ς
1290 1071 1349 1091 tum
1364 1064 1389 1097 ψ
1404 1072 1459 1091 tota

459 1124 499 1131 --
518 1107 763 1146 peregrinantibus
774 1119 787 1134 u
798 1105 1050 1144 peregrinationibus
1249 1102 1267 1130 6
1290 1102 1379 1130 cuivis
1395 1102 1422 1137 ψ
1437 1105 1510 1139 cnjus

482 1157 499 1184 7
522 1148 575 1176 hoc
588 1161 615 1181 v,
629 1147 654 1181 ψ
668 1150 696 1174 in
710 1147 755 1174 hoc
769 1153 794 1174 te
1229 1157 1270 1165 —
1290 1142 1383 1170 viciffe
1397 1143 1422 1177 ψ
1436 1146 1501 1171 vixi
1519 1153 1532 1170 e

481 1190 497 1215 8
520 1188 688 1216 condemnes
703 1200 716 1214 v
731 1187 844 1214 condona
1252 1191 1268 1218 7
1291 1181 1363 1209 nihil
1379 1196 1392 1210 υ
1407 1194 1454 1210 non

483 1237 500 1264 9
522 1226 679 1255 scribendas
693 1226 718 1261 ψ
732 1225 899 1260 rescribenda:
1253 1222 1269 1249 8
1292 1221 1452 1250 resederunt
1469 1223 1494 1256 ψ
1509 1222 1648 1260 residerunt

466 1275 502 1295 10
522 1267 551 1295 id
567 1281 580 1295 v
594 1268 620 1294 d.
1227 1277 1268 1284 —
1288 1261 1440 1290 videbatur
1454 1263 1479 1296 ψ
1492 1263 1649 1290 videbantur

466 1315 476 1334 1
486 1316 499 1343 3
523 1307 615 1334 edicta
629 1306 654 1337 ψ
668 1306 746 1332 dinae
1247 1312 1265 1339 9
1287 1302 1503 1338 competitorem
1529 1315 1542 1330 υ
1558 1304 1739 1340 competitorem
1752 1311 1775 1332 et
1789 1304 1864 1354 egeg'
1879 1290 1890 1301 ’

466 1355 502 1382 ¹4
523 1346 677 1374 molestiam
691 1345 715 1378 ψ
730 1344 790 1372 mole
812 1347 839 1372 ia
1328 1350 1378 1368 tem

465 1394 499 1422 15
522 1385 670 1414 certiorem
686 1397 699 1412 v
713 1388 841 1412 certiorem
854 1391 878 1411 et
891 1387 975 1412 afflant
990 1384 1053 1411 erit.
1233 1389 1263 1408 11
1291 1380 1354 1408 Hoc
1370 1394 1383 1408 u
1399 1381 1464 1409 Haec

467 1426 501 1453 18
523 1423 725 1462 perscribemus
746 1437 760 1451 υ
774 1425 803 1451 d.
1229 1434 1270 1441 —
1290 1422 1366 1457 quod
1381 1421 1406 1455 ψ
1422 1424 1485 1458 quia

489 1474 498 1492 1
525 1464 686 1493 Galliarum
702 1461 728 1496 ψ
741 1463 904 1492 Gallicarum
1234 1469 1243 1487 1
1253 1468 1271 1495 4
1290 1462 1440 1496 pantheras
1456 1459 1482 1495 ψ
1493 1466 1644 1497 pantereras

483 1512 500 1541 7
523 1504 621 1542 cupiat
634 1516 648 1531 v
663 1505 751 1540 capiat
1234 1513 1274 1520 —
1295 1508 1363 1536 rogo
1379 1513 1403 1533 υ,
1417 1500 1442 1532 ῴ
1456 1501 1482 1528 d.

485 1545 501 1571 8
523 1553 557 1572 eo
577 1557 590 1571 u
605 1555 635 1572 ea
1235 1538 1269 1566 16
1291 1538 1380 1567 dedit.
1405 1553 1418 1566 v
1437 1541 1515 1567 dedit.
1539 1540 1602 1568 Vale
1614 1540 1640 1573 ᾧ
1653 1540 1734 1568 dedit.
1750 1539 1822 1569 Cura
1836 1547 1865 1569 ut

463 1598 502 1606 —-
522 1583 704 1611 susurratores
718 1596 743 1616 v,
757 1581 978 1618 ssfiaesurrationes
1338 1580 1433 1607 valeas
1448 1590 1456 1611 ;
1475 1581 1519 1607 hoc
1533 1580 1599 1607 mihi
1607 1584 1715 1618 gratius
1717 1583 1809 1619 facere
1822 1582 1864 1609 ni-

463 1638 504 1646 —
523 1623 647 1661 equitem
667 1623 692 1656 ψ
705 1624 817 1658 equidem
1339 1620 1380 1646 bil
1388 1627 1465 1655 potes.
1496 1619 1571 1646 Vale.
1860 1614 1865 1617 ⁴

486 1674 504 1702 9
525 1663 673 1700 septimam
706 1662 848 1700 legionem
883 1675 897 1690 ν
921 1661 1032 1699 septima
1060 1662 1095 1690 le·
1236 1659 1270 1686 18
1293 1658 1395 1686 Estne?
1418 1672 1431 1685 v
1446 1659 1491 1696 Est
1505 1670 1533 1686 ne
1548 1662 1600 1686 via
1615 1659 1666 1687 ribi
1679 1661 1747 1697 qnod

561 1706 636 1740 gione
1236 1708 1273 1726 20
1293 1708 1326 1725 eo
1343 1699 1367 1732 ψ
1382 1710 1424 1736 ego

469 1751 504 1770 ιο
525 1743 688 1770 Bellovacos
704 1742 729 1776 ψ
744 1741 875 1769 Helvams
1231 1753 1273 1759 -—
1293 1737 1400 1772 Γηὲἶίτο,
1417 1738 1492 1775 quod
1508 1741 1604 1776 usaria
1618 1739 1716 1777 quidem

470 1791 501 1810 11
527 1782 634 1810 incerta
658 1796 671 1809 ν
693 1783 790 1810 incerta
809 1783 908 1819 quidem
929 1789 982 1809 tum
1005 1782 1030 1816 ψ
1052 1783 1094 1809 in·
1234 1787 1265 1805 21
1292 1778 1410 1805 otiolum
1426 1792 1448 1808 υ,
1463 1777 1489 1811 ψ
1505 1781 1583 1806 otium

567 1831 637 1849 certa
651 1828 736 1849 tamen
1235 1826 1270 1845 22
1289 1817 1517 1853 jueundiffimum
1534 1831 1547 1845 υ
1552 1819 1695 1856 jucundum

470 1871 504 1890 12
528 1861 610 1898 plane
625 1861 737 1898 vpalam
1232 1872 1273 1878 —
1295 1858 1403 1884 vacanti
1425 1858 1449 1891 ψ
1464 1860 1581 1896 vaganti

469 1910 502 1938 ¹3
529 1911 575 1929 ix.
591 1915 604 1929 v
620 1902 717 1929 VIIII.
1236 1906 1268 1934 3¹
1293 1906 1338 1924 me
1353 1898 1377 1931 ψ
1389 1908 1441 1924 mea

470 1950 507 1978 ¹4
526 1940 693 1969 subrostrani
717 1939 789 1976 usteb
802 1940 884 1977 restra
910 1938 937 1975 ψ
951 1938 1004 1975 βιό
1017 1941 1098 1978 rostra
1232 1951 1271 1958 -
1294 1937 1312 1964 fi
1329 1937 1364 1964 fio
1379 1950 1391 1964 υ
1405 1948 1420 1964 a
1438 1938 1526 1974 Siphin

574 1984 602 2008 ni
1157 1977 1213 2014 187
1260 1985 1268 2004 ι
1295 1977 1371 2013 quod
1386 1975 1457 2012 used

465 2036 509 2044 -—
528 2021 614 2057 capiti
631 2021 662 2049 sit
675 2021 700 2054 ψ
713 2020 844 2056 captifint
1256 2026 1272 2044 2
1295 2017 1398 2053 poterit
1412 2017 1436 2049 ψ
1447 2017 1521 2054 poffie

466 2077 505 2085 -
527 2060 687 2097 dissiparant
702 2058 809 2096 periisse
823 2071 837 2085 v
850 2059 962 2095 desperat
972 2061 1061 2096 periffi
1258 2065 1272 2092 3
1296 2057 1345 2092 qui
1361 2057 1386 2089 ψ
1400 2068 1460 2094 quae

472 2110 506 2138 ις
530 2099 769 2137 an,slaeatque
1257 2104 1274 2132 9
1297 2095 1484 2134 QixlaQid

471 2141 505 2169 16
527 2140 620 2168 Baulis
632 2137 845 2167 embaeneticam
857 2135 884 2172 ψ
897 2136 1018 2174 baulisem
1030 2139 1101 2168 bene-
1238 2144 1274 2163 ιο
1296 2136 1349 2162 tuis
1365 2149 1377 2163 v
1391 2136 1416 2163 d.

573 2181 651 2207 ticam
1239 2183 1269 2203 11
1296 2175 1396 2211 prodat
1411 2174 1437 2209 ψ
1448 2175 1569 2212 praebeat

473 2230 506 2257 ¹7
529 2220 588 2257 ejus
604 2217 703 2246 esuriei
717 2231 729 2245 υ
743 2222 856 2245 excitare
870 2217 896 2251 ψ
911 2219 1006 2254 efhrire
1239 2223 1272 2251 13
1295 2215 1444 2242 conveniat
1458 2228 1482 2247 v,
1496 2214 1523 2249 ψ
1536 2216 1655 2243 convenit

474 2262 507 2288 18
532 2267 562 2288 ut
576 2258 795 2296 defungeremur
814 2270 827 2284 υ
841 2259 900 2285 inde
911 2260 1100 2297 frangercmur
1239 2263 1274 2289 ¹4
1297 2255 1417 2282 maxime
1431 2255 1455 2287 ψ
1469 2256 1506 2281 ad
1517 2266 1558 2282 nos

568 2299 594 2333 ψ
607 2301 667 2326 vide
670 2301 841 2336 fungeremur
1239 2303 1273 2329 ¹7
1297 2302 1352 2321 tam
1367 2308 1380 2321 υ
1395 2306 1471 2331 quam
1485 2294 1510 2327 ψ
1523 2296 1552 2324 d.

472 2348 505 2368 21
531 2339 603 2366 Vale
618 2352 632 2365 ν
646 2340 673 2365 d.
1234 2347 1276 2356 —
1297 2334 1396 2361 mirere
1411 2347 1424 2361 υ
1439 2337 1516 2362 mirer

473 2389 509 2408 22
531 2379 634 2407 Caelius
649 2379 674 2412 ψ
689 2378 723 2406 C.
739 2376 835 2405 Caelius
850 2377 877 2405 S.
893 2377 931 2405 D.
947 2376 991 2406 M.
1007 2377 1040 2407 T.
1057 2379 1091 2408 C.
1240 2382 1277 2411 19
1299 2374 1417 2401 eundern
1434 2388 1447 2401 υ
1462 2374 1533 2402 ιΙΙιυη

471 2428 506 2455 23
529 2417 741 2455 repraesentante
755 2417 781 2452 ψ
795 2416 967 2455 representare
1237 2422 1275 2441 22
1298 2413 1394 2441 Cruris
1410 2427 1424 2441 v
1437 2417 1475 2442 στί
1487 2426 1498 2441 s

592 190 1628 243 EPISTOLARUM

466 346 639 406 AD
756 341 1766 402 FAMILIARES

820 510 1172 551 LIBER
1256 507 1401 547 VIII.

514 647 620 687 Edit.
651 646 794 685 Olivet.
1485 643 1600 683 MSS.
1631 661 1663 690 υ,
1682 638 1721 696 ψ

472 2468 506 2497 25
529 2458 628 2488 ordine
642 2471 655 2488 v
665 2467 754 2497 genere
1239 2467 1280 2476 —
1299 2455 1409 2483 vultum
1425 2452 1452 2490 ψ
1465 2452 1557 2483 vulcus
