2351 2997
579 352 672 391 AD
730 349 1194 390 FAMILIARES
1253 350 1385 391 LIB.
1436 351 1552 392 vm.
1680 367 1756 407 199

383 449 513 489 Catoni
541 449 683 503 ‘Iffi'nsus
711 449 766 501 est,
800 449 863 503 qui
890 448 932 487 de
959 458 992 488 te
1025 449 1158 488 locutus
1189 449 1370 501 honorffi'ce
1391 465 1456 490 non
1485 451 1646 490 decrerat
1660 452 1751 507 sup-

376 514 592 570 plicationes.
642 511 783 553 Tertius
814 514 867 552 ad
895 514 956 552 hos
976 515 1158 554 Favonius
1178 516 1322 566 accefflt.
1369 518 1493 569 Qcare
1504 525 1573 571 pro
1593 517 1752 571 cujusque⁸

380 587 513 617 natura
533 587 567 617 et
595 578 749 630 iissituto
773 578 909 630 gratiae
922 579 1005 632 fient
1033 579 1180 631 agendae
1195 593 1207 616 .·
1238 580 1307 628 his,
1341 580 1435 634 quod
1458 590 1592 620 tantum
1623 582 1748 621 volun-

381 651 488 681 tatem
524 642 761 695 ostenderunt3
787 651 855 696 pro
875 643 1064 695 sententia,
1097 657 1176 681 cum
1204 644 1369 697 impedire
1389 645 1531 699 poffi’nt,
1565 660 1629 684 non
1653 655 1751 699 pug-

379 717 536 746 narunt:
569 708 717 746 Curioni
743 721 841 752 vero,
874 706 968 761 quod
993 707 1035 745 de
1053 707 1208 760 suarum
1239 709 1416 746 aetionum
1446 710 1547 762 cursu
1567 719 1629 748 tua
1649 712 1753 765 causa

379 773 528 821 deflexit.
573 773 675 811 Nam
696 772 851 810 Furnius
871 781 903 810 et
928 772 1117 820 Lentulus,
1149 781 1189 811 ut
1209 772 1411 821 debuerunt,
1443 775 1539 828 qucfi
1559 789 1674 814 eorum
1695 790 1751 815 res

378 837 466 888 effet,
500 851 571 875 una
590 836 757 888 nobiscum
780 835 1028 874 circumierunt
1046 845 1080 875 et
1099 836 1319 875 laborarunt.
1364 838 1477 876 Balbi
1500 853 1630 893 quoque
1656 840 1748 878 Cor-

378 901 464 940 nelii
480 910 619 955 operam
640 910 672 939 et
680 900 906 953 sedulitatem
928 900 1076 939 laudare
1090 902 1228 955 pofficm.
1276 903 1379 941 Nam
1411 917 1488 942 cum
1510 905 1662 943 Curione
1683 919 1750 944 ve-

379 966 554 1005 hementer
573 967 704 1004 locutus
723 966 790 1017 est3
825 975 858 1004 et
878 980 967 1013 etim,
975 966 1016 1018 si
1030 966 1136 1004 aliter
1142 967 1293 1020 fecgffi’t,
1321 968 1489 1020 iiy'uriam
1511 969 1747 1023 Caesarifizc-

380 1041 500 1070 turum
535 1031 647 1069 dixit:
678 1040 752 1069 tum
787 1032 858 1083 ejus
878 1031 989 1081 fidem
1022 1031 1059 1069 in
1078 1032 1306 1086 sttspicionem
1338 1032 1496 1072 adduxit.
1542 1036 1747 1074 Decrerant

378 1097 529 1151 quidem,
561 1097 623 1151 qui
654 1111 759 1149 neque
794 1097 939 1149 trmfigl
969 1097 1145 1145 volebant,
1179 1099 1348 1146 Domitii,
1389 1099 1590 1153 Scipionem
1626 1101 1748 1154 quibus

378 1162 448 1201 hac
467 1177 505 1200 re
525 1162 576 1200 ad
591 1161 848 1211 intercefflonem
869 1161 1081 1200 evocandam
1103 1163 1409 1217 interpellantibus,
1431 1166 1651 1217 ventstffnze
1671 1167 1704 1204 C
1704 1181 1749 1204 u-

378 1227 431 1265 rio
452 1227 634 1281 respondit,
655 1226 699 1279 se
718 1241 753 1264 eo
773 1227 931 1265 libentius
951 1241 1016 1265 non
1036 1227 1260 1275 intercedere,
1290 1229 1383 1282 quod
1399 1229 1574 1283 quosdam,
1605 1231 1667 1284 qui
1684 1231 1743 1270 de-

376 1301 566 1339 cernerent,
599 1291 737 1330 videret
765 1292 886 1341 confici
913 1292 1011 1330 nolle.
1059 1292 1167 1344 Qod
1188 1293 1240 1331 ad
1264 1295 1510 1348 rempublicam
1537 1295 1678 1343 attinet,
1707 1296 1746 1335 in

378 1371 484 1395 unam
506 1357 645 1409 causam
665 1357 773 1394 omnis
800 1357 965 1395 contentio
986 1358 1138 1411 conjee‘ta
1166 1359 1221 1410 est.
1267 1360 1330 1397 De
1343 1360 1554 1413 provinciis,
1588 1361 1744 1414 inquam,

373 1421 489 1460 adbuc
520 1423 573 1473 cst.
620 1421 806 1471 Incubuff’
838 1435 914 1459 cum
933 1422 1065 1475 senam
1084 1424 1273 1477 Pompeius
1293 1424 1448 1472 videtur,
1483 1434 1522 1463 ut
1544 1427 1668 1478 Caeſsir
1686 1427 1745 1465 ld.

378 1487 554 1526 Noveinb.
588 1486 741 1525 decedat.
790 1487 899 1525 Curio
929 1487 1043 1526 omnia
1067 1488 1186 1542 potius
1202 1488 1326 1541 subire
1357 1491 1540 1542 constituit,
1572 1506 1677 1545 quam
1707 1493 1749 1530 id

369 1552 478 1606 pati:
511 1562 657 1591 caeteras
691 1566 753 1590 uas
774 1552 896 1605 abjecit
916 1552 1079 1591 abii'ones.
1111 1553 1236 1606 Nostri
1246 1563 1369 1608 porro,
1392 1569 1473 1608 quos
1492 1565 1530 1594 tu
1551 1557 1630 1595 bene
1647 1559 1743 1609 nosti,

373 1617 426 1654 ad
441 1627 628 1656 extremum
649 1625 823 1655 certamen
842 1631 916 1656 rem
941 1617 1109 1656 deducere
1137 1633 1201 1657 non
1232 1619 1372 1658 audent.
1418 1621 1531 1659 Scena
1561 1622 1615 1659 rei
1641 1622 1746 1660 totius

377 1681 463 1720 hcec.
508 1681 708 1735 Pompeius,
740 1691 908 1735 tanquam
938 1683 1114 1735 Caesarem
1150 1697 1216 1721 non
1248 1683 1437 1738 impugnet,
1456 1685 1536 1738 fid,
1571 1686 1665 1739 quod
1692 1687 1749 1725 illi

374 1760 510 1800 aequum
527 1755 642 1800 putet,
675 1745 868 1798 constituat,
902 1747 955 1785 ait
986 1747 1172 1786 Curionem
1204 1762 1357 1801 quaereie
1389 1748 1590 1802 discordias,
1636 1750 1746 1789 Valde

373 1821 490 1849 autem
508 1825 572 1849 non
593 1812 685 1858 vult,
719 1820 752 1849 et
765 1812 870 1864 plane
890 1812 1002 1859 timet,
1037 1813 1213 1866 Caesarem
1234 1814 1398 1866 consulem
1431 1814 1603 1866 defignari
1623 1817 1742 1869 prius,

373 1891 478 1929 quain
500 1876 685 1914 exercitum
706 1885 740 1914 et
764 1877 988 1929 provinciam
1019 1878 1220 1916 tradiderit.
1268 1878 1458 1932 Accipitur
1474 1879 1571 1932 scitis
1599 1882 1689 1919 male
1720 1895 1744 1918 a

372 1941 537 1987 Curione,
572 1950 604 1979 et
640 1949 731 1979 totus
768 1941 838 1993 ejus
860 1942 1036 1995 secundus
1072 1944 1265 1997 consulatus
1297 1943 1512 1995 exagitatur.
1562 1947 1645 1983 Hoc
1679 1946 1746 1984 tibi

372 2006 447 2044 dico
464 2020 474 2044 :
490 2007 531 2058 st
547 2007 697 2045 omnibus
727 2008 826 2045 rebus
850 2016 1011 2060 prement
1039 2009 1239 2056 Curionem,
1273 2009 1398 2061 Caesar
1425 2008 1653 2063 defendetur:
1685 2011 1740 2049 in·

371 2072 579 2121 tercefforem
587 2072 627 2122 st
653 2071 769 2124 (quod
795 2072 983 2123 videntur)
1012 2071 1289 2126 rffnrmidarint,
1324 2074 1463 2126 Caffizn
1498 2074 1616 2127 quoad
1631 2077 1739 2124 volet,

372 2136 536 2174 manebit.
581 2138 700 2187 Qam
731 2137 870 2190 qufflue
896 2138 1100 2188 sententiam
1128 2138 1268 2185 dixerit,
1302 2139 1338 2177 in
1359 2139 1601 2178 commentario
1621 2141 1664 2193 est
1683 2155 1739 2179 re·

370 2216 449 2239 rum
470 2201 685 2238 urbanarum
705 2216 715 2245 3
750 2215 791 2239 ex
811 2217 873 2255 quo
893 2211 946 2249 tu,
970 2216 1048 2256 quae
1069 2203 1286 2257 dignasunt,
1308 2204 1432 2257 filige.
1475 2205 1602 2242 Multa
1622 2215 1740 2254 trani,

370 2266 405 2303 in
429 2265 557 2319 primis
586 2265 745 2304 ludorum
776 2266 970 2319 explozones
986 2281 998 2304 .·
1030 2277 1064 2306 et
1081 2267 1257 2320 funerum
1289 2277 1321 2306 et
1352 2268 1564 2320 ineptiarum
1591 2278 1738 2308 caetera-

370 2345 450 2368 rum
461 2331 571 2384 plura
593 2330 694 2368 habet
715 2331 868 2369 inutilia.
900 2332 1078 2386 Denique,
1103 2334 1193 2371 malo
1212 2333 1249 2371 in
1269 2332 1360 2371 banc
1373 2342 1515 2387 partem
1532 2348 1667 2380 errare,
1685 2344 1743 2383 ut,

368 2410 447 2449 quae
466 2409 530 2433 non
550 2394 732 2444 desideras,
765 2396 903 2444 audias,
937 2412 1042 2451 quam
1063 2398 1266 2452 quidquam,
1300 2398 1394 2452 quod
1408 2407 1490 2452 opus
1509 2400 1565 2452 est,
1582 2408 1737 2453 praeter-

368 2462 547 2499 mittatur.
582 2457 663 2498 Tibi
683 2475 779 2500 curae
787 2462 896 2515 fitff'
916 2462 958 2501 de
976 2464 1129 2502 Sittiano
1148 2464 1296 2516 negotio,
1313 2463 1475 2516 gaudeo:
1495 2463 1576 2517 st’d’
1607 2465 1742 2518 quando

308 2535 310 2537 ’
356 2527 549 2580 fiispicaris
579 2525 690 2564 minus
721 2535 819 2566 certa
835 2527 915 2579 fide
946 2542 999 2568 eos
1030 2529 1095 2569 tibi
1122 2528 1227 2583 vistis,
1258 2538 1426 2583 tanquam
1447 2537 1661 2584 procurator
1680 2530 1738 2583 fit:

365 2606 469 2644 agas,
502 2605 597 2644 rogo.
633 2592 730 2631 Vale.
