2351 2997
538 341 613 382 342
890 327 1570 365 EI‘ISTOLARUM

672 561 735 598 M.
770 561 822 598 T.
857 559 1098 596 CICERO
1141 560 1529 596 CRASSIPEDI
1573 559 1609 596 S.
1644 559 1687 596 P.
1722 561 1775 597 D.

536 690 609 728 IX.
637 690 710 776 Q
728 690 765 726 U
782 689 817 726 A
832 689 871 726 N
889 688 979 738 QU
995 688 1031 724 A
1046 687 1094 723 M
1125 685 1197 723 tibi
1230 686 1392 737 praesens
1420 686 1707 731 commendavi,
1741 696 1783 724 ut
1804 686 1915 738 potui

734 753 1039 805 diligentiffime,
1063 751 1185 789 socios
1207 750 1425 803 Bithyniae3
1450 760 1565 804 teque
1586 765 1677 789 cum
1700 766 1784 789 mea
1805 766 1916 789 com-

534 821 799 864 mendatione,
818 828 903 857 tum
920 819 1037 855 etiam
1055 826 1119 854 tua
1140 817 1288 868 sponte,
1308 817 1486 854 intellexi
1507 830 1648 869 cupere
1669 818 1703 855 ei
1724 817 1912 862 societati,

534 886 836 938 quibuscunque
857 884 970 921 rebus
992 882 1128 934 pofl‘eS,
1161 881 1434 919 commodare:
1468 890 1613 926 tamen,
1636 896 1727 920 cum
1749 883 1792 926 ii,
1815 895 1916 933 quo-

535 965 623 989 rum
645 964 701 988 res
723 950 865 1001 agitur,
883 948 1017 999 magni
1039 947 1103 984 sua
1122 946 1297 984 intereffe
1318 946 1610 991 arbitrarentur,
1628 961 1691 984 me
1711 948 1829 984 etiam
1850 960 1918 998 per

534 1017 665 1053 literas
686 1014 877 1052 declarare
899 1013 986 1057 tibi,
1020 1024 1096 1064 qua
1116 1010 1230 1048 ess‘em
1251 1024 1340 1062 erga
1360 1011 1461 1062 ipsos
1484 1011 1698 1056 voluntate,
1731 1025 1807 1048 non
1842 1011 1917 1048 du·-

535 1081 657 1119 bitavi
678 1079 760 1118 haec
781 1079 827 1116 ad
849 1088 885 1115 te
906 1077 1084 1115 scribere.
1128 1076 1232 1113 Volo
1261 1077 1367 1113 enim
1396 1085 1432 1113 te
1453 1076 1685 1120 existimare,
1718 1090 1794 1120 me,
1826 1088 1919 1112 cum

535 1145 713 1184 universo
744 1144 873 1181 ordini
906 1142 1209 1194 publicanorum
1240 1141 1389 1192 semper
1417 1141 1667 1178 libentiffime
1695 1141 1916 1184 tribuerim,

535 1211 654 1264 idque
679 1209 831 1261 magnis
861 1209 944 1259 ejus
975 1206 1122 1244 ordinis
1153 1219 1242 1257 erga
1271 1219 1334 1243 me
1363 1205 1514 1243 meritis
1544 1205 1668 1243 facere
1700 1206 1916 1249 debuerim,

535 1287 623 1315 tum
644 1277 683 1313 in
705 1275 843 1328 primis
865 1273 1036 1312 amicum
1057 1271 1129 1309 effe
1149 1270 1243 1308 huic
1266 1270 1484 1322 Bithynicae
1507 1271 1707 1315 societati,
1740 1285 1825 1323 quae
1855 1270 1916 1307 so-

536 1345 653 1381 cietas
675 1341 810 1378 ordine
831 1339 928 1391 ipso,
959 1347 997 1376 et
1019 1337 1229 1375 hominum
1249 1351 1402 1388 genere,
1435 1350 1521 1388 pars
1543 1337 1595 1374 est
1619 1338 1791 1374 maxima
1818 1336 1918 1373 civi-

537 1410 654 1446 tatis:
688 1405 835 1444 constat
864 1405 971 1442 enim
1000 1417 1047 1440 ex
1077 1403 1223 1440 caeteris
1254 1402 1530 1446 societatibus;
1564 1411 1601 1439 et
1622 1402 1709 1439 casu
1730 1401 1918 1454 permulti

537 1475 626 1511 sunt
658 1474 699 1510 in
730 1485 773 1508 ea
805 1470 983 1507 societate
1011 1468 1119 1506 valde
1151 1466 1253 1504 mihi
1282 1466 1520 1510 familiare83
1553 1467 1593 1504 in
1624 1466 1838 1519 primisque
1868 1467 1915 1510 is,

535 1540 649 1590 cujus
682 1536 925 1588 praecipuum
954 1533 1132 1570 officium
1161 1533 1290 1584 agitur
1315 1531 1392 1569 hoc
1423 1541 1612 1583 tempore,
1646 1533 1690 1570 P.
1714 1532 1917 1584 Rupilius,

537 1605 582 1642 P.
607 1603 726 1646 filius,
759 1602 873 1638 Men.
897 1600 967 1652 qui
987 1594 1039 1636 est
1061 1598 1239 1649 magister
1259 1598 1299 1635 in
1321 1611 1363 1635 ea
1384 1597 1577 1635 societate.
1625 1599 1723 1648 Qae
1744 1610 1836 1635 cum
1866 1598 1920 1634 ita

536 1670 625 1713 fint,
657 1669 697 1705 in
719 1667 907 1718 majorem
929 1663 1093 1702 modum
1121 1677 1141 1700 a
1171 1672 1207 1700 te
1231 1672 1337 1715 peto,
1372 1664 1448 1700 Cn.
1474 1662 1661 1714 Pupium,
1694 1663 1763 1714 qui
1794 1662 1847 1699 est
1878 1663 1919 1699 in

536 1733 664 1786 operis
686 1734 767 1783 ejus
790 1730 997 1774 societatis,
1029 1728 1214 1766 omnibus
1237 1730 1314 1766 tuis
1335 1728 1476 1765 officiis
1497 1737 1613 1780 atque
1639 1728 1749 1765 omni
1776 1727 1919 1764 libera-

536 1800 647 1837 litate
669 1807 824 1840 tueare3
857 1794 1043 1846 curesque
1073 1802 1117 1831 ut
1143 1794 1225 1845 ejus
1258 1807 1396 1846 operae,
1428 1792 1535 1844 quod
1567 1793 1641 1830 tibi
1671 1791 1786 1830 facile
1815 1791 1919 1829 faetu

536 1864 605 1907 est,
636 1875 754 1916 quam
786 1859 1004 1911 gratiffimae
1037 1858 1110 1895 fint
1142 1857 1283 1902 sociis,
1317 1871 1477 1909 remque
1498 1866 1536 1894 et
1557 1857 1769 1894 utilitatem
1791 1856 1918 1894 socio-

538 1942 627 1966 rum
651 1928 781 1977 (cujus
803 1924 857 1961 rei
881 1932 1067 1975 quantam
1094 1922 1322 1974 potestatem
1349 1921 1513 1973 quaestor
1538 1919 1692 1964 habeat,
1724 1934 1802 1957 non
1835 1920 1920 1957 sum

538 1990 714 2044 ignarus)
738 2003 805 2041 per
832 1997 869 2026 te
896 2001 1015 2039 quam
1042 1988 1213 2024 maxime
1242 1985 1437 2024 defensam
1469 1995 1507 2023 et
1536 1987 1686 2022 aunam
1717 1985 1827 2023 velis.
1874 1984 1920 2022 Id

537 2070 632 2096 cum
661 2054 763 2093 mihi
789 2053 1046 2105 gratiffimum
1076 2051 1228 2096 feceris,
1262 2061 1347 2090 tum
1378 2051 1478 2088 illud
1510 2050 1583 2088 tibi
1612 2060 1794 2102 expertus
1824 2063 1917 2101 pro-

539 2123 657 2162 mitto
679 2130 716 2158 et
738 2118 921 2172 spondeo,
954 2127 991 2155 te
1011 2117 1132 2155 socios
1156 2116 1365 2168 Bithynice,
1398 2117 1424 2154 si
1457 2117 1503 2154 iis
1525 2115 1802 2160 commodaris,
1835 2128 1919 2152 rne-

539 2201 667 2227 mores
688 2186 759 2224 effe
779 2194 817 2224 et
836 2193 963 2237 gratos
985 2184 1255 2235 cogniturum.
1289 2183 1399 2221 Vale.

916 2386 1177 2422 Cicxzno
1228 2384 1456 2420 BRuTo
1507 2382 1543 2419 S.

543 2517 596 2556 X,
631 2513 815 2588 CUM
849 2512 896 2550 ad
931 2521 968 2551 te
1002 2521 1092 2550 tuus
1127 2511 1303 2563 quaestor,
1340 2511 1404 2548 M.
1428 2512 1564 2554 Varro,
1595 2508 1916 2562 proficisceretur,

729 2578 1070 2619 commendatione
1097 2590 1208 2629 egere
1236 2590 1327 2615 eum
1348 2589 1426 2614 non
1446 2575 1661 2628 putabam:
1695 2574 1781 2612 satis
1813 2574 1920 2612 enim
