2351 2997
561 261 654 299 AD
712 261 1176 309 FAMILIARES
1235 274 1368 314 LIB.
1416 278 1534 319 XIII.
1672 288 1748 340 367

364 358 596 403 conscribam,
619 367 663 396 ut
683 367 785 405 tum,
808 375 901 402 cum
922 379 981 404 eas
1003 367 1122 420 leges,
1145 371 1260 412 facile
1281 377 1471 416 recordari
1493 380 1605 432 poffis
1628 381 1746 435 hujus

363 436 458 461 meae
478 423 833 466 commendationis
855 430 1116 485 diligentiam.
1163 439 1255 477 Hoc
1286 450 1322 478 te
1351 442 1602 485 vehementer
1628 450 1748 486 etiam

363 497 479 540 atque
499 488 618 526 etiam
639 503 748 542 rogo.
782 493 892 534 Vale.

754 693 996 732 CicERo
1047 699 1264 740 GALLO
1315 703 1352 740 S.

360 813 510 853 XLIV.
535 814 652 887 ET
666 817 687 854 S
703 817 722 855 Ι
751 831 799 856 ex
820 820 912 866 tuis,
935 831 973 860 et
993 836 1040 861 ex
1062 825 1111 863 L.
1132 827 1271 880 Oppii,
1294 828 1595 883 familiariffimi,
1618 839 1740 880 literis

621 884 804 934 cognovi,
829 894 865 923 te
886 900 1103 928 memorem
1124 896 1476 937 commendationis
1499 915 1593 940 meae
1613 903 1740 951 fuisse,

357 943 475 995 idque
494 960 565 998 pro
587 956 652 985 tua
673 947 824 987 summa
842 965 931 1003 erga
949 966 1013 991 me
1035 955 1318 1007 benevolentia,
1349 977 1499 1016 proque
1524 968 1650 1007 nostra
1669 984 1740 1009 ne-

358 1010 599 1056 ceffitudine,
632 1014 797 1052 minime
818 1016 902 1054 sum
923 1018 1134 1060 admiratus
1152 1042 1163 1068 ;
1197 1033 1324 1065 tamen
1346 1030 1464 1067 etiam
1485 1040 1601 1084 atque
1621 1036 1742 1075 etiam

358 1074 432 1112 tibi
454 1076 502 1114 L.
523 1077 704 1129 Oppium
724 1081 966 1131 praesentem,
997 1095 1035 1123 et
1056 1088 1104 1125 L.
1129 1089 1304 1141 Egnatii,
1336 1095 1415 1132 mei
1435 1095 1738 1146 familiariffimi,

355 1139 522 1179 absentis
553 1144 724 1193 negotia,
755 1149 1006 1188 commendo.
1053 1153 1182 1191 Tanta
1201 1155 1303 1195 mihi
1324 1172 1416 1197 cum
1436 1174 1481 1198 eo
1502 1164 1739 1204 neceffitudo

356 1204 409 1241 est
429 1204 760 1261 familiaritasque,
793 1220 850 1257 ut,
882 1213 909 1251 fi
935 1228 1021 1253 mea
1047 1230 1104 1255 res
1125 1219 1229 1265 esset,
1261 1235 1339 1261 non
1361 1226 1485 1277 magis
1506 1227 1736 1271 laborarem.

356 1271 607 1324 Qapropter
633 1275 893 1325 gratiffimum
924 1280 1026 1319 mihi
1057 1282 1210 1330 feceris,
1242 1287 1268 1324 fi
1299 1292 1458 1337 curaris,
1491 1302 1534 1330 ut
1563 1294 1594 1332 is
1616 1296 1736 1335 intel-

353 1335 465 1386 ligat,
495 1350 560 1374 me
593 1352 614 1374 a
645 1348 683 1376 te
712 1349 866 1381 tantum
900 1347 1034 1392 amari,
1066 1359 1259 1400 quantum
1291 1354 1370 1407 ipse
1401 1357 1595 1399 existimo.
1642 1362 1736 1401 Hoc

352 1399 454 1437 mihi
474 1402 621 1452 gratius
646 1402 772 1444 facere
801 1406 903 1446 nihil
930 1419 1069 1462 potes:
1101 1414 1221 1467 idque
1251 1427 1294 1456 ut
1322 1419 1455 1467 facias,
1486 1423 1737 1466 vehementer

353 1474 390 1503 te
410 1479 521 1518 rogo.
553 1468 665 1508 Vale.

401 1662 466 1700 M.
500 1662 553 1700 T.
587 1663 636 1701 C.
669 1666 943 1707 APULEIO
985 1671 1434 1723 PRoQUAEsToRI
1477 1685 1515 1722 S.
1548 1686 1594 1726 P.
1628 1688 1681 1725 D.

350 1788 479 1827 XLV.
503 1790 733 1861 LUCIO
757 1796 927 1847 Egnatio
948 1812 1042 1844 uno,
1060 1802 1191 1852 equite
1213 1804 1407 1854 Romano,
1426 1812 1485 1848 vel
1506 1811 1729 1854 familiaris-

601 1857 693 1895 fime
725 1869 827 1899 utor.
876 1863 972 1914 Ejus
1003 1865 1247 1907 Anchialum
1281 1872 1448 1920 servum,
1480 1880 1728 1932 negotiaque,

346 1931 433 1970 quae
453 1918 572 1959 habet
591 1922 632 1959 in
654 1924 756 1969 Asta,
780 1926 853 1963 tibi
875 1931 1110 1969 commendo
1131 1946 1210 1971 non
1231 1937 1382 1977 minore
1403 1940 1542 1988 studio,
1563 1959 1681 1996 quam
1703 1947 1728 1985 fi

346 1997 428 2022 rem
463 2000 591 2025 meam
625 1991 957 2032 commendarem.
1005 1996 1066 2034 Sic
1098 1998 1204 2036 enim
1236 2002 1430 2043 existimes
1461 2009 1595 2054 velim,
1627 2011 1729 2050 mihi

344 2062 436 2087 cum
466 2064 512 2088 eo
542 2066 621 2089 non
651 2055 770 2093 modo
799 2059 1069 2107 quotidianam
1099 2064 1422 2108 consuetudinem
1448 2072 1641 2114 summam
1662 2078 1726 2115 in-

345 2114 552 2160 tercedere,
584 2117 646 2154 sed
675 2119 794 2157 etiam
823 2121 952 2160 officia
979 2138 1119 2177 magna
1147 2138 1186 2165 et
1213 2141 1351 2171 mutua
1380 2136 1505 2175 nostra
1533 2140 1635 2178 inter
1656 2155 1726 2180 nos

343 2179 429 2217 esse.
476 2182 746 2232 Qamobrem
772 2187 891 2225 etiam
922 2198 1038 2241 atque
1065 2193 1183 2231 etiam
1211 2208 1232 2232 a
1258 2206 1295 2235 te
1323 2209 1429 2251 peto,
1462 2212 1505 2241 ut
1526 2218 1650 2252 cures,
1682 2217 1726 2246 ut

344 2244 539 2297 intelligat
561 2261 623 2285 me
644 2249 689 2286 ad
712 2258 748 2287 te
769 2250 855 2290 satis
878 2252 1088 2306 diligenter
1107 2258 1316 2312 scripfiffe:
1349 2278 1439 2303 nam
1470 2268 1516 2306 de
1547 2279 1611 2308 tua
1636 2285 1724 2324 erga

343 2323 407 2347 me
426 2312 627 2351 voluntate
649 2328 726 2353 non
748 2316 966 2360 dubitabat.
999 2322 1046 2360 Id
1067 2333 1110 2363 ut
1131 2324 1264 2374 facias,
1283 2338 1320 2367 te
1335 2331 1453 2371 etiam
1474 2343 1590 2388 atque
1605 2338 1724 2376 etiam

343 2390 451 2427 rogo.
485 2379 595 2418 Vale.
