2351 2997
539 321 615 374 316
881 320 1565 361 EPISTOLA-RUM

539 419 771 473 cognoscerem
793 434 898 473 quam
911 419 1081 473 primum,
1099 427 1130 455 et
1151 431 1213 455 vos
1235 416 1275 454 de
1296 417 1387 454 omni
1405 415 1613 470 refizcerem
1636 415 1811 456 certiores.
1841 417 1910 455 In-

539 484 656 530 terim,
689 498 766 521 cum
792 493 857 536 per
886 483 1014 535 &fidas
1043 482 1079 519 in
1107 481 1228 532 Asiam
1259 480 1448 532 naviganti
1477 480 1565 518 mihi
1594 481 1789 518 nuntiatum
1817 481 1909 531 offis,

540 549 671 599 claffem
692 547 891 586 Dolabellae
913 547 948 584 in
969 546 1084 598 Lycia
1106 545 1179 596 effe,
1200 544 1417 598 Rhodiosque
1436 559 1546 583 naves
1561 546 1748 599 complures
1762 545 1906 598 instruc-

540 621 596 650 tas
616 623 648 651 et
660 622 813 666 paratas
833 612 868 650 in
890 625 982 665 aqua
1003 611 1127 649 habere
1146 625 1157 654 ;
1189 624 1266 648 cum
1293 610 1347 648 his
1376 610 1543 657 navibus,
1574 625 1659 664 quas
1688 619 1750 648 aut
1777 624 1908 648 mecum

540 677 768 724 adduxeram,
799 686 862 715 aut
883 684 1153 730 comparaverat
1172 674 1338 728 Patiscus
1350 677 1577 729 proquaestor‚
1611 675 1707 713 homo
1728 675 1817 713 mihi
1834 688 1909 712 cum

529 741 805 794 flmziliaritate,
827 751 901 780 tum
923 741 1026 779 etiam
1034 739 1182 792 stifibus
1202 739 1237 777 in
1264 739 1452 793 republica,
1482 739 1780 792 conjunfftgffimus,
1808 738 1908 778 Rho-

541 807 624 845 dum
645 807 791 853 reverti,
816 806 953 859 confisus
974 804 1185 843 atifftoritate
1206 805 1333 856 vestra,
1341 804 1551 858 senatusque
1571 804 1732 857 consulto,
1747 819 1812 858 quo
1832 803 1907 856 hos-

541 879 611 909 tem
630 871 854 910 Dolabellam
863 869 1083 922 judicaratis
1099 883 1109 912 3
1119 866 1256 921 soedcre
1276 882 1418 922 quoque,
1439 868 1533 921 quod
1549 882 1624 906 cum
1643 867 1699 905 his
1716 869 1776 906 M.
1796 869 1911 905 Mar-

540 937 636 981 cello,
652 936 731 974 Ser.
747 935 898 988 Sulpicio
914 934 1111 987 corficlibus,
1129 941 1334 971 renovatum
1351 941 1442 979 erat,
1460 947 1524 986 quo
1528 933 1751 985 juraverant
1765 931 1910 977 Rhodii,

543 1000 671 1054 eosdem
692 1001 845 1053 bostesse
866 999 1058 1045 habituros,
1088 1012 1171 1051 quos
1189 998 1337 1036 Senatus
1350 998 1561 1051 populusqtce
1580 998 1774 1035 Romanus.
1818 999 1911 1048 Qae

543 1080 600 1104 res
617 1081 675 1104 nos
695 1066 915 1104 vehementer
921 1063 1056 1117 fifillit
1072 1077 1083 1100 .·
1115 1071 1252 1100 tantum
1274 1061 1363 1100 enim
1384 1061 1513 1115 abfuit,
1543 1070 1582 1099 ut
1602 1062 1741 1100 illorum
1753 1061 1910 1115 praestdio

542 1132 689 1183 nostram
695 1132 925 1180 firmaremus
943 1128 1090 1178 claffi’m,
1112 1136 1149 1164 ut
1166 1127 1271 1165 etiam
1292 1141 1316 1164 a
1335 1126 1484 1164 Rhodiis
1503 1127 1598 1173 urbe,
1615 1135 1738 1179 portu,
1743 1127 1912 1179 statione,

540 1211 620 1250 quae
640 1205 741 1234 extra
761 1195 877 1233 urbem
900 1195 955 1246 est,
989 1201 1193 1239 commeatu,
1227 1206 1321 1245 aqua
1342 1190 1499 1245 denique,
1524 1191 1794 1245 prohiberentur
1812 1191 1917 1244 nostri

544 1262 695 1306 milites;
728 1275 786 1299 nos
812 1260 875 1298 vix
901 1259 964 1311 ipst
969 1257 1117 1312 singulis
1139 1271 1216 1295 cum
1236 1256 1426 1309 navigiolis
1444 1257 1688 1311 reciperemur.
1717 1259 1836 1309 Qam
1855 1256 1912 1294 in,-

542 1327 765 1379 dignitatem,
797 1324 1119 1376 diminutionemque
1139 1321 1338 1376 majestatis,
1371 1335 1436 1360 non
1452 1321 1569 1374 solum
1586 1322 1686 1374 juris
1710 1321 1827 1372 nostri,
1843 1321 1918 1375 sed

546 1393 653 1430 etiam
676 1391 817 1445 imperii
837 1389 1023 1444 populique
1054 1387 1221 1434 Romani,
1254 1386 1383 1425 idcirco
1415 1386 1572 1434 tulimus,
1604 1386 1697 1440 quod
1715 1385 1914 1440 interceptis

543 1456 655 1495 literis
684 1469 923 1508 cognoramus,
956 1452 1195 1499 Dolabellam,
1213 1452 1254 1504 st
1269 1451 1465 1505 desperaffi’t
1485 1450 1526 1490 de
1543 1450 1648 1503 Syria
1666 1452 1913 1505 AEgyptoque‚

544 1521 639 1575 quod
652 1520 771 1570 nece-ff,²
790 1528 867 1557 erat
873 1518 975 1569 fleri,
1007 1517 1043 1554 in
1073 1531 1180 1555 naves
1213 1530 1290 1554 cum
1321 1516 1473 1554 omnibus
1491 1515 1572 1568 suis
1598 1515 1786 1554 latronibus
1809 1524 1913 1569 atque

544 1585 639 1623 omni
655 1583 805 1638 pecunia
831 1581 1047 1636 conscendere
1079 1581 1137 1631 effe
1156 1589 1342 1634 paratum,
1372 1580 1586 1633 Italiamque
1607 1588 1727 1632 petere
1743 1593 1755 1616 .·
1783 1579 1911 1617 idcirco

545 1650 650 1689 etiam
686 1664 794 1687 naves
823 1647 1013 1693 onerarias,
1057 1660 1206 1700 quarum
1237 1645 1349 1683 minor
1383 1645 1480 1684 nulla
1513 1654 1591 1683 erat
1625 1645 1738 1683 duum
1767 1644 1913 1682 millium

544 1715 764 1768 amphoram,
786 1716 989 1751 contraotas
1007 1711 1044 1749 in
1063 1710 1179 1763 Lycia
1198 1725 1221 1748 a
1236 1710 1332 1761 claffi’
1347 1710 1417 1763 ejus
1432 1708 1580 1762 obsideri.
1612 1709 1734 1762 Hujus
1748 1709 1802 1747 rei
1813 1709 1916 1747 timo-

546 1794 598 1826 re,
629 1782 762 1819 Patres
783 1777 976 1831 conscripti,
1002 1776 1172 1830 percitus,
1204 1775 1355 1828 injurias
1368 1775 1520 1828 perpeti,
1555 1784 1588 1813 et
1611 1789 1688 1813 cum
1710 1774 1914 1812 contumelia

545 1846 650 1884 etiam
669 1846 779 1896 nostra
799 1843 913 1881 omnia
929 1842 1029 1898 prius
1045 1841 1207 1895 experiri,
1228 1840 1348 1878 malui.
1378 1842 1504 1894 Itaque
1525 1839 1575 1878 ad
1590 1840 1730 1878 illorum
1747 1840 1912 1878 volunta-

546 1919 614 1947 tem
632 1907 854 1946 introduestus
874 1907 909 1944 in
931 1906 1045 1943 urbem
1067 1914 1099 1942 et
1120 1905 1156 1942 in
1171 1905 1338 1957 senatum
1370 1917 1504 1950 eorum,
1530 1917 1634 1957 quam
1665 1902 1914 1954 diligentfflme

538 1974 655 2026 potui,
678 1974 817 2024 caustzm
835 1970 1032 2024 reipublicae
1051 1968 1132 2020 egi3
1157 1968 1418 2022 periculumque
1449 1983 1556 2015 omne,
1590 1967 1683 2021 quod
1707 1967 1862 2019 instaret,
1877 1968 1919 2018 st

546 2039 603 2076 ille
622 2038 713 2075 latro
735 2051 810 2074 cum
832 2034 982 2073 omnibus
991 2033 1068 2086 ficis
1086 2047 1195 2070 naves
1215 2032 1461 2086 conscendgffi’t,
1493 2032 1640 2086 exposui.
1671 2031 1827 2070 Rhodios
1845 2045 1911 2069 au-

547 2112 613 2142 tem
634 2111 735 2140 tanta
760 2101 796 2139 in
822 2100 1010 2155 pravitate
1043 2097 1293 2144 animadverti,
1327 2107 1366 2135 ut
1398 2111 1509 2136 omnes
1525 2097 1705 2147 firmiores
1728 2105 1911 2150 putarent,

546 2183 651 2223 quam
679 2167 800 2205 bonos:
833 2175 870 2204 ut
898 2165 988 2202 hanc
1019 2163 1233 2202 concordiam
1264 2171 1295 2200 et
1326 2163 1609 2216 conspirationem
1641 2162 1790 2200 omnium
1818 2161 1913 2199 ordi-

546 2247 627 2271 num
647 2232 698 2269 ml
712 2229 957 2282 dcfi’ndemlam
978 2229 1171 2267 libertatem
1186 2227 1352 2281 propense
1371 2241 1436 2264 non
1461 2226 1635 2265 crederent
1664 2226 1720 2277 effe
1741 2226 1913 2278 saetam.-

545 2307 585 2336 ut
597 2295 963 2351 patientiamfinatus
982 2302 1014 2331 et
1036 2292 1157 2346 optimi
1174 2291 1332 2345 cujusque
1351 2306 1489 2330 manere
1517 2291 1622 2330 etiam
1653 2304 1742 2329 nunc
1771 2289 1915 2339 confide-

546 2371 637 2407 rent,
671 2375 729 2399 nec
757 2359 896 2414 potuiffe
927 2357 1053 2396 audere
1087 2370 1292 2410 quemquam
1323 2356 1548 2394 Dolabellam
1582 2356 1703 2408 hostem
1721 2354 1911 2408 judicare:

545 2437 584 2466 ut
619 2425 761 2479 denique
797 2425 923 2471 omnia,
958 2438 1036 2477 quae
1066 2422 1214 2476 improbi
1231 2422 1430 2473 fingebant,
1468 2421 1582 2474 magis
1616 2435 1706 2459 vera
1742 2420 1797 2458 exi
1822 2420 1912 2456 ima-

544 2500 635 2535 rent,
668 2505 771 2544 quam
793 2504 870 2543 quae
891 2486 1091 2541 veicstzzita
1111 2496 1224 2533 erant,
1248 2496 1279 2524 et
1301 2502 1323 2524 a
1342 2487 1434 2525 nobis
1454 2487 1672 2525 docebantur.
1702 2486 1786 2536 Qa
1806 2492 1915 2521 mente

546 2556 649 2596 etiam
671 2565 750 2594 ante
776 2555 921 2607 nestrum
949 2553 1154 2600 adventum,
1178 2552 1252 2606 post
1283 2547 1446 2590 Trebonii
1473 2551 1738 2603 indigngffimam
1769 2547 1908 2595 caedem,
