2351 2997
605 281 697 318 AD
756 276 1218 317 FAMILIARES
1278 278 1409 316 LIB.
1458 279 1571 318 XIV.
1708 297 1776 334 391

399 379 461 417 sed
482 378 592 416 video
613 377 653 414 in
676 386 712 414 te
733 377 803 415 effe
824 378 968 415 omnia.
1003 379 1146 429 Qare,
1180 388 1223 416 ut
1244 379 1297 423 id,
1324 379 1430 431 quod
1452 379 1589 432 speras,
1617 389 1654 417 et
1675 381 1781 432 quod

398 444 493 495 agis,
517 442 815 494 consequamur,
839 442 934 480 servi
955 444 1182 481 valetudini.
1230 445 1317 496 Ego
1337 445 1382 481 ad
1403 459 1500 496 quos
1522 446 1685 483 scribam
1708 460 1778 483 ne—

399 509 493 551 scio,
525 508 594 545 nifi
616 508 660 544 ad
682 522 760 553 eos,
787 509 855 560 qui
876 508 923 544 ad
943 522 1005 545 me
1027 509 1216 553 scribunt,
1246 519 1311 546 aut
1332 511 1377 546 ad
1398 524 1476 555 eos,
1500 511 1545 548 de
1566 512 1709 562 quibus
1731 512 1777 548 ad

397 587 460 610 me
488 587 554 610 vos
582 573 730 624 aliquid
758 573 941 610 scribitis.
988 574 1181 625 Longius,
1213 575 1400 625 quoniam
1428 576 1481 612 ita
1502 576 1609 613 vobis
1632 576 1772 627 placet,

398 652 475 676 non
499 638 711 675 discedam:
735 638 797 675 sed
818 638 951 681 velim,
970 651 1087 688 quam
1109 638 1305 690 saepiffime
1327 639 1453 677 literas
1475 641 1655 684 mittam,
1675 655 1772 692 prae-

397 704 529 741 sertim
551 704 575 740 si
597 702 693 754 quid
713 703 765 740 est
786 703 953 745 firmius.
977 703 1082 753 quod
1104 703 1311 755 speremus.
1345 705 1494 749 Valere,
1523 719 1607 743 mea
1628 705 1774 743 defide-

396 770 464 812 τίη,
496 768 632 805 valete.
678 769 728 805 A.
753 768 791 806 d.
817 781 872 805 111
898 768 1032 805 Nonas
1055 770 1218 806 Odiobr.
1243 769 1529 808 Thessalonica.

560 970 767 1006 TULLan
809 969 1092 1011 TERENTUE,
1136 982 1193 1006 ET
1236 971 1509 1016 TULLioLAE,
1554 985 1612 1010 ET

853 1034 1015 1071 C1CER.
1059 1046 1151 1071 sors
1195 1036 1231 1072 S.
1266 1035 1318 1073 D.

399 1161 474 1198 III.
500 1160 616 1232 AC
631 1163 663 1199 C
680 1163 711 1199 E
728 1162 787 1199 ΡΙ
817 1162 863 1199 ab
885 1162 1116 1201 Aristocrito
1138 1172 1212 1200 tres
1233 1163 1424 1215 epistolaS,
1443 1177 1534 1215 quas
1556 1178 1627 1216 ego
1648 1165 1774 1216 lacry-

608 1228 683 1264 mis
705 1241 824 1279 prope
845 1227 984 1265 delevi.
1029 1228 1230 1266 conficior
1249 1229 1356 1266 enim
1376 1243 1555 1275 moerore,
1587 1245 1672 1268 mea
1691 1232 1775 1269 Te-

399 1293 549 1337 rentia3
582 1306 652 1330 nec
686 1306 781 1331 meae
813 1307 876 1330 me
906 1292 1067 1331 miseriae
1101 1294 1225 1345 magis
1260 1296 1499 1340 excruciant,
1531 1309 1649 1348 quam
1684 1305 1774 1341 tuae,

398 1357 618 1409 vestraeque.
666 1358 753 1408 Ego
783 1367 913 1395 autem
944 1357 1021 1395 hoc
1054 1358 1228 1396 miserior
1256 1359 1355 1404 sum,
1386 1374 1503 1412 quarn
1535 1371 1592 1405 tu,
1624 1375 1708 1414 quae
1736 1375 1774 1399 es

397 1422 625 1466 miserrima,
657 1421 763 1473 quod
792 1422 872 1474 ipsa
900 1422 1097 1460 calamitas
1124 1425 1347 1462 communis
1375 1425 1427 1462 est
1454 1426 1653 1477 utriusque
1685 1426 1774 1464 nos-

397 1496 518 1532 trum,
551 1487 613 1524 sed
634 1487 750 1539 culpa
768 1501 853 1524 mea
872 1489 1027 1539 propria
1047 1488 1114 1526 est.
1155 1489 1296 1526 Meum
1317 1489 1393 1526 fuit
1414 1490 1604 1534 officium,
1636 1491 1696 1528 vel
1717 1492 1775 1529 le-

396 1554 553 1605 gatione
572 1552 690 1589 vitare
711 1553 946 1604 periculum,
979 1553 1038 1590 vel
1068 1553 1272 1605 diligentia
1297 1564 1334 1592 et
1361 1555 1484 1607 copiis
1505 1555 1684 1601 resistere,
1715 1557 1776 1594 vel

398 1618 530 1655 cadere
551 1616 719 1655 fortiter.
755 1618 846 1655 Hoc
868 1618 1058 1662 miserius,
1091 1619 1261 1671 turpius,
1291 1620 1507 1671 indignius,
1540 1621 1651 1659 nobis
1675 1621 1776 1659 nihil

397 1681 490 1720 fuit.
537 1683 666 1733 Qare
695 1695 787 1718 cum
815 1682 947 1720 dolore
972 1683 1170 1727 conficiar,
1204 1693 1288 1721 tum
1310 1685 1426 1722 etiam
1448 1685 1621 1737 pudore:
1655 1687 1776 1738 pudet

396 1748 504 1785 enim
529 1761 593 1785 me
620 1747 733 1784 uxori
760 1761 853 1785 meae
885 1749 1058 1800 optimae,
1090 1748 1313 1786 suaviffimis
1342 1750 1490 1794 liberis,
1520 1752 1707 1789 virtutem
1736 1762 1775 1790 et

398 1812 644 1864 diligentiam
665 1826 743 1849 non
765 1812 988 1864 praestitisse.
1036 1814 1143 1851 Nam
1170 1813 1271 1851 mihi
1298 1823 1386 1852 ante
1412 1815 1547 1853 oculos
1576 1816 1655 1854 dies
1678 1831 1774 1854 noc-

399 1877 529 1929 tesque
550 1876 717 1915 versatur
738 1877 889 1928 squalor
911 1877 1043 1922 vester,
1075 1888 1113 1915 et
1140 1891 1299 1923 moeror,
1331 1889 1369 1916 et
1397 1880 1601 1918 infirmitas
1624 1881 1775 1919 valetu-

397 1943 498 1980 dinis
533 1952 634 1980 tuae:
667 1942 748 1994 spes
784 1951 912 1980 autern
948 1943 1079 1980 salutis
1111 1945 1308 1995 pertenuis
1341 1945 1568 1984 ostenditur.
1616 1947 1775 1985 Inimici

398 2008 487 2045 sunt
518 2008 664 2051 multi;
706 2007 830 2044 invidi
861 2021 958 2059 pene
989 2021 1151 2046 omnes:
1185 2010 1322 2060 ejicere
1357 2024 1425 2047 nos
1461 2024 1648 2063 magnum
1681 2011 1772 2057 fuit,

396 2073 603 2111 excludere
622 2071 737 2110 facile
758 2072 823 2110 est.
857 2073 928 2110 Sed
951 2082 1093 2118 tamen,
1112 2075 1299 2126 quamdiu
1322 2089 1388 2113 vos
1409 2077 1515 2114 eritis
1537 2078 1578 2114 in
1599 2077 1677 2129 spe,
1696 2092 1773 2116 non

398 2137 591 2182 deficiam,
624 2151 671 2174 ne
702 2138 835 2174 omnia
864 2151 949 2174 mea
982 2139 1098 2189 culpa
1128 2139 1304 2176 cecidiffe
1335 2141 1549 2179 videantur.
1597 2143 1654 2179 Ut
1690 2152 1775 2180 tuto

398 2204 482 2248 sun,
514 2202 620 2255 quod
640 2202 803 2246 laboras,
835 2202 874 2239 id
896 2201 996 2240 mihi
1017 2217 1122 2241 nunc
1143 2203 1380 2243 facillimum
1401 2206 1480 2250 est3
1513 2220 1631 2258 quem
1657 2208 1774 2246 etiam

399 2268 553 2306 inimici
580 2268 718 2305 volunt
748 2268 874 2305 vivere
900 2268 940 2305 in
969 2267 1030 2305 his
1061 2270 1177 2306 tantis
1208 2270 1385 2308 miseriis.
1434 2273 1520 2322 Ego
1553 2282 1681 2309 tamen
1713 2272 1772 2309 fa-

400 2334 514 2377 ciam,
547 2346 631 2384 quae
660 2333 850 2384 praecipiS.
898 2333 1066 2377 Amicis,
1098 2333 1241 2385 quibus
1268 2335 1436 2379 voluisti,
1468 2336 1529 2387 egi
1550 2337 1702 2387 gratiaS,
1735 2347 1773 2374 et

399 2412 458 2436 eas
480 2399 608 2436 literas
630 2398 815 2449 Dexippo
835 2397 937 2442 dedi,
969 2412 1110 2450 meque
1141 2399 1187 2436 de
1214 2413 1349 2437 eorum
1376 2401 1507 2438 officio
1535 2401 1660 2451 scripsi
1688 2415 1707 2437 a
1735 2411 1771 2439 te

400 2465 603 2501 certiorem
625 2462 696 2499 esse
717 2461 878 2500 factum.
912 2463 1091 2500 Pisonem
1113 2464 1287 2502 nostrum
1307 2465 1475 2502 mirifico
1496 2465 1565 2502 effe
1586 2465 1709 2502 studio
1731 2466 1771 2503 in

400 2543 468 2568 nos
504 2538 541 2566 et
575 2528 720 2572 officio,
762 2537 799 2565 et
833 2542 903 2578 ego
939 2527 1142 2580 perspicio,
1186 2539 1223 2567 ct
1258 2543 1391 2567 omncs
1427 2530 1648 2580 praedicant.
1701 2531 1779 2568 Dii.
