2351 2997
516 324 593 360 412
861 310 1545 350 EPISTOLARUM

519 413 566 450 ab
586 411 663 456 his,
696 411 917 449 Pindenisso
938 420 1066 462 capto,
1098 410 1246 448 obfides
1266 410 1398 461 accepi
1417 424 1426 447 :
1458 410 1675 447 exercitum
1702 408 1741 446 in
1762 408 1897 448 hibera

519 491 569 514 na
589 477 730 514 dimifi.
775 475 1012 530 eratrem
1035 475 1192 525 negotio
1213 473 1419 526 praeposui,
1450 483 1494 511 ut
1514 475 1554 511 in
1576 475 1686 519 vicis,
1718 484 1784 512 aut
1804 487 1898 525 cap-

521 544 585 587 tis,
617 552 682 579 aut
703 541 803 578 male
823 540 984 592 pacatis,
1015 540 1208 578 exercitus
1230 539 1501 577 collocaretur.
1543 540 1664 578 Nunc
1685 540 1803 578 velim
1824 540 1899 578 tibi

522 609 571 645 fic
592 607 833 659 persuadeas,
852 606 876 643 si
899 605 945 643 de
965 604 1027 643 his
1049 606 1162 643 rebus
1184 605 1229 642 ad
1252 605 1426 642 senatum
1448 605 1611 642 relatum
1634 606 1693 650 fit,
1715 619 1777 642 me
1798 605 1898 643 exis-

524 674 769 716 timaturum,
801 672 993 709 summam
1024 669 1125 708 mihi
1155 670 1310 709 laudem
1341 669 1545 715 tributam,
1577 671 1602 708 si
1635 678 1676 707 tu
1712 670 1909 708 honorem.

522 751 656 775 meum
678 736 865 774 sententia
886 745 951 774 tua
970 735 1251 788 comprobaris.
1299 734 1436 787 quue,
1467 735 1534 772 etsi
1557 735 1699 773 talibus
1721 735 1767 772 de
1788 735 1901 773 rebus

522 803 759 855 gravissimos
780 802 961 840 homines
982 811 1020 839 et
1040 815 1174 853 rogare
1190 801 1323 845 solere,
1340 809 1378 838 et
1400 801 1539 852 rogari,
1558 801 1660 845 scio3
1685 810 1812 838 tamen
1834 800 1902 838 ad-

523 869 766 907 monendum
786 868 916 921 potius
939 877 976 905 te
996 881 1015 904 a
1031 881 1108 912 me,
1126 881 1243 918 quarn
1265 866 1496 918 rogandum,
1514 877 1624 919 puto.
1649 868 1715 905 Tu
1736 880 1774 904 es
1794 866 1901 904 enim

523 935 571 979 is,
606 934 675 985 qui
696 947 758 970 me
780 934 856 970 tuis
878 932 1077 970 sententiis
1100 931 1297 984 saepiffime
1317 932 1457 969 ornasti
1476 948 1484 969 :
1517 933 1586 983 qui
1615 933 1802 976 oratione,
1833 932 1904 982 qui.

525 998 812 1053 praedicatione,
835 997 904 1048 qui
925 997 1087 1034 summis
1108 996 1305 1040 laudibus,
1327 996 1368 1033 in
1389 995 1535 1040 senatu,
1568 996 1606 1032 in
1629 996 1912 1040 concionibus,

525 1065 571 1102 ad
592 1065 732 1102 caelum
752 1063 944 1101 extulisti:
968 1063 1080 1114 cujus
1101 1075 1174 1113 ego
1194 1061 1343 1113 semper
1359 1070 1463 1099 tanta
1483 1061 1554 1099 effe
1573 1061 1779 1099 verborum
1801 1075 1903 1113 pon-

527 1130 615 1166 dera
635 1129 781 1181 putavi,
801 1137 843 1165 ut
865 1141 943 1164 uno
959 1127 1077 1164 verbo
1099 1135 1167 1164 tuo
1187 1140 1280 1164 cum
1297 1139 1382 1163 mea
1402 1126 1515 1163 laude
1531 1127 1756 1177 conjundto,
1773 1126 1906 1163 omnia

486 1192 493 1197 ”
526 1195 682 1246 adsequi
703 1208 766 1232 me
785 1194 1001 1231 arbitrarer.
1026 1194 1086 1230 Te
1103 1192 1271 1245 denique
1291 1192 1470 1236 memini,
1488 1206 1579 1229 cum
1596 1192 1751 1230 cuidam
1773 1191 1906 1230 claris-

528 1261 623 1298 simo
643 1270 759 1311 atque
778 1259 930 1311 optimo
954 1259 1037 1296 viro
1058 1257 1386 1310 supplicationem
1405 1271 1484 1295 non
1505 1257 1742 1302 decerneres,
1764 1257 1906 1302 dicere,

529 1336 565 1363 te
587 1325 850 1369 decreturum,
882 1324 907 1361 si
930 1323 1136 1361 referretur
1156 1322 1207 1360 ob
1227 1336 1287 1361 eas
1309 1336 1381 1368 res,
1413 1336 1507 1375 quas
1529 1323 1560 1360 is
1582 1322 1717 1360 consul
1749 1322 1790 1360 in
1811 1322 1907 1360 urbe

529 1391 702 1443 gestisset.
749 1392 815 1428 Tu
837 1389 941 1427 idem
963 1387 1061 1427 mihi
1084 1388 1409 1440 supplicationem
1431 1388 1629 1426 decrevisti
1650 1397 1796 1439 togato,
1828 1401 1908 1426 non

528 1466 572 1495 ut
594 1456 745 1500 multis,
768 1455 969 1507 republica
989 1454 1085 1492 bene
1105 1453 1220 1504 gesta,
1243 1452 1320 1498 sed,
1339 1463 1381 1491 ut
1403 1453 1572 1498 nemini,
1589 1453 1790 1505 republica
1808 1466 1906 1491 con-

530 1523 683 1560 servata.
730 1521 871 1564 Mitto,
902 1519 1008 1571 quod
1043 1519 1246 1563 invidiam,
1279 1518 1384 1571 quod
1416 1518 1602 1571 pericula,
1634 1518 1739 1571 quod
1771 1532 1906 1557 omnes

530 1600 632 1625 meas
655 1585 911 1637 tempestates,
939 1593 977 1622 et
998 1584 1174 1628 subieris,
1196 1593 1234 1621 et
1254 1584 1383 1621 multo
1403 1584 1521 1621 etiam
1542 1584 1680 1635 magis,
1712 1584 1738 1621 fi
1758 1597 1826 1635 per
1845 1597 1909 1622 me

530 1651 710 1695 licuisset,
742 1650 868 1687 subire
897 1649 1153 1701 paratissimus
1183 1647 1330 1686 fueris:
1362 1647 1469 1699 quod
1499 1648 1668 1700 denique
1699 1649 1911 1687 inimicum

530 1730 678 1760 meum,
702 1724 814 1752 tuum
839 1714 1046 1751 inimicum
1068 1715 1239 1766 putaris:
1273 1714 1384 1767 cujus
1406 1713 1523 1750 etiam
1544 1713 1763 1758 interitum,
1786 1722 1830 1751 ut
1850 1713 1909 1751 fa-

531 1782 606 1820 cile
634 1780 911 1831 intelligerem,
942 1779 1042 1817 mihi
1072 1788 1265 1830 quantum
1295 1779 1499 1823 tribueres,
1532 1779 1700 1816 Milonis
1722 1779 1840 1816 ‘causa
1869 1779 1908 1816 in

533 1848 661 1885 senatu
683 1844 924 1883 defendenda
942 1844 1182 1898 approbaris.
1220 1845 1254 1881 A
1279 1857 1341 1881 me
1361 1853 1491 1881 autem
1511 1843 1594 1881 haec
1615 1844 1703 1881 sunt
1724 1843 1909 1895 profefta,

533 1925 618 1965 quae
638 1924 710 1963 ego
731 1911 771 1947 in
794 1910 973 1947 beneficii
995 1910 1083 1946 loco
1104 1923 1181 1946 non
1204 1922 1322 1960 pono,
1355 1908 1416 1945 sed
1444 1909 1483 1945 in
1511 1909 1589 1945 veri
1618 1908 1830 1946 testimonii
1850 1918 1909 1946 at-

533 1991 608 2029 que
623 1975 780 2028 judicii,
812 1983 856 2011 ut
883 1973 1202 2025 praestantisfimas
1231 1982 1314 2010 tuas
1337 1973 1498 2010 virtutes
1521 1986 1598 2009 non
1621 1973 1761 2010 tacitus
1783 1973 1909 2011 admi-

534 2056 649 2088 rarer,
683 2041 788 2093 (quis
810 2040 916 2076 enim
938 2039 1040 2076 idem
1063 2052 1140 2076 non
1163 2038 1257 2076 facit
1276 2038 1308 2088 ?)
1343 2039 1404 2076 sed
1435 2040 1475 2075 in
1505 2039 1690 2076 omnibus
1721 2040 1909 2077 orationi·-

536 2109 623 2152 bus,
642 2105 840 2144 sententiis
862 2104 1051 2147 dicendis,
1070 2103 1187 2140 causis
1209 2103 1382 2154 agendiS,
1401 2103 1584 2140 omnibus
1607 2103 1774 2155 scriptis,
1799 2105 1911 2142 Grae-

535 2174 606 2217 cis,
637 2171 803 2214 Latinis,
826 2170 934 2206 omni
956 2170 1121 2220 denique
1142 2169 1323 2206 varietate
1343 2169 1543 2206 literarum
1564 2182 1752 2214 mearum,
1776 2178 1813 2206 te
1834 2183 1912 2207 non

535 2237 654 2277 modo
674 2237 721 2274 iis
742 2248 839 2287 quos
860 2234 1096 2279 vidissemus,
1129 2234 1190 2272 sed
1211 2235 1258 2272 iis
1279 2234 1325 2272 de
1346 2235 1490 2285 quibus
1510 2234 1757 2279 audissemus,
1779 2236 1912 2272 omni-

538 2305 610 2342 bus
631 2300 876 2340 anteferrem.
924 2302 1082 2351 Qaeres
1105 2299 1270 2344 fortass‘e,
1302 2299 1397 2350 quid
1420 2300 1477 2343 sit,
1510 2299 1615 2350 quod
1637 2313 1708 2351 ego
1728 2299 1804 2337 hoc
1827 2301 1911 2337 nes-

537 2370 600 2407 cio
621 2367 716 2420 quid
737 2366 1005 2418 gratulationis
1027 2375 1064 2403 et
1086 2364 1244 2402 honoris
1262 2379 1281 2402 a
1298 2365 1425 2402 senatu
1450 2365 1547 2402 tanti
1568 2364 1757 2402 estimem.
1786 2367 1913 2417 Agam

534 2438 617 2487 jam
638 2443 768 2471 tecum
790 2430 1047 2475 familiariter,
1079 2440 1123 2467 ut
1153 2431 1204 2467 est
1232 2440 1269 2468 et
1291 2430 1424 2467 studiis
1445 2440 1482 2467 et
1503 2430 1642 2467 officiis
1664 2430 1801 2468 nostris
1822 2445 1912 2468 mu-

540 2501 632 2543 tuis,
663 2507 701 2536 et
729 2497 878 2535 summa
910 2495 1095 2539 amicitia,
1127 2495 1308 2546 dignum,
1340 2505 1377 2532 et
1405 2494 1679 2532 necessitudine
1706 2496 1821 2532 etiam
1843 2509 1911 2546 pa-

540 2575 660 2604 terna.
693 2564 731 2601 Si
753 2562 958 2616 quisquam
980 2560 1057 2600 fuit
1078 2575 1251 2613 unquam
1274 2571 1460 2606 remotus,
1493 2570 1530 2598 et
1553 2569 1699 2605 natura,
1731 2570 1769 2598 et
1782 2561 1912 2613 magis
