2351 2997
623 282 715 320 AD
773 278 1238 318 FAMILIARES
1298 279 1430 318 LIB.
1481 282 1576 320 v11.
1722 297 1793 337 173

415 379 637 432 Lupercal,
670 387 798 415 tamen
820 376 945 414 isthuc
967 375 1085 421 malo,
1117 390 1235 428 quam
1265 376 1347 415 haec
1368 380 1514 417 omnia.
1561 380 1642 424 Tu,
1675 380 1699 417 fi
1730 395 1793 418 me

415 445 560 488 audies,
591 457 710 495 quern
738 442 848 488 soles,
880 442 947 479 has
975 451 1150 494 paternas
1176 442 1416 494 poffeffiones
1447 444 1612 490 tenebis,
1647 446 1795 497 (nescio

415 509 513 562 quid
532 510 639 546 enim
660 508 857 546 Velienses
878 507 1125 557 verebantur)
1151 521 1275 560 neque
1297 509 1483 548 Heletem
1504 511 1680 548 nobilem
1709 525 1795 548 am-

414 588 506 613 nem
540 574 750 625 relinques,
783 587 853 611 nec
890 574 1134 626 Papirianam
1169 573 1332 612 domum
1367 575 1539 614 deseres:
1572 590 1797 628 quanquam

415 639 484 678 illa
503 639 664 692 quidem
694 639 812 676 habet
837 639 981 682 lotum,
1013 652 1033 675 a
1062 652 1140 690 quo
1167 640 1284 676 etiam
1311 639 1462 678 advenae
1494 643 1614 679 teneri
1642 642 1793 686 solent;

415 719 536 758 quem
558 714 686 743 tamen
709 705 734 742 fi
755 703 958 748 excideris,
991 704 1164 741 multum
1187 704 1440 756 prospexeris.
1489 707 1559 744 Sed
1591 708 1630 744 in
1659 709 1795 759 primis

415 779 685 823 opportunum
714 769 880 812 videtur,
912 767 973 805 his
1004 767 1215 820 praesertim
1248 771 1505 821 temporibus,
1538 771 1678 808 habere
1707 786 1795 823 per-

415 835 589 886 fugium,
611 835 786 886 primum
807 847 942 871 eorum
964 833 1115 877 urbem,
1139 833 1284 885 quibus
1305 848 1413 872 carus
1436 836 1505 880 fis,
1529 836 1667 873 deinde
1690 845 1796 874 tuam

417 900 597 944 domum,
630 899 792 951 tuosque
813 912 938 951 agros,
970 912 1089 950 eaque
1110 908 1275 944 remoto,
1307 899 1464 945 salubri,
1487 914 1655 945 amoeno,
1679 901 1766 939 loco
1786 917 1794 939 :

417 965 536 1017 idque
555 965 674 1002 etiam
695 973 780 1002 mea
800 963 987 1008 interesse,
1020 964 1075 1000 mi
1097 964 1274 1008 Trebati,
1307 965 1484 1003 arbitror.
1537 966 1608 1003 Sed
1636 967 1796 1011 valebis,

418 1044 581 1082 meaque
603 1031 758 1082 negotia
778 1029 948 1074 videbis,¹
975 1042 1129 1081 meque,
1152 1028 1226 1066 diis
1243 1030 1487 1080 juvantibus,
1509 1041 1599 1068 ante
1618 1031 1804 1069 brumam.

419 1096 654 1148 expeciabis.
687 1096 774 1146 Ego
795 1109 814 1132 a
836 1096 940 1132 Sext.
965 1094 1100 1138 Fadio,
1133 1095 1301 1132 Niconis
1324 1095 1530 1148 discipulo,
1559 1097 1706 1134 librum
1727 1098 1798 1135 ab-

418 1161 523 1206 stuli,
555 1157 691 1197 Νίκωνος
711 1153 805 1204 weg?
823 1156 1056 1206 πολυφαγίας·
1087 1160 1124 1196 O
1145 1160 1344 1197 medicum
1366 1160 1533 1206 suavem,
1556 1175 1698 1214 meque
1724 1162 1796 1199 do-

420 1226 538 1265 cilem
559 1226 604 1262 ad
625 1225 725 1263 hanc
747 1225 993 1276 disciplinam
1013 1224 1020 1261 !
1055 1224 1126 1262 Sed
1154 1225 1284 1263 Baffus
1305 1225 1430 1264 noster
1450 1241 1512 1265 me
1533 1226 1578 1264 de
1599 1226 1674 1265 hoc
1696 1227 1803 1266 libro⁴

420 1292 587 1335 celavit;
622 1300 657 1328 te
679 1290 839 1342 quidem
860 1303 938 1327 non
959 1289 1126 1328 videtur.
1165 1291 1318 1329 Ventus
1339 1292 1584 1332 increbescit.
1632 1294 1736 1331 Cura
1756 1302 1808 1331 ut.

420 1356 558 1394 valeas.
584 1369 689 1394 xlii.
713 1355 792 1393 kal.
817 1355 921 1394 Sext.
956 1355 1080 1393 Velia.

722 1557 1328 1594 C1CER0TREBAT'10
1371 1559 1407 1596 S.
1441 1559 1494 1596 D.

422 1681 535 1718 XXI.
561 1679 607 1751 S
624 1681 640 1718 I
656 1681 753 1719 LII
784 1682 935 1720 causam
957 1691 994 1719 te
1015 1681 1144 1720 docui.
1179 1684 1215 1720 Is
1237 1683 1366 1735 postea
1385 1683 1463 1721 fuit
1483 1684 1584 1737 apud
1606 1699 1683 1731 me,
1706 1700 1803 1725 cum

636 1746 671 1782 ei
692 1745 876 1790 dicerem,
908 1746 982 1784 tibi
1003 1746 1123 1783 videri
1145 1746 1389 1798 sponsionem
1410 1749 1520 1786 illam
1542 1762 1610 1786 nos
1632 1750 1708 1787 fine
1728 1764 1798 1802 pe·-

419 1811 545 1848 riculo
575 1810 699 1848 facere
730 1811 846 1863 poffe,
879 1812 922 1849 Si
951 1810 1116 1849 bonorum
1149 1809 1325 1864 Turpiliae
1353 1812 1575 1864 pfffflorzerzz
1607 1815 1657 1865 Q
1680 1815 1799 1866 Caeps'o

421 1877 571 1914 Praetor
590 1890 632 1913 ex
652 1874 835 1926 edz‘ffostaeo
855 1875 942 1913 mihi
957 1870 1052 1913 de'dit
1069 1892 1083 1913 ε
1114 1890 1250 1928 negare
1276 1878 1401 1915 aiebat
1429 1879 1618 1923 Servium,
1651 1880 1799 1918 tabulas

419 1941 639 1978 testamenti
660 1941 730 1978 effe
751 1955 826 1986 eas,
845 1955 938 1994 quas
960 1941 1181 1980 instituiffet
1202 1944 1249 1987 is,
1267 1943 1335 1994 qui
1357 1943 1565 1982 factionem
1583 1945 1801 1983 testamenti

421 2020 499 2044 non
520 2006 728 2051 habuerit3
761 2005 836 2044 hoc
858 2007 962 2045 idem
985 2007 1168 2045 Offilium
1190 2007 1330 2046 dicere.
1377 2010 1533 2046 Tecum
1560 2009 1595 2047 se
1620 2010 1810 2049 locutumv

420 2073 612 2124 negabat;
645 2086 784 2124 meque
816 2074 979 2124 rogavit,
1012 2083 1054 2111 ut
1083 2073 1117 2111 se
1142 2083 1181 2111 et
1201 2074 1351 2112 causam
1373 2074 1478 2112 suam
1500 2076 1573 2112 tibi
1594 2090 1800 2114 commen—

420 2137 565 2175 darem.
612 2138 699 2176 Nec
726 2139 784 2175 vir
810 2139 963 2183 melior,
996 2140 1051 2176 mi
1073 2139 1202 2184 Testa,
1235 2153 1305 2177 nec
1326 2140 1427 2178 mihi
1447 2142 1609 2179 amicior
1636 2143 1680 2180 P.
1706 2143 1801 2180 Silio

421 2203 630 2256 quisquam
650 2203 716 2248 est,
749 2213 786 2241 te
807 2213 934 2242 tamen
956 2214 1133 2257 excepto.
1183 2206 1452 2244 Gratiffimum
1477 2208 1598 2258 igitur
1618 2207 1719 2245 mihi
1739 2208 1799 2246 fe-

421 2269 534 2313 ceris,
565 2268 591 2305 fi
623 2267 670 2305 ad
701 2282 792 2306 eum
822 2269 926 2307 ultro
954 2270 1117 2315 veneris,
1149 2271 1262 2323 eique
1289 2271 1491 2323 pollicitus
1521 2273 1621 2310 eris:
1656 2274 1742 2319 Sed,
1774 2275 1800 2312 fi

422 2347 486 2372 me
515 2346 633 2378 amas,
664 2347 782 2385 quam
817 2335 1005 2387 primum.
1057 2337 1149 2374 Hoc
1180 2346 1217 2375 te
1251 2336 1501 2376 vehementer
1534 2339 1651 2377 etiam
1686 2348 1810 2392 atque.

422 2399 540 2438 etiam
560 2412 669 2451 rogo,
702 2399 811 2439 Vale.
