2351 2997
633 327 726 366 AD
784 325 1250 367 FAMILIARES
1309 329 1609 369 LIB.V111.
1735 346 1810 386 205

432 440 529 471 nam,
558 425 600 464 ni
609 440 621 463 z
639 425 694 463 ita
699 425 862 477 jaceret,
892 439 951 477 ego
963 425 1070 477 prius
1098 441 1203 479 quam
1221 427 1272 466 ad
1285 428 1406 467 urbem
1424 427 1631 474 accederem,
1661 430 1812 469 ubicun-

431 506 497 545 que
514 491 603 545 effi’s,
631 490 683 528 ad
696 499 732 529 te
742 491 1003 544 percurrff’m‚
1033 501 1069 530 et
1089 492 1153 532 hoc
1180 508 1204 531 a
1230 502 1266 532 te
1286 494 1445 547 praesens
1470 495 1718 549 contendgfflm,
1748 507 1811 537 at-

432 571 497 611 que
514 556 609 595 omni
624 556 669 594 vi
683 565 719 594 te
737 556 960 609 retinuffm.
1007 558 1132 596 Etiam
1158 568 1266 611 atque
1290 561 1410 605 etiam,
1443 562 1579 606 Cicero,
1610 563 1739 615 cogita,
1771 578 1812 603 ne

431 632 468 661 te
487 622 627 675 tuosque
644 635 755 660 omnes
759 620 935 673 funditus
954 630 1098 660 evertas
1113 641 1125 667 3
1156 637 1198 661 ne
1217 633 1252 661 te
1256 625 1376 676 sciens
1387 625 1608 680 prudensque
1634 642 1668 665 eo
1687 627 1809 667 dimit-

430 695 502 732 tas,
533 686 622 725 unde
641 687 774 725 exitum
794 685 891 725 vides
909 686 1042 724 nullum
1060 686 1132 739 effe.
1174 688 1320 740 Qodsi
1335 699 1370 727 te
1387 699 1453 728 aut
1472 705 1571 730 voces
1590 693 1811 744 optimatium

429 760 656 796 commovent,
692 760 759 789 aut
790 751 1032 789 nonnullorum
1065 751 1240 790 hominum
1272 753 1487 805 insolentiam
1519 765 1554 794 et
1577 757 1810 807 jactationem

413 818 525 870 ferre
545 831 611 855 non
624 826 737 869 potes,
768 816 874 868 eligas
902 816 1013 865 ceifio
1042 816 1184 869 aliquod
1209 818 1370 870 oppidum
1388 834 1542 859 vacuum
1560 837 1583 860 a
1602 822 1697 866 bello,
1727 823 1809 862 dum

427 883 505 921 haec
522 881 775 926 decernuntur,
806 895 884 934 quae
891 882 972 932 jam
992 891 1099 920 erunt
1118 884 1288 934 confecta.
1332 885 1382 923 Id
1390 887 1590 938 stfeceris,
1622 897 1657 926 et
1686 902 1745 940 ego
1774 898 1809 927 te

414 948 600 1002 stipienter
603 947 727 1001 fecgffi’
732 946 913 998 judicabo,
943 955 978 985 et
1001 948 1176 1000 Caestzrem
1202 962 1270 987 non
1291 950 1451 1003 offendes.

770 1150 1020 1187 CAELIth
1063 1150 1384 1190 CICERONI
1427 1153 1465 1190 S.

427 1277 563 1316 XVII.
578 1276 651 1350 E
667 1276 702 1314 R
719 1276 754 1314 G
771 1277 804 1314 O
833 1290 884 1314 me
897 1277 1016 1328 potius
1035 1276 1071 1314 in
1092 1277 1269 1329 Hispania
1273 1278 1383 1332 suff
1402 1287 1490 1323 tum,
1513 1295 1617 1333 quam
1636 1284 1672 1320 F
1673 1284 1804 1337 ormits,

681 1356 757 1379 cum
778 1350 820 1378 tu
831 1343 1014 1393 profi’fft'us
1041 1356 1076 1380 es
1099 1342 1151 1380 ad
1173 1344 1376 1395 Pompeium
1392 1345 1412 1383 ἓ
1442 1346 1547 1396 Qod
1572 1348 1709 1386 utinam
1739 1359 1805 1386 aut

426 1420 493 1445 non
524 1407 560 1444 in
587 1406 651 1458 ista
664 1415 776 1458 parte
795 1407 938 1458 Appius
959 1407 1140 1451 Claudius,
1170 1417 1236 1446 aut
1256 1423 1323 1446 non
1343 1409 1379 1447 in
1399 1410 1466 1448 hac
1487 1413 1530 1449 C.
1555 1413 1678 1457 Curio,
1708 1414 1806 1464 cujus

423 1472 580 1510 amicitia
599 1487 650 1510 me
661 1472 840 1524 paulatim
860 1472 896 1510 in
916 1472 1009 1510 hanc
1020 1472 1202 1524 perditam
1226 1476 1364 1527 caustzm
1393 1475 1551 1528 imposuit
1566 1493 1579 1514 .·
1610 1493 1692 1516 nam
1718 1480 1808 1517 mihi

410 1537 530 1587 fintio
549 1537 671 1575 bonam
690 1545 836 1575 mentem
855 1536 1043 1575 iracundia
1068 1546 1104 1575 et
1129 1552 1246 1576 amore
1274 1539 1445 1578 ablatam.
1493 1539 1582 1579 Tum
1613 1552 1656 1581 tu
1677 1553 1802 1595 porro,

425 1616 501 1640 cum
531 1602 581 1640 ad
610 1612 644 1640 te
665 1603 881 1654 proficiscens
911 1604 1014 1641 noctu
1044 1603 1252 1642 Ariminum
1282 1605 1454 1657 venffm,
1484 1605 1565 1644 dum
1594 1609 1682 1646 mihi
1702 1610 1806 1661 pacis

425 1667 594 1704 mandata
614 1667 675 1704 das
699 1667 750 1705 ad
773 1669 962 1718 Ca’stirem,
993 1678 1028 1706 et
1056 1668 1240 1720 mirificum
1265 1670 1376 1708 civem
1407 1672 1497 1723 agis,
1528 1672 1634 1711 amici
1659 1674 1805 1726 ffcium

423 1732 610 1784 neglexssi,
641 1746 747 1784 neque
777 1732 870 1770 mihi
899 1732 1103 1785 confiduisti.
1154 1735 1279 1785 Neque
1308 1735 1384 1772 haec
1416 1736 1502 1781 dico,
1533 1738 1626 1789 quod
1653 1739 1803 1791 dffdam

422 1797 505 1836 huic
523 1798 636 1850 caufae
647 1813 660 1836 :
677 1797 749 1850 std
763 1797 861 1836 crede
879 1798 976 1842 mihi,
990 1799 1113 1850 perire
1115 1799 1238 1850 satius
1257 1800 1314 1849 cst,
1336 1814 1440 1853 quam
1459 1802 1519 1839 hos
1538 1802 1670 1841 videre.
1703 1803 1809 1856 Qcod

407 1863 451 1913 st
477 1863 583 1901 timor
614 1862 742 1913 vestrae
768 1863 992 1902 crudelitatis
1024 1877 1091 1901 non
1123 1863 1213 1915 efflet,
1244 1865 1344 1915 ejecti
1358 1866 1573 1918 jampridem
1607 1869 1688 1906 lzinc
1719 1868 1802 1920 effe-

422 1943 497 1967 mus
515 1943 528 1966 .·
570 1943 652 1967 nam
683 1929 739 1966 hic
772 1943 877 1972 nunc,
902 1938 1046 1981 praeter
1060 1930 1304 1981 faeneratores
1328 1939 1473 1982 paucos,
1505 1947 1566 1971 nec
1601 1934 1711 1979 homo,
1742 1949 1803 1973 nec

424 1993 519 2038 ordo,
551 1994 728 2048 quisquam
758 1994 815 2045 est,
847 1994 912 2044 nisi
936 1995 1183 2047 Pompeianus.
1229 1995 1402 2048 Equidem
1409 1997 1490 2048 jam
1510 1998 1610 2050 effeci
1626 2008 1667 2036 ut
1687 2000 1801 2038 maxi-

423 2073 475 2097 me
488 2059 600 2110 plebs,
632 2068 680 2102 et,
712 2060 775 2111 qui
798 2069 906 2098 antea
936 2060 1046 2109 noster
1062 2061 1163 2112 fuit,
1188 2062 1338 2114 populus
1358 2062 1471 2112 vester
1490 2063 1580 2114 eſjet.
1627 2067 1706 2103 Cur
1725 2067 1800 2112 hoc,

421 2123 538 2176 inquis
555 2124 574 2160 ἒ
605 2125 712 2162 Immo
732 2125 869 2176 reliqua
888 2127 1042 2177 expecta.
1094 2128 1161 2164 Vos
1182 2126 1314 2165 invitos
1341 2127 1484 2166 vincere
1503 2133 1654 2181 coegero.
1698 2132 1799 2169 Irri-

420 2189 507 2227 tavi
522 2189 558 2227 in
578 2203 630 2227 me
651 2190 832 2228 Catonem.
880 2191 948 2228 Vos
975 2190 1165 2228 dormitis:
1196 2205 1258 2229 nec
1286 2193 1361 2230 hcec
1385 2192 1501 2232 adhuc
1524 2194 1613 2232 mihi
1634 2195 1806 2237 videmini

421 2253 630 2305 intelligere,
662 2268 765 2306 quam
799 2269 856 2292 nos
885 2263 1086 2307 pateamus,
1118 2265 1153 2293 et
1185 2270 1289 2309 quam
1308 2258 1423 2308 fimus
1455 2259 1626 2298 imbecilli.
1676 2263 1801 2314 Atque

419 2319 483 2357 hoc
503 2319 630 2357 nullius
647 2319 790 2374 praemii
806 2321 871 2373 ste
886 2320 1031 2371 faciam
1047 2338 1058 2365 ;
1076 2321 1157 2372 fid,
1189 2321 1281 2374 quod
1305 2322 1404 2375 apud
1428 2337 1480 2361 nze
1503 2325 1698 2377 plurimum
1704 2328 1800 2379 solet

418 2385 554 2428 valere,
576 2384 700 2422 doloris
721 2394 828 2436 atque
848 2384 1074 2437 indignitatis
1093 2387 1211 2430 causti.
1243 2387 1343 2438 Qid
1357 2387 1430 2439 istic
1433 2389 1569 2439 facitis
1588 2390 1607 2427 ,ἕ
1630 2392 1798 2444 praelium

420 2450 625 2503 affectatis,
655 2449 747 2502 quod
759 2450 995 2500 firmissimum
1020 2451 1065 2503 est
1082 2452 1101 2489 ?
1133 2452 1272 2504 Vestras
1302 2454 1415 2507 colias
1440 2469 1507 2492 non
1535 2456 1631 2493 novi.
1675 2457 1802 2508 Nostri

418 2515 522 2555 ‘ualde
540 2514 754 2570 depugnare,
784 2524 818 2554 et
826 2515 943 2569 facile
960 2516 1079 2568 algere
1099 2526 1134 2556 et
1154 2518 1300 2572 ssirire,
1331 2533 1393 2558 con
1410 2530 1598 2559 neverunt.
