2351 2997
620 311 713 349 AD
772 309 1238 357 FAMILIARES
1296 312 1429 350 LIB.
1476 312 1591 352 VIII.
1726 316 1799 368 187

419 409 572 461 referam
587 423 601 447 .·
616 408 690 461 sed
711 408 775 446 boc
803 409 907 461 uspue
930 422 966 447 eo
978 409 1101 461 sttave
1132 408 1190 460 est,
1220 408 1366 462 quodsi
1390 410 1573 456 acciderit,
1604 420 1683 449 tota
1715 412 1797 450 vita

419 474 509 526 risus
527 473 623 511 nobis
640 472 738 526 deff
758 487 825 511 non
837 474 988 526 poterit.
1032 473 1103 512 Sed
1117 474 1218 512 tanti
1231 474 1250 512 .?
1269 474 1336 528 fid
1350 475 1553 514 mehercule.
1596 478 1681 515 lVon
1701 478 1794 515 mul-

418 546 494 576 tum
527 538 590 576 M.
625 538 801 577 Octavius
833 553 949 577 eorum
979 537 1069 584 odia,
1101 539 1164 592 qui
1196 540 1356 578 Hirrum
1380 550 1566 592 premunt,
1597 557 1676 594 quce
1702 550 1794 594 per-

416 604 530 641 multa
544 604 651 656 fimt,
668 604 856 654 sublevat.
901 605 1007 656 Qtod
1027 605 1079 643 ad
1106 605 1293 644 Philotimi
1317 606 1441 644 liberti
1467 608 1611 659 ffcium
1641 617 1675 645 et
1707 608 1795 646 bona

417 668 566 707 ,lWilonis
595 669 742 714 attinet,
772 669 924 708 dedimus
955 679 1108 722 operam,
1140 681 1181 708 ut
1201 680 1236 708 et
1256 671 1469 710 Philotimus
1488 687 1592 725 quam
1612 674 1793 725 honessff-

416 748 469 772 me
501 734 635 772 Miloni
662 735 799 787 absenti
824 735 959 787 ejusque
986 735 1178 788 neceffizriis
1195 736 1442 788 stitisfaceret,
1471 747 1508 775 et
1511 738 1706 790 st’oemdum
1725 738 1796 789 ejus

400 799 512 851 fidem
530 809 566 838 et
569 799 798 852 fidulitatem
817 801 1020 853 exssimatio
1048 810 1114 839 tua
1131 803 1418 854 corfirvaretur.
1465 803 1564 841 Illud
1586 818 1679 842 nunc
1707 819 1731 842 a
1761 814 1796 842 te

406 873 504 916 peto,
520 865 564 915 st
588 864 658 902 eris
679 865 704 919 (
705 874 748 903 ut
764 865 870 917 spero
871 861 898 916 J
927 866 994 904 otio
1011 881 1064 911 us,
1095 865 1239 919 aliquod
1252 866 1303 904 ad
1316 881 1389 911 nos,
1420 878 1461 905 ut
1480 868 1717 921 intelligamus
1735 883 1795 906 nos

414 930 485 968 tibi
498 944 597 968 curae
614 929 686 983 ff’,
717 924 897 978 vws'm‘ypcoe
916 931 1124 984 conscribas.
1170 932 1247 983 Qi
1261 932 1331 970 tibi
1355 933 1453 981 istuc,
1483 933 1611 987 inquis,
1641 935 1678 972 in
1697 948 1795 972 men-

414 1005 484 1035 tem
505 996 619 1040 venit‚
650 996 782 1035 homini
797 1012 864 1036 non
890 998 1005 1050 inepm
1022 999 1042 1036 ,ἕ
1072 997 1227 1051 Aliquid
1249 1013 1291 1036 ex
1320 1008 1395 1037 tam
1423 1000 1544 1038 multis
1570 1001 1642 1038 tuis
1670 1015 1794 1038 monu-

412 1062 538 1100 mentis
556 1070 692 1106 extare,
724 1063 816 1115 quod
839 1063 965 1115 nostrae
991 1064 1160 1102 amicitiae
1183 1064 1381 1102 memoriam
1394 1065 1539 1117 posteris
1558 1081 1689 1119 quoque
1699 1074 1792 1118 pro-

412 1125 490 1171 dat,
522 1127 639 1164 velim.
687 1127 896 1180 Cujzfinodi,
920 1137 1024 1180 puto,
1057 1129 1201 1181 quaeris.
1249 1126 1305 1167 Tu
1334 1130 1451 1174 citius,
1483 1131 1547 1182 qui
1562 1144 1691 1169 omnem
1710 1131 1798 1183 nosti

412 1191 639 1244 dgss'iplinam,
684 1192 777 1244 quod
805 1194 954 1231 maxime
990 1194 1191 1238 conveniat,
1233 1194 1458 1246 excogitabis.
1507 1196 1643 1234 Genere
1675 1204 1793 1234 tamen

411 1257 505 1310 quod
518 1267 552 1295 et
571 1256 622 1295 ad
636 1271 695 1294 nos
707 1259 906 1309 pertineat,
936 1269 972 1298 et
991 1253 1210 1294 Μαιωωιλῖσιν
1229 1259 1417 1312 quandam,
1448 1270 1491 1299 ut
1515 1263 1680 1313 verst’tur
1697 1261 1794 1300 inter

411 1337 549 1367 manus,
579 1322 721 1360 babeat.
756 1325 853 1361 Vale.

609 1519 672 1557 M.
707 1520 958 1558 CAEL11Js
1001 1520 1065 1558 M.
1099 1521 1421 1559 CICERONl
1464 1523 1501 1560 S.
1535 1523 1589 1560 D.

411 1647 483 1686 IV.
503 1647 617 1721 IN
628 1649 699 1686 VI
709 1649 751 1686 D
767 1649 802 1685 E
820 1648 852 1685 O
882 1647 976 1685 tibi:
1007 1656 1082 1685 tam
1110 1649 1224 1687 multa
1250 1649 1413 1701 quotidie,
1445 1664 1523 1702 quce
1543 1650 1682 1696 mirere,
1713 1650 1792 1698 illoc

582 1713 837 1765 perfi‘runtur.
884 1713 1049 1750 Primum
1075 1713 1172 1757 illud,
1203 1713 1398 1766 absolutum
1419 1715 1614 1768 Meffizllam
1629 1734 1642 1761 ;
1672 1716 1791 1755 deinde

410 1777 551 1817 eundem
580 1778 842 1816 condemnatum
859 1793 871 1815 :
905 1779 948 1816 C.
972 1778 1188 1817 Marcellum
1207 1780 1527 1832 coificlemsabtum
1543 1797 1557 1819 .·
1588 1783 1650 1820 M.
1675 1783 1788 1820 Clau-

408 1842 503 1882 dium
521 1859 545 1882 a
565 1844 703 1896 repuffiz
714 1843 928 1896 postulatum
946 1858 976 1894 a⁴
997 1844 1110 1881 Gallis
1128 1843 1257 1883 duobus
1274 1861 1288 1883 .·
1319 1846 1367 1883 P.
1390 1846 1612 1885 Dolabellam
1642 1847 1788 1900 quinde-

408 1909 597 1948 cimvirum
613 1910 776 1961 saelum.
820 1909 903 1947 Hoc
932 1908 1002 1947 tibi
1028 1923 1096 1947 non
1130 1910 1281 1961 invideo,
1311 1911 1456 1964 caruqſje
1488 1921 1524 1950 te
1548 1913 1790 1965 pulcherrimo

395 1975 610 2028 speltacuh,
628 1984 664 2013 et
684 1974 838 2013 Lentuli
855 1974 986 2012 Cruris
1005 1975 1134 2027 repulsi
1149 1977 1291 2014 vultum
1305 1990 1373 2014 non
1394 1976 1523 2030 vidzffi’.
1553 1979 1612 2016 At
1632 1979 1787 2032 quaspe,

409 2055 513 2094 quam
533 2050 633 2079 certa
651 2041 817 2093 opinione,
839 2039 1058 2094 descenderat
1073 2041 1093 2079 ἓ)
1118 2056 1222 2094 quam
1241 2042 1308 2094 ipso
1327 2042 1499 2095 diffidente
1518 2044 1705 2082 Dolabella
1716 2045 1738 2084 ,ἕ
1755 2054 1789 2082 et

408 2107 594 2151 Hercules,
627 2108 688 2144 niz
707 2106 817 2159 nostri
831 2107 961 2159 equites
979 2107 1120 2145 acutius
1137 2107 1311 2160 ‘buifferia
1326 2117 1416 2161 pene
1434 2109 1634 2149 concedente
1651 2109 1788 2149 adver-

393 2171 714 2225 stzriosuperaffl’t.
745 2170 841 2210 Illud
855 2182 890 2210 te
908 2185 975 2209 non
994 2172 1158 2219 arbitror
1175 2174 1360 2218 miratum,
1379 2175 1557 2220 Servium,
1574 2175 1788 2228 defignatum

407 2237 592 2275 tribunum
605 2237 731 2289 plebis,
761 2237 1051 2282 condemnatum3
1082 2239 1180 2290 cujus
1198 2239 1307 2277 locum
1328 2242 1373 2278 C.
1398 2242 1507 2279 Curio
1525 2242 1648 2293 petiit.
1695 2243 1788 2281 Sane

408 2317 513 2356 quam
532 2303 663 2341 incutit
681 2304 813 2348 multis,
845 2303 908 2356 qui
923 2317 997 2341 eum
1002 2304 1291 2358 filcilitatemque
1310 2306 1380 2357 ejus
1409 2321 1477 2345 non
1507 2317 1653 2352 norunt,
1676 2323 1787 2364 ¹mag-

408 2383 492 2406 num
512 2377 655 2407 metum.
689 2367 767 2412 Sed,
790 2377 832 2407 ut
836 2370 945 2421 spero
965 2379 1000 2407 et
1019 2370 1108 2414 volo,
1132 2379 1180 2415 et,
1204 2380 1245 2408 ut
1251 2372 1295 2423 st
1299 2371 1387 2423 sert
1409 2372 1492 2424 ipst’,
1514 2372 1615 2411 bonos
1633 2383 1668 2411 et
1673 2375 1787 2426 fina-

407 2444 484 2473 tum
503 2434 609 2472 malet
623 2450 637 2473 .·
667 2443 778 2478 totus,
799 2444 841 2473 ut
859 2449 954 2473 nunc
972 2434 1029 2487 est,
1059 2436 1122 2474 hoc
1127 2437 1306 2489 scaturit.
1339 2439 1461 2489 Hujus
1479 2448 1597 2476 autem
1616 2440 1786 2478 volunta-

407 2500 456 2538 tis
474 2499 615 2538 initium
634 2508 669 2539 et
688 2501 793 2553 causa
811 2499 867 2552 est,
899 2499 991 2553 quod
1013 2515 1088 2540 eum
1117 2516 1184 2540 non
1214 2503 1433 2542 mediocriter
1463 2505 1599 2554 Ca’sar,
1631 2505 1789 2558 qui-solet

405 2565 604 2618 infimorum
622 2565 797 2604 hominum
813 2566 988 2605 amicitias
990 2567 1069 2618 fibi
1093 2568 1247 2619 qualibet
1278 2569 1428 2622 impetfflz
1453 2568 1656 2621 aaffungere,
1687 2568 1790 2607 valde

1350 2636 1386 2671 A
1415 2648 1436 2671 a
1466 2648 1487 2672 2
