2351 2997
587 247 636 297 48
934 247 1616 286 EPISTOLARUM

646 434 859 471 M.T.C.
891 433 1015 471 IMP.
1050 433 1352 471 C.COEL10
1384 433 1432 470 L.
1462 433 1508 470 F.
1534 434 1581 472 C.
1607 433 1911 479 N.CAL1)0,

1000 499 1235 548 QAEST-
1273 509 1390 535 DES.
1434 498 1471 535 S.
1505 497 1558 535 D.

590 607 704 645 X1X.
728 605 794 678 C
813 606 851 644 U
870 607 918 644 M
962 606 1245 659 optatiffimum
1283 606 1470 644 nuntium
1508 605 1750 658 accepiffem,
1794 615 1831 643 te
1870 606 1970 644 mihi

831 673 1059 725 quaestorem
1098 673 1304 725 obtigiffe5
1351 687 1396 710 eo
1430 673 1708 725 jucundiorem
1748 671 1849 710 mihi
1888 686 1973 709 eam

589 740 732 777 sortem
753 739 949 791 sperabam
972 738 1069 784 fore,
1093 753 1172 791 quo
1192 739 1341 777 diutius
1363 739 1402 776 in
1424 739 1625 790 provincia
1644 752 1802 776 mecum
1824 737 1968 776 fuiffes.

589 805 731 856 lVIagni
753 805 859 842 enim
880 805 1084 842 videbatur
1105 804 1293 849 interesse,
1316 805 1362 841 ad
1383 818 1465 842 eam
1487 804 1821 849 neceffitudinem,
1854 817 1971 855 quam

589 870 703 908 nobis
726 870 803 908 sors
825 870 1031 915 tribuisset,
1063 871 1388 908 consuetudinem
1409 884 1566 922 quoque
1587 870 1780 909 accedere.
1819 869 1970 907 Postea-

589 951 707 988 quam
731 935 831 974 mihi
853 936 954 975 nihil
976 951 1102 989 neque
1119 951 1138 974 a
1155 946 1191 974 te
1208 937 1304 989 ipso,
1324 950 1449 989 neque
1465 937 1512 973 ab
1530 937 1612 974 ullo
1628 937 1719 981 alio,
1737 936 1784 973 de
1804 935 1970 973 adventu

590 1011 658 1040 tuo
679 1002 924 1047 scriberetur,
946 1003 1103 1040 verebar
1120 1016 1166 1040 ne
1187 1002 1227 1039 id
1247 1003 1301 1039 ita
1320 1002 1486 1045 caderet,
1508 1001 1632 1053 (quod
1648 1002 1765 1039 etiam
1783 1015 1887 1038 nunc
1904 1014 1970 1038 ve-

588 1066 690 1116 reor)
715 1081 762 1104 ne
782 1076 884 1111 ante,
916 1081 1033 1118 quam
1056 1077 1098 1104 tu
1119 1068 1158 1104 in
1180 1067 1423 1119 provinciam
1445 1065 1617 1110 venssses,
1650 1079 1721 1117 ego
1742 1065 1789 1103 de
1808 1065 1969 1118 provin-

589 1134 648 1170 cia
668 1132 908 1170 decederem.
942 1134 1089 1185 Accepi
1111 1142 1242 1170 autem
1259 1147 1279 1171 a
1295 1141 1332 1170 te
1349 1131 1473 1170 miss‘as
1496 1132 1625 1170 literas
1647 1133 1687 1169 in
1705 1132 1862 1176 Cilicia,
1880 1145 1971 1169 cum

589 1198 704 1236 effem
726 1200 765 1236 in
787 1198 931 1243 castris,
963 1207 1051 1236 ante
1081 1198 1184 1235 diem
1208 1211 1249 1236 x.
1273 1197 1351 1235 kal.
1399 1198 1615 1248 Qintiles,
1648 1197 1806 1249 scriptas
1827 1196 1970 1234 huma-

590 1264 754 1309 niffime,
786 1264 930 1316 quibus
963 1263 1078 1301 facsse
1110 1272 1148 1301 et
1179 1263 1356 1301 officium
1378 1272 1416 1300 et
1444 1263 1648 1314 ingenium
1671 1272 1782 1300 tuum
1805 1262 1971 1314 perspici

582 1329 722 1382 posset.
757 1329 828 1367 Sed
850 1343 976 1381 neque
997 1329 1114 1374 unde,
1137 1342 1262 1381 neque
1283 1342 1362 1381 quo
1383 1329 1458 1373 die,
1482 1329 1577 1367 datae
1598 1327 1730 1373 effent,
1754 1337 1869 1380 atque
1889 1341 1969 1380 quo

589 1405 765 1449 tempore
787 1406 823 1434 te
844 1397 1101 1448 expectarem,
1133 1395 1428 1447 fignificabant:
1463 1409 1532 1432 nec
1557 1396 1604 1439 is,
1637 1395 1705 1447 qui
1727 1394 1921 1439 attulerat,
1953 1408 1974 1432 a

587 1472 627 1500 te
659 1471 871 1514 acceperat,
904 1471 947 1500 ut
980 1476 1027 1500 ex
1059 1475 1104 1500 eo
1136 1461 1273 1500 scirem
1307 1475 1386 1514 quo
1417 1475 1464 1499 ex
1496 1462 1584 1499 loco
1616 1471 1654 1499 et
1687 1475 1766 1513 quo
1798 1470 1973 1512 tempore

587 1528 707 1566 essent
727 1529 836 1567 datae.
871 1530 970 1580 Qae
990 1542 1082 1566 cum
1103 1528 1221 1566 effent
1242 1529 1403 1573 incerta,
1431 1528 1648 1565 existimavi
1671 1537 1799 1565 tamen
1820 1526 1891 1564 effe
1912 1526 1971 1563 fa-

588 1594 788 1639 ciendum,
822 1603 865 1632 ut
896 1595 942 1632 ad
975 1604 1012 1632 te
1044 1594 1198 1632 statores
1231 1607 1337 1631 meos
1370 1603 1408 1631 et
1440 1594 1594 1631 lictores
1616 1607 1709 1635 cum
1730 1593 1853 1630 literis
1874 1592 1971 1630 mit·

588 1669 710 1698 terem
729 1675 738 1698 ε
771 1674 865 1712 quas
891 1661 915 1698 s1
939 1660 1026 1697 satis
1047 1669 1271 1712 opportuno
1294 1669 1468 1712 tempore
1489 1659 1683 1711 accepisti,
1714 1658 1974 1710 gratiffimum

587 1725 689 1764 mihi
711 1725 863 1770 feceris,
882 1726 907 1763 fi
929 1725 974 1762 ad
992 1739 1054 1763 me
1077 1726 1118 1762 in
1136 1725 1323 1763 Ciliciam
1339 1725 1635 1777 quamprimum
1652 1724 1816 1762 veneris.
1850 1724 1972 1768 Nam,

587 1791 694 1843 quod
715 1791 762 1828 ad
782 1804 845 1828 me
867 1791 1027 1836 Curius,
1059 1790 1315 1828 consobrinus
1342 1800 1447 1835 tuus,
1479 1789 1581 1828 mihi
1604 1796 1667 1841 (ut
1687 1788 1777 1839 scis)
1802 1789 1973 1826 maxime

587 1857 830 1901 necessarius,
862 1856 968 1908 quod
989 1857 1085 1894 item
1106 1857 1155 1894 C.
1180 1855 1374 1907 Virgilius
1395 1856 1640 1907 propinquus
1664 1863 1768 1898 tuus,
1801 1854 1974 1891 familia-

587 1922 756 1960 riffimus
788 1921 927 1966 noster,
960 1922 1005 1960 de
1038 1932 1075 1959 te
1107 1921 1387 1959 accuratiffime
1419 1921 1581 1972 scripsit,
1613 1921 1714 1957 valet
1745 1919 1784 1956 id
1814 1919 1976 1971 quidem

587 1988 690 2041 apud
713 2002 774 2026 me
796 1987 984 2032 multum,
1018 1988 1129 2026 sicuti
1160 1988 1275 2025 debet
1304 1987 1515 2024 hominum
1537 1986 1857 2024 amicisfimorum
1879 1985 1974 2023 dili-

587 2069 682 2107 gens
704 2053 1016 2092 commendatio:
1052 2054 1113 2091 sed
1135 2063 1209 2092 tuae
1231 2055 1365 2098 litem,
1398 2054 1444 2091 de
1466 2063 1531 2090 tua
1551 2052 1761 2105 praesertim
1784 2052 1976 2103 dignitate

588 2129 627 2158 et
658 2120 705 2158 de
737 2120 863 2158 nostra
894 2120 1186 2171 conjunctione,
1218 2119 1382 2157 maximi
1418 2119 1506 2156 sunt
1540 2119 1641 2170 apud
1676 2132 1739 2155 me
1773 2118 1971 2170 ponderis.

588 2185 699 2224 Mihi
731 2185 894 2237 quaestor
926 2186 1095 2237 optatior
1127 2186 1330 2237 obtingere
1363 2199 1479 2222 nemo
1512 2184 1655 2236 potuit.
1705 2183 1974 2235 Qamobrem

586 2265 832 2304 quaecunque
863 2265 883 2288 a
916 2265 978 2289 me
1011 2261 1238 2289 ornamenta
1268 2253 1309 2288 in
1342 2260 1380 2288 te
1412 2250 1733 2303 p1·oficiscentur;
1768 2259 1810 2286 ut
1841 2262 1975 2286 omnes

586 2317 826 2369 intelligant,
859 2330 879 2353 a
899 2330 961 2354 me
983 2315 1158 2354 habitam
1180 2316 1251 2354 effe
1273 2317 1463 2353 rationem
1491 2325 1564 2353 tuce
1587 2315 1860 2366 majorumque
1882 2323 1972 2351 tuo-

587 2395 676 2420 rum
698 2381 915 2434 dignitatis.
950 2381 1021 2418 Sed
1043 2381 1081 2418 id
1102 2380 1258 2419 facilius
1279 2381 1505 2433 consequar,
1529 2381 1554 2418 fi
1575 2380 1621 2416 ad
1643 2393 1704 2416 me
1726 2379 1765 2416 in
1790 2378 1976 2416 Ciliciam

586 2447 736 2487 veneris
756 2462 764 2484 ε
797 2446 903 2498 quod
924 2460 996 2499 ego
1017 2456 1055 2484 et
1082 2461 1180 2492 mea,
1213 2456 1251 2485 et
1272 2447 1512 2499 reipublicae,
1544 2456 1580 2483 et
1603 2446 1774 2484 maxime
1796 2453 1875 2488 tua,
1909 2444 1972 2480 in-

589 2513 718 2554 tereffe
739 2513 918 2553 arbitror.
956 2513 1067 2552 Vale.
