2351 2997
505 278 585 317 294
849 266 1531 306 EPISTOLARUM

786 496 849 533 M.
883 497 936 533 T.
970 495 1019 533 C.
1052 496 1106 534 D.
1140 497 1352 534 BRUTO
1395 498 1431 536 S.
1465 498 1509 535 P.
1543 499 1597 538 D.

507 625 638 664 XXV.
663 623 728 696 E
742 623 779 661 X
792 623 813 660 S
827 623 856 661 P
869 624 902 661 E
917 623 949 660 C
960 623 1044 661 TA
1056 623 1097 661 N
1110 623 1178 661 TI
1209 622 1310 661 mihi
1331 632 1413 661 tuas
1435 624 1612 676 quotidie
1632 625 1775 672 literas,
1794 628 1879 666 Lu-

756 701 829 741 pus
852 687 977 725 noster
996 687 1125 725 subito
1145 687 1403 733 denuntiavit,
1423 698 1466 726 ut
1486 689 1531 726 ad
1552 699 1588 727 te
1610 691 1830 737 scriberem,
1853 693 1880 731 fi

504 755 601 807 quid
621 754 778 793 vellem.
811 755 898 805 Ego
918 761 1064 796 autem,
1095 753 1176 796 ets1,
1207 754 1302 804 quid
1324 754 1544 799 scriberem,
1573 769 1651 793 non
1672 756 1878 803 habebam,

506 822 607 872 (aesta
625 821 731 858 enim
752 819 798 856 ad
819 828 856 856 te
877 818 984 856 mitti
1003 817 1196 862 sciebam;
1224 819 1380 857 inanem
1400 830 1529 858 autem
1550 820 1766 861 sermonem
1786 823 1878 861 lite-

503 898 633 922 rarum
654 885 728 922 tibi
748 882 1009 935 injucundum
1030 882 1103 920 effe
1118 882 1339 933 audiebam)
1360 884 1588 923 brevitatem
1604 886 1756 925 secutus
1777 888 1878 933 sum,

504 957 542 986 te
561 949 757 1001 magistro.
791 949 897 986 Scito
917 948 1053 999 igitur,
1077 948 1118 984 in
1140 956 1177 984 te
1197 957 1235 985 et
1255 948 1295 985 in
1317 948 1468 1000 collega
1486 949 1593 1001 spem
1612 964 1771 989 omnem
1791 953 1877 991 effe.

504 1013 567 1051 De
588 1014 711 1052 Bruto
730 1022 860 1051 autem
882 1011 983 1049 nihil
1003 1011 1130 1049 adhuc
1151 1013 1270 1056 certi;
1303 1027 1421 1065 quem
1443 1027 1529 1065 ego,
1548 1015 1882 1066 quemadmodum

503 1079 696 1131 praecipis,
728 1078 886 1130 privatis
914 1077 1036 1115 literis
1058 1076 1105 1114 ad
1126 1078 1276 1115 bellum
1296 1091 1507 1117 commune
1527 1093 1662 1118 vocare
1683 1095 1761 1119 non
1783 1082 1880 1120 defi-

503 1156 569 1181 no.
616 1145 698 1196 Qi
726 1144 877 1181 utinam
898 1144 982 1194 jam
1001 1141 1140 1179 adeffet
1158 1157 1166 1180 :
1199 1142 1429 1182 intestinum
1450 1145 1556 1187 urbis
1578 1146 1742 1191 malum,
1774 1147 1881 1199 quod

504 1209 556 1246 est
576 1223 654 1247 non
675 1210 885 1253 mediocre,
915 1209 1045 1246 minus
1068 1209 1309 1247 timeremus.
1343 1210 1414 1247 Sed
1435 1211 1531 1262 quid
1550 1225 1621 1263 ago
1641 1213 1653 1249 ?
1685 1226 1763 1249 non
1786 1213 1880 1250 imi-

504 1281 566 1310 tor
593 1271 803 1321 λακωνισμὶν
835 1273 979 1310 tuum?
1011 1272 1128 1310 altera
1152 1274 1236 1326 jar-n
1269 1274 1420 1326 pagella
1449 1275 1639 1328 procedit.
1686 1277 1812 1315 Vince
1843 1286 1883 1315 et

504 1337 601 1376 vale.
635 1351 712 1374 xxv
734 1338 823 1375 Kal.
857 1338 999 1390 QInt.

557 1536 613 1574 D.
645 1536 886 1574 BRUTus
928 1537 1054 1576 ῙΜΡ.
1096 1537 1160 1576 Μ.
1193 1538 1247 1577 T.
1279 1537 1583 1577 CICERON1
1625 1539 1662 1577 S.
1696 1539 1742 1578 P.
1774 1540 1830 1578 D.

504 1663 658 1701 XXVI.
680 1663 1030 1736 MAXIMO
1061 1678 1133 1702 meo
1154 1663 1268 1702 dolore
1287 1664 1351 1702 hoc
1358 1664 1488 1716 solatio
1508 1674 1602 1712 utor,
1636 1665 1729 1718 quod
1745 1664 1877 1704 intelli-

797 1737 889 1779 gunt
907 1728 1072 1775 homines,
1093 1729 1237 1780 nonstne
1257 1729 1363 1782 causa
1384 1743 1436 1767 me
1456 1730 1559 1768 timui
1582 1745 1598 1768 e
1617 1731 1694 1782 ista,
1717 1744 1793 1784 que
1813 1745 1877 1769 ac-

506 1791 676 1830 ciderunt.
708 1792 928 1837 Deliberent,
951 1802 1070 1830 utrum
1090 1794 1275 1846 trajiciant
1293 1794 1440 1846 legiones
1462 1809 1501 1832 ex
1521 1794 1669 1848 Africa,
1695 1809 1821 1840 necne3
1845 1805 1880 1834 et

507 1872 547 1895 ex
580 1858 775 1896 Sardinia:
809 1859 964 1896 Brutum
992 1859 1175 1908 arccjffant,
1207 1873 1337 1897 necne:
1369 1869 1403 1897 et
1435 1860 1523 1897 mihi
1537 1860 1751 1914 stipendium
1784 1861 1877 1908 dent,

505 1936 552 1959 an
573 1937 638 1960 non
658 1923 857 1960 decernant.
901 1922 969 1960 Ad
977 1923 1143 1976 senatum
1174 1923 1296 1962 literas
1327 1924 1409 1976 mfi.
1458 1924 1571 1962 Crede
1604 1925 1704 1970 mihi,
1737 1925 1800 1977 nfi
1814 1926 1829 1961 i
1854 1940 1878 1962 a

503 1987 617 2025 onmia
646 1987 699 2025 ita
716 1988 815 2036 fiunt
845 1987 1128 2040 quemadmodum
1141 1988 1274 2040 scribo,
1305 2003 1472 2041 magnum
1498 2004 1556 2027 nos
1588 2003 1699 2027 omnes
1720 1989 1876 2027 adituros

498 2051 709 2106 periculum.
741 2052 843 2104 Rogo
864 2043 927 2098 te,
942 2052 1058 2090 videte
1078 2053 1198 2105 quibus
1218 2053 1410 2092 hominibus
1425 2054 1596 2106 negotium
1619 2054 1721 2099 detis,
1751 2056 1813 2108 qui
1831 2054 1883 2092 ad

505 2131 559 2154 me
577 2117 722 2169 legiones
741 2116 929 2155 adducant.
975 2119 1028 2155 Et
1038 2116 1115 2167 fide
1135 2126 1215 2172 opus
1236 2119 1279 2170 esst
1299 2128 1332 2157 et
1359 2119 1547 2157 celeritate.
1581 2133 1623 2157 ιιι
1649 2119 1746 2157 [Von.
1780 2121 1875 2171 Jun.

505 2196 546 2221 ex
577 2196 618 2220 ca
645 2197 706 2220 ris.
