2351 2997
540 299 616 342 302
877 283 1572 324 'EPISTOLARUM

538 395 625 420 cam
653 394 675 419 a
703 380 830 420 vobis.
877 380 1011 418 Habet
1029 379 1099 416 illa
1117 379 1277 430 quidem
1296 386 1467 423 tanturn,
1498 385 1691 430 quantum
1713 389 1915 429 nunquam

538 446 641 485 mihi
668 447 708 484 in
730 454 904 483 mentem
929 444 1037 481 venit
1064 452 1223 495 optare;
1256 442 1319 480 sed
1348 452 1531 480 contenta
1558 456 1636 480 non
1662 441 1729 486 est,
1760 451 1813 486 et,
1843 454 1915 494 pro

540 510 812 562 magnitudine
832 518 869 546 et
889 508 1010 545 animi
1029 516 1067 545 et
1088 506 1270 544 beneficii
1290 506 1416 550 vestri,
1438 520 1459 543 a
1478 507 1588 544 vobis
1609 520 1748 558 magna
1768 506 1914 544 defide-

540 585 611 614 rat.
644 574 788 612 Adhuc
806 574 888 611 ulta
908 573 989 610 suas
1010 573 1170 624 injurias
1191 571 1244 609 est
1263 585 1331 623 per
1347 584 1413 608 vos
1435 572 1595 609 interitu
1617 572 1790 622 tyranni;
1814 570 1916 608 nihil

539 640 724 692 amplius.
771 640 1013 677 ornamenta
1042 650 1131 674 vero
1164 636 1229 674 sua
1260 650 1344 688 quae
1371 637 1643 688 recuperavit?
1674 649 1721 673 an
1749 636 1854 688 quod
1881 635 1917 673 ei

540 714 698 743 mortuo
725 713 846 756 paret,
878 716 995 754 quem
1017 702 1151 739 vivum
1169 700 1270 738 ferre
1292 714 1369 738 non
1390 710 1541 752 poterat
1559 702 1571 738 ?
1603 702 1715 752 cujus
1736 714 1806 738 aera
1826 699 1916 737 refi-

533 784 630 823 gere
650 769 901 813 debebamus,
923 769 1006 819 ejus
1026 767 1143 805 etiam
1164 766 1423 818 chirographa
1442 765 1716 804 defendimus?
1738 767 1794 803 At
1812 766 1920 803 enim

543 837 598 873 ita
631 835 887 873 decrevimus.
939 833 1121 870 Fecimus
1157 832 1196 869 id
1230 832 1405 883 quidem,
1444 831 1686 884 temporibus
1722 831 1917 875 cedentes,

544 914 629 952 quae
651 899 778 937 valent
800 900 839 935 in
862 897 1062 949 republica
1081 897 1319 948 plurimum:
1344 895 1406 932 sed
1427 896 1680 933 immoderate
1700 895 1860 947 quidam
1882 905 1920 933 et

544 966 694 1016 ingrate
715 963 840 1001 nostra
860 962 1047 999 facilitate
1068 962 1297 998 abutuntur.
1336 961 1484 996 Verum
1506 961 1588 997 haec
1607 960 1850 1011 propediem,
1881 969 1920 997 et

545 1029 671 1067 multa
704 1029 777 1065 alia
810 1041 954 1064 coram.
1007 1026 1171 1063 Interim
1206 1025 1324 1062 velim
1360 1025 1409 1061 fic
1443 1025 1515 1061 tibi
1548 1024 1784 1075 persuadeas,
1820 1023 1921 1061 mihi

544 1108 638 1131 cum
659 1093 898 1145 reipublicae,
930 1104 1049 1141 quam
1071 1090 1219 1142 semper
1243 1089 1371 1127 habui.
1391 1090 1635 1133 cariffimam,
1667 1098 1753 1126 tum
1779 1089 1921 1125 amoris

546 1158 664 1196 nostri
685 1157 807 1202 causa,
838 1157 1018 1193 maximae
1039 1168 1139 1192 curae
1159 1154 1231 1192 effe
1252 1164 1359 1191 tuam
1384 1154 1630 1205 dignitatem.
1678 1154 1740 1191 Da
1767 1166 1924 1205 operam

542 1233 590 1263 rut
619 1224 755 1262 valeas.

825 1423 891 1462 M.
924 1423 978 1462 T.
1012 1423 1062 1462 C.
1095 1421 1406 1460 C.CAs510
1448 1420 1486 1458 S.
1519 1419 1563 1457 P.
1596 1420 1652 1458 D.

551 1552 607 1593 ΙΙ.
629 1549 752 1620 VE
769 1551 810 1588 H
826 1552 858 1589 E
875 1551 921 1589 M
938 1552 970 1588 E
987 1551 1124 1590 NTE
1140 1550 1177 1587 R
1207 1549 1331 1593 laetor,
1364 1548 1437 1586 tibi
1464 1546 1618 1599 probari
1640 1545 1869 1584 sententiam
1890 1555 1928 1584 et

726 1616 942 1653 orationem
963 1628 1091 1653 meam
1105 1633 1118 1659 3
1152 1628 1228 1666 qua
1248 1614 1273 1650 fi
1295 1613 1430 1665 saepius
1453 1612 1511 1649 uti
1536 1612 1685 1656 liceret,
1716 1611 1818 1648 nihil
1839 1611 1929 1648 effet

548 1682 714 1733 negotii,
757 1681 978 1718 libertatem
1018 1689 1056 1717 et
1090 1679 1376 1731 rempublicam
1411 1690 1646 1729 recuperare.
1698 1676 1769 1713 Sed
1807 1675 1930 1713 homo

552 1760 682 1784 amens
710 1755 748 1782 et
778 1745 967 1797 perditus,
999 1745 1205 1796 multoque
1233 1744 1411 1795 nequior,
1443 1756 1561 1794 quam
1589 1742 1657 1779 ille
1687 1741 1780 1793 ipse,
1811 1754 1932 1791 quem

552 1820 595 1850 tu
627 1811 904 1863 nequiffimum
937 1810 1111 1847 occisum
1141 1809 1214 1846 effe
1245 1809 1390 1852 dixisti,
1422 1807 1536 1846 caedis
1567 1807 1727 1845 initium
1762 1806 1928 1858 quaerit3

552 1877 783 1928 nullamque
802 1875 916 1912 aliam
939 1876 989 1912 ob
1009 1874 1162 1912 causam
1182 1888 1245 1911 me
1265 1876 1461 1911 auctorem
1481 1872 1592 1910 fuiffe
1620 1871 1778 1909 Caesaris
1806 1872 1929 1908 inter-

553 1942 712 1979 ficiendi
732 1942 976 1986 criminatur,
1008 1940 1077 1977 nisi
1108 1949 1151 1976 ut
1180 1941 1219 1976 in
1248 1953 1310 1976 me
1339 1939 1508 1976 veterani
1536 1938 1765 1975 incitentur.
1811 1935 1930 1987 Qod

554 2021 626 2058 ego
647 2006 867 2058 periculum
891 2020 967 2042 non
989 2005 1214 2048 extimesco,
1247 2004 1365 2041 modo
1392 2004 1502 2041 vestri
1532 2002 1622 2040 faeti
1649 2002 1813 2053 gloriam
1839 2015 1931 2038 cum

555 2085 641 2109 mea
660 2071 772 2108 laude
799 2071 1081 2107 communicet.
1129 2070 1187 2106 Ita
1217 2083 1286 2106 nec
1318 2068 1462 2112 Pisoni,
1494 2068 1562 2118 qui
1593 2068 1631 2103 in
1662 2080 1751 2103 eum
1783 2067 1931 2117 primus

556 2137 729 2174 invectus
755 2135 821 2179 est,
855 2135 964 2172 nullo
994 2135 1230 2179 assentiente,
1263 2148 1333 2171 nec
1364 2133 1479 2177 mihi,
1512 2133 1579 2184 qui
1610 2132 1713 2169 idem
1741 2131 1934 2168 tricesimo

557 2201 641 2252 post
670 2201 731 2237 die
761 2200 852 2244 feci,
885 2214 955 2236 nec
986 2201 1030 2238 Ρ.
1056 2199 1231 2243 Servilio,
1262 2199 1331 2250 qui
1353 2212 1415 2236 me
1436 2197 1489 2235 est
1510 2196 1755 2240 consecutus,
1787 2205 1873 2232 tuto
1894 2195 1934 2231 in

557 2267 732 2304 senatum
754 2267 883 2303 venire
911 2266 1017 2302 licet.
1066 2265 1223 2301 Caedem
1250 2265 1356 2302 enim
1385 2263 1574 2315 gladiator
1595 2262 1747 2313 quaerit,
1778 2260 1935 2311 ejusque

561 2333 721 2370 initium
750 2345 783 2370 a.
815 2332 855 2369 d.
886 2345 974 2368 xlli
1008 2330 1096 2367 Kal.
1127 2331 1218 2368 Οὲὶ.
1250 2344 1271 2367 a
1300 2343 1363 2367 me
1392 2329 1427 2366 se
1457 2328 1652 2366 facturum
1679 2327 1857 2379 putavit;
1890 2325 1935 2362 ad

559 2411 677 2450 quam
709 2406 861 2450 paratus
893 2404 1061 2439 venerat,
1092 2408 1185 2433 cum
1217 2396 1257 2432 in
1289 2395 1384 2432 villa
1415 2394 1572 2432 Metelli
1602 2392 1824 2443 complures
1855 2390 1934 2426 dies

559 2471 846 2501 commentatus
867 2461 971 2499 effet.
1018 2462 1116 2511 Qae
1137 2468 1267 2497 autem
1289 2461 1328 2497 in
1350 2459 1477 2496 lustris
1498 2468 1537 2496 et
1557 2459 1597 2495 in
1619 2459 1709 2496 vino
1730 2468 1934 2494 commen-

560 2529 657 2567 tatio
688 2528 821 2581 potuit
849 2526 951 2565 effe?
988 2527 1124 2578 Itaque
1156 2525 1340 2564 omnibus
1373 2525 1426 2563 est
1457 2524 1574 2569 visus,
1608 2532 1651 2561 ut
1682 2522 1729 2559 ad
1761 2530 1798 2558 te
1829 2529 1937 2556 antea
