2351 2997
591 241 683 278 AD
740 238 1208 277 FAMILIARES
1268 239 1400 278 LIB.
1451 242 1548 280 XII.
1683 256 1757 296 303

380 336 524 390 scripfi,
554 350 710 375 vomere
730 336 797 374 suo
818 350 940 381 more,
972 349 1051 374 non
1073 336 1215 375 dicere.
1262 338 1392 388 Qare
1413 339 1520 391 quod
1540 340 1690 385 scribis,
1722 351 1761 379 te

379 402 574 440 confidere
593 403 820 440 auctoritate
839 411 877 439 et
898 402 1123 454 eloquentia
1143 402 1269 441 nostra
1294 404 1444 456 aliquid
1472 405 1611 457 profici
1641 406 1758 458 poffe,

380 466 578 512 nonnihil,
610 476 654 505 ut
685 467 725 505 in
756 467 873 505 tantis
906 467 1034 512 malis,
1066 467 1119 505 est
1152 467 1400 520 profectum:
1434 470 1624 522 intelligit
1653 472 1762 509 enim

379 531 549 584 populus
585 533 803 577 Romanus,
844 542 920 570 tres
954 532 1026 570 effe
1061 533 1307 578 Consulares,
1339 535 1423 586 qui,
1457 537 1563 586 quia,
1594 551 1680 588 quae
1713 542 1762 574 de

379 597 579 649 republica
601 598 699 635 bene
726 598 925 642 senserint,
957 598 1078 635 libere
1108 598 1233 635 locuti
1263 598 1366 643 sunt,
1399 609 1485 637 tuto
1515 601 1555 638 in
1585 602 1762 640 senatum

378 663 509 700 venire
534 676 612 700 non
642 663 797 715 poffint.
846 664 933 700 Nec
954 662 1007 701 est
1026 672 1222 714 praeterea,
1253 665 1359 714 quod
1380 666 1596 717 quidquam
1618 681 1761 719 expec-

379 736 449 766 tes.
497 729 610 765 Tuus
639 729 747 765 enim
779 727 1005 765 neceffarius
1026 728 1213 765 affinitate
1234 742 1331 765 nova
1352 729 1578 769 delectatur.
1625 733 1762 784 Itaque

371 794 455 844 jam
477 806 555 830 non
585 792 638 830 est
663 792 852 830 studiosus
880 793 1081 838 ludorum,
1113 793 1348 845 infinitoque
1378 794 1506 832 fratris
1538 797 1595 833 tui
1625 798 1761 849 plausu

378 857 631 909 dirumpitur.
665 857 780 895 Alter
800 858 896 895 item
916 858 1042 896 affinis
1065 858 1175 896 novis
1196 860 1489 898 commentariis
1513 861 1670 899 Caesaris
1691 863 1760 900 de-

378 922 516 960 linitus
549 922 615 960 est.
664 923 735 960 Sed
766 922 848 960 haec
881 923 1126 968 tolerabilia;
1158 923 1259 961 illud
1291 938 1369 962 non
1402 924 1623 971 ferendum,
1655 929 1763 980 quod

380 987 447 1032 est,
479 989 549 1039 qui
578 987 699 1025 vestro
720 1001 821 1026 anno
841 988 972 1026 filium
994 989 1106 1026 suum
1127 989 1328 1027 consulem
1349 989 1531 1029 futurum
1552 1002 1678 1043 putet,
1711 994 1761 1031 ob

379 1066 542 1104 eamque
569 1053 720 1090 causam
749 1053 785 1091 se
810 1052 905 1091 huic
936 1054 1078 1092 latroni
1108 1054 1294 1092 deservire
1323 1069 1410 1107 prae.
1432 1056 1468 1094 se
1494 1056 1606 1096 ferat.
1653 1059 1763 1097 Nam

381 1119 430 1156 L.
456 1119 574 1156 Cotta
593 1117 794 1156 familiaris
820 1132 944 1164 meus,
975 1119 1084 1157 fatali
1114 1119 1282 1171 quadam
1311 1120 1589 1172 desperatione,
1621 1133 1665 1160 ut
1692 1125 1760 1170 ait,

379 1183 509 1221 minus
545 1184 586 1220 in
620 1183 795 1221 senatum
829 1185 950 1223 venit.
997 1185 1046 1223 L.
1082 1184 1220 1229 Caesar,
1252 1186 1426 1236 optimus
1461 1196 1500 1224 et
1533 1187 1762 1228 fortissimus

380 1248 492 1292 civis,
523 1248 745 1286 valetudine
766 1249 993 1301 impeditur.
1042 1250 1121 1287 Ser.
1147 1250 1359 1302 Sulpicius,
1390 1260 1428 1289 et
1456 1251 1607 1290 summa
1627 1255 1762 1292 aucto-

379 1314 492 1350 ritate
513 1322 550 1350 et
570 1314 720 1365 optime
740 1313 921 1359 sentiens,
954 1328 1030 1352 non
1053 1315 1185 1353 adest..
1202 1315 1409 1367 Reliquos,
1441 1320 1614 1370 exceptis
1636 1320 1762 1373 defig-

381 1378 495 1422 natis,
526 1378 683 1429 ignosce
705 1378 820 1423 mihi,
853 1380 878 1416 fi
901 1393 978 1417 non
1001 1394 1164 1417 numero
1185 1381 1418 1420 consulares.
1465 1383 1598 1422 Habes
1626 1387 1760 1423 aucto-

380 1457 437 1481 res
459 1443 609 1481 consilii
630 1444 797 1496 publici.
830 1445 913 1495 Qi
934 1459 1134 1490 numerus,
1166 1447 1284 1483 etiam
1306 1447 1418 1484 bonis
1441 1449 1570 1494 rebus,
1597 1452 1779 1503 exiguus

379 1509 496 1554 esset,
529 1509 624 1560 quid
655 1509 782 1547 censes
818 1511 1011 1562 perditis?
1045 1513 1175 1563 Qare
1206 1512 1288 1564 spes
1319 1513 1371 1550 est
1401 1515 1529 1552 omnis
1560 1517 1600 1553 in
1634 1518 1777 1556 vobis..

381 1575 463 1625 Qi
485 1574 510 1611 fi
532 1574 679 1612 idcirco
700 1575 851 1620 abestis,
874 1585 918 1613 ut
938 1577 1016 1614 fitis
1037 1577 1078 1614 in
1101 1586 1212 1622 tuto;
1237 1591 1284 1615 ne
1306 1578 1344 1614 in
1367 1579 1477 1616 vobis
1500 1581 1683 1631 quidem:
1708 1583 1763 1620 fin

380 1639 530 1690 aliquid
551 1639 717 1691 dignum
738 1640 859 1678 vestra.
875 1641 999 1692 gloria
1018 1643 1215 1694 cogitatis,
1247 1643 1366 1680 velim
1394 1644 1504 1682 salvis
1532 1647 1646 1684 nobis
1666 1663 1674 1684 :
1707 1648 1762 1685 sm

382 1704 422 1740 id
444 1705 590 1748 minus,
623 1718 679 1742 res
702 1714 830 1743 tamen
853 1706 1012 1758 publica
1035 1720 1102 1758 per
1129 1721 1195 1745 vos
1225 1707 1331 1745 brevi
1360 1718 1535 1760 tempore
1554 1712 1620 1762 jus
1649 1712 1764 1750 suum

382 1770 639 1821 recuperabit.
675 1771 762 1822 Ego
784 1771 860 1808 tnis
882 1785 1009 1823 neque
1029 1772 1178 1816 desum,
1202 1786 1328 1824 neque
1349 1774 1486 1812 deero:
1511 1777 1580 1827 qui
1600 1776 1626 1813 fi
1648 1790 1696 1814 ne
1716 1778 1764 1815 ad

380 1847 443 1871 me
464 1833 645 1880 referent,
667 1849 754 1873 mea
774 1836 847 1874 tibi
869 1846 998 1874 tamen
1020 1838 1290 1875 benevolentia
1315 1838 1484 1890 fidesque
1504 1840 1760 1892 praestabitur.

657 2038 721 2074 M.
754 2040 807 2077 T.
842 2040 890 2077 C.
925 2040 973 2077 C.
1008 2040 1238 2078 CAss1o
1280 2042 1316 2079 S.
1352 2042 1395 2080 P.
1430 2043 1484 2081 D.

382 2163 458 2201 111.
483 2161 664 2234 AUG
683 2166 769 2203 ET
801 2175 891 2203 tuus
918 2167 1065 2204 amicus
1094 2166 1267 2206 furorem
1295 2170 1335 2206 in
1366 2170 1480 2208 dies..
1509 2171 1689 2211 Primum
1722 2175 1761 2211 in

592 2228 726 2274 statua,
757 2244 875 2282 quarn
904 2231 1032 2283 posuit
1064 2233 1103 2270 in
1130 2234 1295 2279 Rostris,
1327 2236 1519 2288 inscripsit
1542 2237 1758 2277 PARENT1

384 2305 563 2330 oPT1ME
598 2306 814 2340 MER1T05
848 2305 890 2333 ut
920 2310 1000 2334 non
1027 2297 1151 2337 modo,
1173 2299 1311 2344 ficarii,
1343 2300 1406 2338 sed
1430 2303 1513 2353 jam
1533 2303 1651 2340 etiam
1672 2318 1760 2355 par-

383 2358 526 2403 ricidae,
552 2358 805 2410 judicemini.
856 2363 965 2413 Qid
1000 2362 1103 2408 dico,
1130 2364 1399 2415 judicemini?
1428 2366 1655 2418 judicemur
1687 2382 1760 2419 po—

382 2423 458 2461 tius
478 2438 487 2462 :
520 2423 631 2461 vestri
651 2425 757 2463 enim
778 2426 1035 2478 pulcherrimi
1055 2428 1147 2466 facti
1166 2430 1235 2467 ille
1255 2429 1422 2469 furiosus
1451 2446 1514 2469 me
1540 2434 1760 2484 principem

382 2488 479 2527 dicit
499 2487 624 2528 fuiffe.
658 2490 821 2529 Utinam
844 2492 1006 2544 quidem
1025 2493 1198 2532 fuiffem!
1223 2496 1407 2534 molestus
1424 2497 1538 2535 nobis
1555 2511 1633 2535 non
1654 2498 1757 2537 ess‘et.
