2351 2997
544 275 621 315 354
886 259 1570 299 EpisTOLARUM

542 375 660 413 quam
682 375 728 399 ex
750 361 874 399 literis
895 361 977 412 ejus
997 359 1180 411 cognovi,
1212 359 1287 397 tibi
1307 373 1397 397 eum
1425 358 1521 396 falso
1549 358 1766 411 suspectum
1793 357 1921 402 fuiffe,

542 426 874 464 vehementiffime
895 426 1044 463 laetatus
1066 424 1165 468 sum,
1197 437 1260 460 me
1290 433 1370 461 tam
1400 424 1631 475 diligentem
1658 424 1700 461 in
1731 437 1777 462 eo
1808 437 1920 461 com-

542 490 764 528 mendando
784 489 910 526 fuiffe.
943 490 1003 526 Ita
1021 488 1127 525 enirn
1149 487 1297 539 scripfit
1316 487 1363 525 ad
1383 501 1460 531 me,
1479 487 1550 525 fibi
1569 500 1696 525 meam
1716 500 1921 525 commen—-

543 555 741 592 dationem
761 554 935 590 maximo
955 552 1182 604 adjumento
1201 551 1327 596 fuisse,
1358 552 1464 604 quod
1484 551 1531 589 ad
1553 561 1589 589 te
1615 552 1788 589 delatum
1813 552 1921 589 dice-

542 629 614 663 ret,
647 619 720 656 sese
747 628 881 656 contra
908 617 1141 669 dignitatem
1172 626 1279 654 tuam
1309 618 1446 655 Romae
1474 617 1520 654 de
1552 626 1590 654 te
1619 617 1730 669 loqui
1762 617 1923 654 solitum

542 683 627 720 esse.
661 683 723 720 De
744 696 836 733 quo,
863 682 929 719 etfi
950 695 1020 733 pro
1042 690 1107 719 tua
1126 680 1314 718 facilitate
1334 690 1371 718 et
1392 680 1635 718 humanitate
1657 689 1866 732 purgatum
1886 680 1923 718 se

543 748 618 784 tibi
640 747 774 784 scribit
794 747 893 791 effe3
926 755 1054 784 tamen
1076 747 1265 798 primum,
1297 755 1341 783 ut
1361 746 1497 790 debeo,
1529 746 1603 783 tibi
1624 746 1812 783 maximas
1833 758 1921 796 gra-

543 813 615 850 tias
637 826 724 864 ago,
746 825 838 849 cum
860 821 1013 849 tantum
1034 811 1155 849 literae
1175 825 1268 848 meae
1289 820 1517 862 potuerunt,
1539 820 1583 848 ut
1603 810 1664 848 his
1686 811 1809 856 lectis,
1832 824 1921 848 om·—

543 891 635 915 nem
656 877 908 915 offensionem
929 877 1172 928 suspicionis,
1199 889 1316 927 quam
1337 876 1523 914 habueras
1545 877 1591 913 de
1612 876 1778 926 Lysone,
1801 877 1922 928 depo-

543 956 680 981 neres:
714 942 852 979 deinde
873 942 1002 979 credas
1023 941 1124 978 mihi
1144 941 1353 978 affirmanti
1382 941 1517 985 velim,
1548 955 1611 978 me
1640 941 1715 978 hoc
1743 955 1820 978 non
1852 955 1924 993 pro

543 1007 697 1058 Lysone
717 1007 856 1058 magis,
879 1020 997 1058 quam
1018 1020 1089 1058 pro
1110 1006 1310 1049 omnibus,
1334 1005 1512 1050 scribere,
1535 1005 1740 1042 hominem
1761 1005 1831 1042 effe
1852 1019 1923 1042 ne-

542 1073 709 1115 minem,
740 1071 809 1122 qui
831 1084 1005 1123 unquam
1026 1070 1270 1110 mentionem
1290 1070 1350 1107 tui
1370 1070 1447 1107 fine
1468 1078 1533 1107 tua
1553 1069 1703 1106 summa
1729 1068 1840 1106 laude
1861 1068 1922 1106 fe-

543 1137 653 1174 cerit.
688 1135 789 1186 Lyso
811 1149 899 1173 vero
920 1149 1013 1173 cum
1034 1149 1191 1172 mecum
1211 1149 1332 1187 prope
1352 1134 1529 1186 quotidie
1549 1133 1651 1178 esset,
1684 1146 1837 1185 unaque
1862 1134 1922 1170 vi-

541 1211 661 1245 veret,
693 1215 772 1238 non
807 1201 933 1238 solum
967 1201 1059 1253 quia
1091 1214 1154 1239 me
1188 1200 1355 1238 libenter
1388 1200 1519 1238 audire
1553 1198 1824 1243 arbitrabatur,
1860 1198 1925 1236 sed

544 1267 636 1318 quia
656 1266 844 1303 libentius
865 1266 944 1318 ipse
965 1265 1211 1317 loquebatur,
1229 1266 1361 1304 onmia
1381 1264 1482 1303 mihi
1504 1274 1569 1303 tua
1587 1273 1625 1302 et
1645 1263 1745 1301 faeta
1763 1272 1802 1300 et
1822 1263 1924 1301 dieta

545 1330 738 1368 laudabat.
778 1331 1041 1382 Qapropter‚
1072 1330 1139 1367 etfi
1160 1343 1180 1367 a
1201 1339 1237 1367 te
1258 1331 1310 1367 ita
1333 1331 1528 1374 tractatur,
1561 1337 1603 1366 ut
1618 1329 1702 1379 jam
1724 1341 1802 1365 non
1823 1328 1921 1365 defi-
1964 1364 1966 1367 .

544 1397 650 1434 deret
670 1396 1055 1434 commendationem
1084 1409 1227 1440 meam,
1259 1395 1422 1448 unisque
1452 1395 1488 1432 se
1514 1394 1637 1432 literis
1664 1394 1761 1430 meis
1790 1394 1924 1430 omnia

543 1461 799 1499 consecutum
824 1469 951 1513 putet,
982 1469 1113 1498 tamen
1141 1473 1163 1497 a
1191 1468 1228 1498 te
1257 1469 1347 1511 peto
1377 1460 1418 1497 in
1448 1460 1636 1510 majorem
1668 1457 1846 1502 modum,
1879 1466 1923 1495 ut

543 1539 634 1563 eum
654 1526 773 1564 etiam
792 1534 908 1577 atque
928 1526 1046 1563 etiam
1075 1524 1152 1562 tuis
1182 1524 1338 1569 officiis,
1370 1524 1618 1567 liberalitate,
1648 1523 1924 1573 complectare..

544 1590 762 1628 Scriberem
793 1589 840 1626 ad
872 1598 923 1634 te,
957 1589 1081 1641 qualis
1112 1589 1171 1626 vir
1201 1588 1305 1632 esset,
1337 1598 1382 1626 ut
1412 1587 1674 1640 superioribus
1705 1587 1826 1623 literis
1861 1586 1921 1624 fe-

541 1668 683 1699 ceram,
715 1655 785 1692 nifi
811 1667 902 1692 eum
923 1656 1006 1706 jam
1033 1667 1101 1706 per
1128 1653 1163 1691 se
1195 1653 1324 1705 ipsum
1354 1653 1428 1691 tibi
1455 1653 1541 1691 satis
1563 1651 1635 1692 effe
1655 1660 1795 1693 notum
1816 1645 1922 1688 arb‘i-

542 1729 674 1758 trarer.
706 1719 817 1757 Vale.

925 1921 1169 1956 CicERo
1219 1920 1448 1956 SERVIO
1499 1918 1536 1955 S.

545 2045 677 2084 XXV.
704 2044 828 2116 HA
841 2047 878 2083 G
894 2047 927 2083 E
944 2046 965 2082 S
978 2046 1014 2082 A
1030 2045 1065 2082 R
1081 2045 1113 2082 E
1129 2046 1166 2081 T
1183 2046 1219 2082 U
1236 2046 1257 2081 S
1289 2044 1487 2081 Lariffaeus
1509 2044 1660 2094 magnis
1682 2043 1778 2082 meis
1799 2044 1920 2081 bene-

813 2110 912 2148 ficiis
943 2119 1099 2146 ornatus
1127 2109 1166 2145 in
1198 2109 1399 2146 consulatu
1428 2121 1529 2152 meo,
1562 2121 1712 2145 memor
1732 2116 1769 2145 et
1790 2118 1921 2160 gratus

544 2177 637 2222 fuit,
668 2190 808 2229 meque
829 2175 957 2228 postea
975 2175 1266 2226 diligentissime
1287 2174 1425 2212 coluit.
1465 2175 1570 2211 Eum
1592 2174 1666 2211 tibi
1687 2187 1920 2226 magnopere

544 2241 793 2286 commendo,
825 2250 869 2278 ut
889 2249 926 2278 et
947 2239 1141 2292 hospitem
1168 2253 1316 2285 meum,
1348 2248 1385 2277 et
1417 2238 1663 2283 familiarem,
1695 2248 1733 2276 et
1764 2250 1920 2290 gratum

543 2308 763 2350 hominem,
795 2316 831 2343 et
853 2307 981 2343 virum
1002 2307 1166 2349 bonum,
1188 2314 1226 2343 et
1247 2305 1466 2357 principem
1488 2305 1655 2342 civitatis
1679 2304 1765 2348 suae,
1796 2314 1834 2341 et
1856 2313 1921 2342 tua

545 2373 819 2412 neceffitudine
840 2372 1122 2423 dignissimum.
1169 2371 1397 2422 Pergratum
1419 2369 1519 2408 mihi
1540 2369 1692 2414 feceris,
1725 2369 1750 2406 fi
1771 2369 1920 2409 dederis

543 2453 714 2491 operam,
733 2448 776 2476 ut
797 2439 827 2475 is
850 2438 1044 2488 intelligat
1064 2437 1164 2474 hanc
1186 2450 1312 2475 meam
1328 2436 1710 2474 commendationem
1731 2448 1920 2488 magnum

543 2504 644 2556 apud
666 2513 702 2542 te
722 2504 875 2556 pondus
896 2502 1081 2541 habuisse.
1114 2502 1222 2540 Vale.
