2351 2997
543 286 614 325 182
882 281 1562 322 EPISTOLARUM

538 382 773 421 defenditur.
808 383 876 420 Ais
898 382 1018 425 enim,
1048 390 1091 418 ut
1111 394 1182 432 ego
1203 380 1447 424 discesserim,
1470 380 1602 417 omnia
1621 380 1802 418 omnium
1821 378 1907 416 dic-

539 458 589 493 ta,
622 450 662 486 in
683 448 743 485 his
766 449 882 485 etiam
904 447 1095 490 Sextiam,
1126 446 1165 482 in
1188 458 1250 482 me
1270 445 1453 483 conferri.
1499 445 1608 496 Qid
1627 446 1639 483 ?
1671 455 1713 483 tu
1738 446 1777 482 id
1798 454 1906 497 pate-

539 514 617 551 ris?
650 525 779 549 nonne
799 511 1001 548 defendis?
1034 523 1111 546 non
1133 509 1294 546 resistis?
1327 509 1524 560 Equidem
1545 510 1741 561 sperabam
1762 511 1814 547 ita
1834 523 1907 547 no-

540 587 616 615 tata
644 591 706 614 me
736 576 928 627 reliquisse
956 588 1095 627 genera
1123 574 1318 612 dictorum
1347 588 1540 619 meorum,
1571 584 1615 612 ut
1644 575 1825 626 cognosci
1846 575 1909 613 sua

538 643 674 694 sponte
694 641 855 694 pofl‘ent.
890 641 961 678 Sed
982 639 1138 692 quando
1159 649 1264 677 tanta
1282 639 1358 677 faex
1378 639 1430 677 est
1450 640 1490 677 in
1513 639 1621 684 urbe,
1644 649 1688 678 ut
1708 640 1808 678 nihil
1830 649 1910 677 tam

537 709 584 746 fit
612 704 779 755 ἀκύθηρσν,
808 707 912 758 quod
945 720 1022 744 non
1051 706 1169 743 alicui
1197 705 1401 743 venustum
1431 705 1502 743 effe
1531 705 1731 751 videatur;
1764 719 1910 758 pugna,

536 774 565 811 si
587 787 649 811 me
669 787 787 817 amas,
811 773 879 810 nisi
901 781 1012 809 acuta
1031 767 1240 819 ἀμφιὲολίοι,
1261 771 1330 809 nifi
1351 771 1504 823 elegans
1524 767 1687 819 ὐπρζολῆ,
1709 772 1779 809 nisi
1800 767 1908 819 mapa-

537 851 686 887 γροιμμοι
707 838 871 882 bellum,
903 837 971 874 nisi
993 836 1206 874 ridiculum
1225 833 1310 884 παρὰ
1329 829 1537 875 περσὸοκίοω,
1566 838 1635 874 nifi
1656 846 1803 881 caetera,
1827 850 1910 887 quae

537 904 627 942 sunt
648 918 667 941 a
687 917 749 941 me
769 904 810 940 in
830 902 998 940 secundo
1024 902 1127 939 libro
1155 902 1201 939 de
1233 903 1395 940 Oratore
1421 916 1488 954 per
1514 903 1680 940 Antonii
1711 902 1910 954 personam

540 969 731 1021 disputata
751 968 797 1005 de
825 967 1016 1012 ridiculis,
1047 962 1174 1010 'ebremou
1201 976 1238 1004 et
1267 976 1401 1019 arguta
1428 968 1682 1019 apparebunt,
1716 976 1759 1004 ut
1789 967 1909 1004 sacra-

538 1044 674 1072 mento
696 1033 904 1071 contendas
922 1046 1006 1070 mea
1025 1047 1103 1070 non
1125 1033 1209 1070 effe.
1242 1033 1347 1070 Nam
1364 1032 1410 1069 de
1424 1033 1586 1084 judiciis
1603 1032 1708 1084 quod
1725 1032 1909 1083 quereris,

541 1099 670 1136 multo
690 1098 823 1136 laboro
843 1098 989 1135 minus.
1022 1096 1246 1134 Trabantur
1261 1111 1328 1149 per
1348 1110 1410 1134 me
1429 1096 1593 1148 pedibus
1614 1109 1749 1134 omnes
1771 1096 1844 1140 rei;
1868 1096 1913 1133 sit

538 1163 599 1201 vel
622 1163 744 1201 Selius
766 1172 844 1200 tam
865 1162 1067 1214 eloquens,
1098 1171 1142 1198 ut
1162 1161 1275 1213 poffit
1294 1162 1455 1214 probare
1476 1162 1511 1199 se
1530 1162 1727 1206 liberum;
1756 1174 1834 1198 non
1855 1160 1912 1198 la-

540 1230 650 1267 boro.
695 1228 938 1266 Urbanitatis
971 1227 1249 1279 posseffionem,
1280 1228 1432 1272 amabo,
1464 1228 1664 1280 quibusvis
1697 1226 1914 1264 interdictis

541 1293 793 1331 defendamus
811 1309 821 1331 2
855 1294 893 1330 in
916 1306 991 1345 qua
1012 1302 1048 1330 te
1070 1307 1194 1330 unum
1214 1302 1362 1337 metuo,
1394 1303 1604 1330 contemno
1625 1302 1795 1330 caeteros.
1829 1293 1913 1329 De-

540 1359 658 1396 rideri
679 1368 715 1396 te
735 1368 846 1410 putas
867 1360 878 1395 ?
911 1359 1032 1396 Nunc
1054 1357 1213 1395 demum
1233 1358 1414 1409 intelligo
1435 1367 1472 1395 te
1493 1358 1632 1410 sapere.
1666 1358 1737 1395 Sed
1758 1356 1913 1394 meher-

541 1424 647 1461 cules
679 1433 787 1461 extra
811 1425 964 1474 jocum,
996 1422 1105 1460 valde
1125 1421 1225 1460 mihi
1254 1431 1328 1460 tuae
1353 1422 1472 1460 literae
1492 1421 1625 1460 facetae
1645 1421 1915 1473 elegantesque

540 1489 626 1527 visae
647 1489 749 1526 sunt.
782 1489 855 1526 Illa
874 1488 1051 1540 quamvis
1073 1487 1237 1525 ridicula
1256 1487 1387 1532 effent,
1405 1487 1501 1525 ficut
1521 1496 1641 1532 erant,
1663 1486 1765 1525 mihi
1785 1496 1914 1524 tamen

541 1554 662 1591 risum
694 1567 772 1591 non
805 1562 1038 1591 moverunt:
1071 1554 1188 1605 cupio
1214 1553 1320 1590 enim
1341 1552 1514 1590 nostrum
1535 1553 1651 1590 illum
1675 1552 1847 1590 amicum
1873 1552 1915 1588 in

541 1619 744 1657 tribunatu
775 1632 893 1671 quam
924 1619 1142 1670 plurimum
1175 1617 1315 1655 habere
1344 1618 1568 1669 gravitatis:
1604 1618 1644 1655 id
1676 1631 1768 1655 cum
1798 1617 1916 1669 ipfius

542 1685 664 1729 causa,
700 1685 770 1735 (est
799 1683 914 1729 mihi,
948 1692 990 1721 ut
1020 1683 1107 1728 scis,
1138 1684 1179 1720 in
1209 1683 1424 1733 amoribus)
1449 1692 1534 1721 tum
1555 1682 1779 1721 mehercule
1798 1683 1917 1720 etiam

541 1750 780 1802 reipublicae,
812 1763 929 1801 quam
951 1749 1125 1800 quidem,
1157 1749 1334 1801 quamvis
1367 1749 1407 1786 in
1435 1762 1498 1786 me
1524 1750 1674 1801 ingrata
1700 1748 1760 1794 fit,
1791 1760 1918 1786 amare

541 1828 621 1852 non
642 1814 823 1852 desinam.
856 1815 937 1858 Tu,
964 1814 1020 1851 mi
1041 1813 1248 1858 Volumni,
1279 1813 1436 1865 quando
1456 1822 1494 1850 et
1514 1813 1727 1857 instituisti,
1758 1822 1796 1850 et
1815 1811 1917 1850 mihi

542 1880 648 1917 vides
669 1879 740 1916 effe
759 1888 928 1931 gratum,
952 1878 1073 1916 scribe
1094 1879 1139 1916 ad
1160 1892 1222 1915 me
1243 1891 1359 1930 quarn
1381 1878 1578 1930 saepiffime
1597 1878 1644 1915 de
1664 1879 1777 1915 rebus
1799 1878 1921 1915 urba-¹,

543 1946 618 1989 nis,
651 1945 696 1982 de
717 1945 929 1996 republica.
962 1944 1167 1994 Jucundus
1189 1943 1241 1981 est
1262 1942 1362 1981 mihi
1383 1943 1506 1981 sermo
1526 1944 1724 1981 literarum
1747 1952 1914 1980 tuarum.

544 2010 729 2046 Praeterea
749 2009 1011 2053 Dolabellam,
1044 2022 1162 2060 quern
1183 2022 1254 2060 ego
1275 2007 1465 2060 perspicio
1493 2017 1530 2045 et
1551 2008 1689 2060 judico
1716 2008 1915 2060 cupidisfi-

544 2088 656 2112 mum
676 2074 747 2112 effe
767 2084 882 2126 atque
902 2074 1204 2112 amantiffimum
1225 2075 1317 2118 mei,
1349 2072 1550 2111 cohortare
1579 2084 1617 2111 et
1649 2073 1850 2118 confirma,
1881 2082 1919 2110 et

544 2138 658 2177 redde
679 2139 792 2191 plane
812 2153 959 2177 meum.
1005 2139 1101 2177 Non
1123 2138 1345 2176 mehercule
1366 2152 1444 2190 quo
1465 2138 1682 2191 quidquam
1702 2137 1823 2182 desit;
1855 2137 1917 2175 sed

543 2203 637 2256 quia
656 2203 765 2242 valde
785 2205 916 2257 cupio,
948 2218 1026 2242 non
1047 2204 1179 2242 videor
1199 2204 1369 2242 nimium
1390 2204 1574 2242 laborare.
1606 2203 1717 2241 Vale.
