2351 2997
556 242 715 326 364⁶
902 268 1588 310 EPISTOLARUM

553 378 620 407 tua
640 383 696 407 res
718 370 797 422 ipsa
818 370 1023 420 impetrare
1043 368 1172 412 debet,
1204 376 1248 405 ut
1279 368 1312 405 ei
1346 367 1561 405 subvenias.
1608 366 1782 419 Qoquo
1812 366 1937 404 modo

553 443 683 471 autern
705 435 740 472 se
761 448 817 472 res
838 433 970 477 habet,
1001 442 1092 484 peto
1113 446 1133 468 a
1154 442 1206 476 te,
1229 442 1272 469 ut
1292 431 1451 469 honoris
1473 432 1552 469 mei
1571 432 1681 469 causa
1700 445 1791 469 eum
1811 445 1937 484 expe-,-

554 499 649 544 dias,
673 509 905 549 tantumque
925 499 958 535 ei
981 496 1206 534 commodes
1227 505 1265 533 et
1286 497 1325 533 in
1349 495 1420 533 hac
1442 510 1480 534 re
1500 506 1539 534 et
1559 497 1599 534 in
1621 498 1781 541 caeteris,
1804 498 1929 550 quanss

554 573 639 600 tum
661 573 725 600 tua
747 563 839 600 fides
861 562 1105 614 dignitasque
1126 562 1307 613 patietur.
1355 561 1401 598 Id
1433 559 1534 598 mi-hi
1565 560 1814 600 vehementer
1841 575 1930 613 gra·-

556 638 639 665 tum
661 629 747 666 erit.
781 627 890 664 Vale„

762 826 825 863 M.
860 826 912 863 T.
948 826 995 863 C.
1029 795 1269 863 Ac1L10*
1303 824 1478 863 Pnoc.
1520 825 1558 862 S.
1592 824 1636 861 P.
1670 824 1730 861 D..

554 953 790 990 XXXVIII.
817 950 931 1021 LU
946 952 977 988 C
992 952 1008 988 I
1023 952 1059 988 U
1073 953 1095 988 S
1123 949 1316 995 Bruttius,
1338 963 1455 1003 eques
1478 950 1695 993 Romanus,
1712 949 1930 987 adolescens

913 1016 1098 1053 omnibus
1120 1016 1233 1052 rebus
1254 1024 1426 1059 ornatus,
1448 1014 1493 1052 in
1510 1014 1606 1051 meis
1627 1013 1930 1051 familiariffimis

554 1082 621 1125 est,
640 1095 779 1132 meque
795 1081 969 1118 observat
985 1079 1298 1131 diligentiffime5
1318 1081 1429 1131 cujus
1446 1093 1538 1116 cum
1555 1088 1660 1130 patre
1677 1091 1815 1129 magna
1830 1077 1931 1115 mihi

554 1145 632 1183 suit
652 1146 825 1182 amicitia
839 1147 921 1196 jam
942 1143 1032 1181 inde
1052 1158 1072 1181 a
1087 1144 1276 1196 quaestura
1295 1157 1380 1180 mea
1401 1143 1605 1180 Sicilienfi.
1628 1143 1806 1180 Omnino
1827 1155 1932 1180 nunc

554 1211 633 1262 ipse
656 1211 831 1247 Bruttius
852 1211 990 1247 Romae
1016 1222 1175 1246 mecum
1205 1209 1285 1246 est:
1319 1209 1380 1245 sed
1413 1218 1541 1245 tamen
1572 1207 1735 1245 domum
1766 1208 1863 1259 ejus,
1894 1217 1935 1245 et

555 1289 637 1312 rem
658 1275 907 1318 familiarem,
938 1283 976 1311 et
998 1283 1278 1326 procuratores,
1312 1273 1385 1310 tibi
1413 1273 1463 1310 fic
1489 1272 1739 1316 commendo,
1771 1281 1815 1309 ut
1845 1285 1929 1309 ma-

548 1341 634 1391 jore
655 1339 780 1377 studio
800 1339 1073 1376 commendare
1095 1353 1171 1376 non
1189 1338 1339 1390 poffim.
1371 1337 1641 1375 Gratiffimum
1657 1337 1757 1375 mihi
1777 1336 1929 1381 feceris,

556 1406 579 1441 fi
602 1406 760 1449 curaris,
779 1415 823 1442 ut
844 1404 1039 1455 intelligat
1061 1404 1253 1447 Bruttius,
1276 1403 1316 1439 id
1337 1402 1443 1454 quod
1462 1403 1497 1439 ei
1518 1402 1660 1454 recepi,
1680 1401 1782 1440 hanc
1802 1415 1937 1440 meam.

553 1470 936 1508 commendationem
958 1470 1027 1522 fibi
1049 1482 1191 1521 magno
1211 1467 1582 1519 adjumentofuiffe.
1616 1467 1727 1505 Vale⁵

759 1671 822 1709 M.
856 1672 908 1708 T.
943 1671 991 1708 C.
1025 1672 1260 1707 AC1L10
1302 1669 1556 1707 PRoc.·S.
1590 1667 1634 1706 P.
1668 1669 1722 1706 D.

554 1798 746 1836 XXXIX.
775 1797 842 1870 C
855 1798 892 1835 U
905 1797 954 1834 M
978 1796 1128 1834 familia
1148 1796 1333 1833 Titurnia
1353 1795 1588 1833 neceffitudo
1604 1794 1704 1833 mihi
1724 1795 1931 1834 intercedit

874 1871 983 1900 vetus
998 1881 1010 1904 ς
1033 1875 1079 1898 ex
1101 1873 1177 1912 qua
1197 1860 1369 1912 reliquus
1391 1860 1443 1897 est
1464 1861 1527 1898 M.
1552 1860 1760 1897 Titurnius
1783 1860 1928 1904 Rufus,

554 1928 623 1979 qui
644 1926 744 1964 mihi
765 1927 875 1964 omni
895 1926 1101 1976 diligentia
1119 1934 1234 1976 atque
1254 1925 1386 1961 officio
1405 1924 1458 1961 est
1485 1924 1666 1962 tuendus.
1713 1923 1781 1961 Est
1809 1925 1931 1976 igitur

554 1993 594 2028 in
623 2001 688 2029 tua
716 1992 916 2042 potestate,
947 1999 991 2027 ut
1022 1990 1089 2027 ille
1119 1989 1158 2026 in
1192 2003 1254 2026 me
1286 1989 1372 2027 satis
1405 1989 1474 2026 fibi
1509 1989 1671 2041 praefidii
1700 1998 1812 2041 putet
1842 1989 1927 2027 effe.

555 2058 803 2108 Qapropter
823 2070 914 2093 eum
935 2055 1009 2092 tibi
1039 2054 1274 2092 commendo
1301 2056 1487 2106 majorem
1515 2055 1555 2091 in
1583 2053 1763 2098 modum,
1795 2062 1832 2091 et
1864 2055 1929 2091 abs

555 2132 592 2159 te
623 2130 730 2172 peto,
759 2121 917 2164 efficias,
950 2128 992 2158 ut
1024 2120 1055 2157 is
1088 2118 1472 2156 commendationem
1501 2119 1601 2157 hanc
1634 2119 1829 2170 intelligat
1860 2119 1932 2157 fibi

554 2199 697 2238 magno
717 2185 942 2237 adjumento
962 2184 1087 2223 fuifl‘e.
1120 2185 1208 2222 Erit
1228 2183 1328 2222 mihi
1348 2184 1597 2223 vehementer
1617 2193 1786 2236 gratum.
1817 2184 1927 2223 Vale„
