2351 2997
658 303 750 340 AD
810 301 1278 339 FAMILIARES
1339 302 1470 340 LIB.
1523 303 1596 342 VI.
1752 319 1819 355 141

443 401 624 446 subfidas,
661 415 707 438 an
743 400 789 437 ad
825 400 1007 451 reliquias
1043 400 1219 437 Afiaticae
1253 399 1531 451 negotiationis
1567 398 1824 451 proficiscare.

442 468 541 505 Haec
572 475 637 503 tua
663 465 891 502 deliberatio
920 478 998 502 non
1020 463 1120 502 mihi
1142 465 1349 502 convenire
1370 464 1447 501 visa
1467 464 1519 501 est
1540 478 1631 502 curn
1654 465 1827 502 oratione

443 532 574 583 Largi.
608 530 681 567 Ille
701 531 808 568 enim
830 544 1002 575 mecum,
1035 530 1138 581 quasi
1161 530 1235 567 tibi
1256 543 1334 567 non
1357 530 1491 567 liceret
1513 530 1553 567 in
1576 531 1708 567 Sicilia
1735 529 1824 567 diu-

442 596 519 633 tius
555 596 804 639 commorari,
846 596 898 632 ita
933 595 1089 632 locutus
1123 604 1201 631 erat
1220 610 1228 632 :
1271 604 1314 631 tu
1350 603 1495 638 autem,
1528 595 1630 645 quasi
1666 594 1825 631 conces—

442 661 526 698 sum
549 661 608 705 fit,
641 662 693 698 ita
714 661 917 698 deliberas.
958 660 1029 698 Sed
1051 673 1137 711 ego,
1170 660 1242 696 five
1265 658 1355 703 hoc,
1388 659 1461 696 five
1483 659 1582 696 illud
1603 660 1669 704 est,
1702 662 1741 696 in
1765 661 1824 696 Si—

442 726 533 763 cilia
553 726 688 763 censeo
710 726 1051 763 commorandum.
1099 725 1377 775 Propinquitas
1400 724 1578 761 locorum
1600 725 1659 761 vel
1681 725 1727 761 ad
1748 726 1825 762 im-

441 792 674 844 petrandum
696 791 851 843 adjuvat
871 791 1016 828 crebris
1039 790 1160 827 literis
1183 799 1220 827 et
1242 790 1407 833 nuntiis,
1441 790 1499 826 vel
1521 789 1566 826 ad
1593 790 1738 827 reditus
1760 804 1825 827 ce-

441 857 650 901 leritatem,
668 870 706 893 re
727 866 793 894 aut
813 857 1032 908 impetrata,
1052 856 1157 907 quod
1180 855 1301 907 spero,
1326 865 1390 892 aut
1411 856 1541 907 aliqua
1561 855 1708 893 ratione
1729 869 1825 893 con—

440 922 553 960 fecta.
600 922 870 972 Qamobrem
900 921 1035 960 censeo
1064 935 1207 973 magno
1237 935 1352 972 opere
1384 921 1726 958 commorandum.
1771 923 1824 959 T.

442 987 632 1025 Furfanio
654 987 855 1032 Postumo,
886 986 1071 1025 familiari
1098 1001 1200 1031 meo,
1233 986 1446 1038 legatisque
1475 987 1572 1038 ejus,
1605 987 1701 1024 item
1729 988 1826 1024 meis

441 1051 717 1097 familiaribus,
754 1053 1046 1105 diligentissime
1081 1063 1118 1090 te
1153 1053 1453 1097 commendabo,
1490 1066 1582 1090 cum
1618 1054 1796 1090 venerint
1814 1070 1823 1090 :

440 1128 549 1157 erant
570 1120 676 1157 enim
697 1132 832 1156 omnes
854 1119 1039 1157 Mutinae.
1083 1119 1170 1156 Viri
1198 1119 1286 1156 sunt
1307 1119 1465 1170 optimi,
1497 1128 1536 1156 et
1558 1119 1615 1156 tui
1637 1120 1828 1157 similium

441 1184 613 1229 studiofi,
640 1193 679 1222 et
698 1184 776 1222 mei
797 1184 1005 1222 necessarii.
1039 1185 1137 1236 Qae
1159 1183 1260 1221 mihi
1281 1184 1438 1221 venient
1458 1184 1498 1220 in
1521 1194 1710 1229 mentem,
1742 1198 1828 1236 quae

441 1249 488 1286 ad
509 1258 547 1287 te
567 1250 759 1301 pertinere
779 1249 1009 1294 arbitrabor,
1028 1263 1070 1287 ea
1085 1263 1170 1287 mea
1190 1249 1325 1301 sponte
1345 1248 1500 1286 faciam.
1535 1250 1573 1286 Si
1594 1250 1690 1301 quid
1710 1250 1827 1301 igno-

441 1314 548 1358 rabo,
573 1314 619 1351 de
640 1328 685 1351 eo
706 1313 929 1352 admonitus
951 1315 1132 1352 omnium
1154 1314 1276 1351 studia
1296 1314 1465 1351 vincam.
1499 1315 1586 1366 Ego
1607 1315 1674 1351 etsi
1695 1328 1827 1352 coram

440 1380 486 1417 de
504 1388 540 1416 te
556 1393 649 1417 cum
671 1379 860 1417 Furfanio
881 1380 933 1417 ita
954 1380 1103 1431 loquar,
1124 1389 1166 1417 ut
1189 1380 1263 1416 tibi
1283 1380 1406 1417 literis
1428 1379 1524 1416 meis
1546 1380 1592 1416 ad
1613 1394 1703 1417 eum
1725 1379 1827 1417 nihil

441 1457 538 1497 opus
560 1444 632 1489 fit;
667 1454 811 1489 tamen,
844 1446 1031 1496 quoniam
1054 1445 1130 1481 tuis
1153 1445 1301 1496 placuit
1329 1454 1365 1481 te
1392 1444 1533 1481 habere
1554 1458 1656 1482 meas
1679 1445 1824 1489 literas,

443 1524 536 1564 quas
569 1512 601 1548 ei
636 1511 826 1555 redderes,
858 1524 1009 1548 morem
1037 1510 1098 1548 his
1126 1511 1231 1563 geffi.
1278 1512 1438 1548 Earum*
1458 1511 1661 1548 literarum
1691 1524 1828 1548 exem-

442 1577 553 1628 plum
574 1575 676 1614 infra
695 1576 885 1628 scriptum
906 1576 972 1616 est.
1006 1576 1117 1613 Vale,

556 1780 618 1818 M.
652 1781 704 1817 T.
739 1780 786 1818 C.
820 1781 874 1819 T.
908 1781 1247 1824 FURFANm,
1290 1780 1536 1817 PRocos.
1580 1780 1617 1817 S.
1651 1781 1705 1817 D,

442 1908 515 1946 IX.
538 1906 714 1980 CUM
742 1909 792 1945 A.
818 1908 975 1945 Caecina
996 1917 1102 1946 tanta
1123 1906 1224 1947 mihi
1244 1907 1828 1960 familiaritas·consuetudoque

638 1972 786 2025 semper
806 1972 899 2017 fuit,
931 1982 976 2010 ut
997 1973 1106 2011 nulla
1125 1974 1249 2024 major
1270 1973 1341 2010 effe
1361 1973 1489 2025 poffit.
1534 1974 1640 2011 Nam
1662 1984 1700 2011 et
1720 1984 1828 2025 patre

442 2041 539 2092 ejus,
562 2040 666 2077 claro
687 2038 849 2076 homine
870 2047 907 2075 et
928 2037 1022 2076 forti
1043 2039 1141 2083 viro,
1163 2038 1384 2090 plurimum
1406 2039 1459 2076 ufi
1482 2039 1636 2083 sumus;
1660 2048 1697 2076 et
1718 2038 1827 2077 hunc

442 2118 462 2142 a
478 2118 612 2156 puero,
631 2104 737 2155 quod
753 2113 791 2141 et
812 2104 919 2156 spem
940 2118 1122 2156 magnam
1144 2103 1245 2142 mihi
1266 2104 1449 2142 afferebat
1470 2105 1631 2142 summae
1651 2106 1827 2156 probita-

443 2171 493 2207 tis
522 2171 762 2221 summaeque
790 2170 1037 2222 eloquentiae,
1069 2180 1107 2208 et
1134 2170 1287 2208 vivebat
1315 2184 1474 2208 mecum
1502 2170 1827 2222 conjundtiffime,

442 2250 521 2275 non
543 2237 671 2275 solum
692 2237 832 2274 officiis
854 2237 1051 2282 amicitiae,
1074 2237 1138 2274 sed
1157 2238 1275 2275 etiam
1296 2237 1431 2275 studiis
1454 2238 1752 2282 communibus,
1778 2237 1828 2275 fic

443 2302 592 2354 semper
614 2302 749 2346 dilexi,
782 2311 832 2340 utv
853 2316 931 2340 non
960 2303 1043 2340 ullo
1070 2317 1162 2341 cum
1189 2302 1351 2340 homine
1372 2303 1620 2355 conjundfius
1642 2303 1825 2341 viverem.

442 2367 561 2407 Nihil
583 2369 722 2405 attinet
743 2381 804 2406 me
826 2368 938 2419 plura
958 2368 1138 2408 scribere.
1186 2371 1318 2420 Qam
1349 2368 1452 2406 mihi
1484 2368 1629 2406 neceffe
1661 2368 1713 2406 est
1745 2370 1826 2419 ejus

443 2433 607 2471 salutern
628 2442 666 2470 et
687 2433 878 2479 fortunas,
910 2434 1212 2487 quibuscunque
1237 2434 1351 2472 rebus
1372 2434 1525 2486 poffim,
1558 2433 1672 2477 tueri,
1704 2432 1825 2470 vides.

445 2499 666 2551 Reliquum
686 2498 753 2543 est,
785 2507 843 2543 ut,
877 2513 974 2537 cum.
990 2501 1195 2552 cognorim
1223 2500 1404 2553 pluribus
1433 2501 1562 2544 rebus,
1595 2499 1690 2551 quid
1718 2508 1759 2535 tu
1790 2507 1828 2535 et

445 2564 492 2602 de
521 2564 715 2603 bonorum
743 2563 902 2604 fortuna
927 2574 966 2604 et
997 2566 1042 2604 de
1075 2566 1300 2619 reipublicae
1333 2564 1620 2605 calamitatibus
1652 2563 1825 2607 sentires,
