2351 2997
516 251 590 304 238
859 251 1541 291 EPISTOLARUM

838 485 1077 522 CICERO
1129 486 1382 522 PLANCO
1433 485 1470 522 S.
1504 485 1559 522 D.

513 613 588 651 111.
615 612 801 684 CUM
832 612 961 664 ipsum
993 613 1188 650 Furnium
1219 626 1286 664 per
1318 613 1353 650 se
1388 611 1468 650 vidi
1502 613 1766 659 libentiffime,
1799 623 1884 654 tum

712 678 788 717 hoc
808 680 1012 724 libentius,
1044 680 1149 732 quod
1180 680 1295 717 illum
1322 680 1479 717 audiens
1506 691 1542 720 te
1562 681 1719 719 videbar
1739 681 1883 721 audire.

511 745 618 784 Nam
638 754 676 782 et
705 745 744 782 in
767 759 805 782 re
825 745 986 782 militari
1008 746 1207 790 virtutem,
1239 756 1277 783 et
1306 746 1346 782 in
1369 745 1668 785 administranda
1686 748 1887 799 provincia

504 811 712 862 justitiam,
743 820 781 848 et
801 811 841 848 in
862 812 971 848 omni
992 824 1130 862 genere
1151 811 1398 863 prudentiam
1419 812 1518 849 mihi
1541 823 1662 857 tuam,
1690 813 1883 864 exposuit,

510 886 547 914 et
570 886 749 929 praeterea
768 875 869 914 mihi
891 890 967 913 non
990 877 1164 928 ignotam
1196 878 1234 914 in
1266 877 1545 915 consuetudine
1565 888 1603 915 et
1623 878 1886 916 familiaritate

510 943 736 980 suavitatem
756 951 864 979 tuam
885 942 1090 993 adjunxit3
1123 952 1302 994 praeterea
1323 942 1513 980 summam
1535 957 1623 995 erga
1651 944 1687 980 se
1711 944 1885 981 liberali-

509 1016 655 1045 tatem:
689 1022 774 1059 quae
804 1008 935 1044 omnia
966 1007 1067 1044 mihi
1092 1008 1281 1058 jucunda,
1313 1007 1388 1044 hoc
1418 1018 1638 1046 extremum
1660 1010 1777 1045 etiam
1797 1022 1886 1060 gra-

508 1083 595 1111 tum
634 1072 725 1110 fuit.
778 1074 878 1124 Ego,
926 1073 1082 1117 Plance,
1128 1073 1444 1110 necessitudinem
1480 1074 1730 1111 constitutam
1765 1073 1886 1112 habui

507 1153 599 1177 cum
630 1138 748 1176 domo
777 1138 895 1176 vestra
924 1148 1011 1176 ante
1040 1139 1238 1190 aliquanto
1269 1153 1386 1190 quam
1416 1148 1459 1176 tu
1481 1150 1592 1177 natus
1614 1153 1679 1184 es;
1713 1153 1885 1177 amorem

507 1214 637 1242 autem
667 1217 754 1256 erga
784 1213 820 1241 te
849 1204 896 1240 ab
927 1205 1086 1241 ineunte
1115 1204 1280 1256 pueritia
1307 1214 1397 1248 tua,
1431 1205 1659 1242 confirmata
1673 1206 1755 1256 jam
1777 1213 1886 1243 aetate

506 1269 827 1312 familiaritatem,
859 1282 951 1305 cum
984 1268 1109 1305 studio
1141 1282 1242 1312 meo,
1276 1277 1360 1305 tum
1390 1269 1543 1319 judicio
1579 1279 1661 1314 tuo,
1692 1269 1883 1307 constitu-

507 1343 601 1372 tam.
634 1335 710 1371 His
732 1328 916 1371 decausis
939 1333 1171 1370 mirabiliter
1190 1333 1299 1370 faveo
1320 1333 1502 1384 dignitati
1525 1344 1612 1378 ωε,
1644 1348 1761 1385 quam
1783 1334 1885 1372 mihi

506 1409 639 1438 tecum
665 1400 788 1437 statuo
817 1399 888 1437 effe
917 1412 1185 1437 communem.
1233 1400 1379 1436 Omnia
1409 1399 1557 1437 summa
1578 1400 1807 1437 consecutus
1829 1413 1883 1444 es,

504 1467 648 1504 virtute
682 1466 794 1509 duce,
832 1464 977 1502 comite
1011 1464 1195 1509 fortuna;
1234 1478 1354 1516 eaque
1388 1478 1425 1502 es
1458 1465 1618 1517 adeptus
1649 1465 1882 1510 adolescens,

504 1531 641 1569 multis
663 1531 945 1575 invidentibus,
977 1544 1074 1583 quos
1096 1530 1254 1582 ingenio
1275 1530 1537 1582 industriaque
1560 1530 1720 1582 fregisti.
1759 1532 1881 1568 Nunc

503 1611 580 1641 me,
612 1596 916 1634 amantiffimum
938 1597 1010 1639 tui,
1043 1596 1192 1633 nemini
1222 1596 1516 1640 concedentem,
1549 1597 1617 1648 qui
1648 1596 1721 1632 tibi
1751 1595 1882 1633 vetus-

504 1672 580 1700 tate
615 1661 902 1699 neceffitudinis
938 1662 1067 1713 potior
1098 1661 1210 1714 poffit
1242 1661 1327 1706 effe,
1369 1662 1394 1699 fi
1427 1662 1572 1706 audies,
1613 1675 1771 1699 omnem
1806 1662 1882 1699 tibi

503 1729 662 1781 reliquae
683 1728 770 1765 vitae
792 1727 1023 1779 dignitatem
1044 1741 1091 1765 ex
1122 1728 1275 1779 optimo
1305 1728 1530 1780 reipublicae
1561 1727 1656 1765 statu
1687 1729 1879 1780 acquires.

504 1795 584 1832 Scis
620 1792 794 1846 profecto
829 1792 948 1845 (nihil
981 1794 1087 1830 enim
1120 1802 1157 1830 te
1188 1792 1323 1845 fugere
1355 1794 1504 1845 potuit)
1539 1793 1649 1831 fuiffe
1681 1793 1881 1845 quoddam

503 1868 673 1910 tempus,
705 1871 797 1895 cum
817 1857 997 1895 homines
1025 1857 1287 1895 existimarent
1318 1867 1354 1894 te
1384 1858 1501 1895 nimis
1532 1857 1669 1894 servire
1689 1857 1878 1909 tempori-

502 1924 602 1961 bus:
635 1922 740 1974 quod
767 1936 838 1973 ego
868 1936 1025 1974 quoque
1052 1922 1324 1966 existimarem,
1357 1931 1393 1959 te
1423 1923 1449 1960 fi
1477 1936 1532 1966 ea,
1564 1937 1648 1974 quae
1669 1922 1877 1974 patiebare,

502 1988 663 2040 probare
683 1988 800 2024 etiam
822 1987 1037 2025 arbitrarer.
1086 1987 1157 2023 Sed
1178 2001 1269 2024 cum
1300 1987 1560 2039 intelligerem
1581 1987 1677 2038 quid
1702 1987 1875 2032 sentires,

503 2062 540 2090 te
560 2051 771 2090 arbitrabar
791 2051 919 2089 videre
939 2052 1033 2103 quid
1056 2051 1189 2103 poffes.
1233 2053 1354 2090 Nunc
1375 2052 1447 2089 alia
1468 2052 1564 2088 ratio
1585 2051 1636 2088 est
1656 2066 1663 2089 :
1697 2053 1878 2090 omnium

501 2132 629 2156 rerum
651 2127 764 2155 tuum
781 2117 979 2168 judicium
999 2117 1066 2161 est,
1097 2117 1214 2169 idque
1236 2118 1419 2155 liberum.
1467 2117 1615 2155 Consul
1636 2130 1674 2154 es
1703 2117 1876 2169 designa-

501 2193 578 2228 tus,
610 2184 759 2234 optima
793 2192 914 2227 aetate‚
947 2183 1096 2220 summa
1130 2183 1367 2234 eloquentia,
1399 2183 1570 2220 maxima
1601 2182 1767 2220 orbitate
1800 2184 1875 2220 rei-

500 2249 668 2302 publicae
695 2249 867 2285 virorum
896 2249 1047 2286 talium.
1095 2249 1300 2293 Incumbe,
1333 2263 1400 2300 per
1427 2249 1516 2286 deos
1547 2248 1802 2292 immortales,
1834 2249 1875 2286 in

498 2329 582 2352 eam
603 2328 735 2351 curam
756 2323 793 2351 et
814 2314 1108 2365 cogitationem,
1140 2328 1225 2365 quae
1251 2315 1323 2351 tibi
1354 2315 1546 2351 summam
1575 2313 1807 2365 dignitatem
1837 2323 1876 2351 et

497 2381 663 2432 gloriam
684 2379 829 2416 afferat.
877 2380 990 2416 Unus
1011 2387 1141 2415 autem
1161 2378 1227 2422 est,
1259 2378 1335 2415 hoc
1356 2379 1566 2430 praesertim
1588 2387 1776 2430 tempore,
1807 2392 1875 2430 per

500 2454 558 2482 tot
584 2457 703 2481 annos
735 2443 934 2495 republica
955 2442 1150 2486 devexata,
1183 2443 1407 2494 reipublicae
1429 2444 1526 2480 bene
1545 2443 1720 2494 gerendae
1741 2443 1871 2480 cursus

496 2510 543 2548 ad
563 2509 744 2562 gloriam.
777 2509 875 2546 Haec
891 2521 1019 2546 amore
1036 2507 1159 2559 magis
1181 2508 1372 2559 impulsus
1394 2507 1593 2546 scribenda
1608 2507 1654 2545 ad
1672 2516 1708 2545 te
1722 2508 1870 2560 putavi,
