2351 2997
560 261 653 299 AD
711 250 1181 296 FAMILIARES
1243 254 1375 293 LIB.
1426 256 1502 294 ΙΙΙ.
1679 258 1728 310 63

338 362 456 402 castra
475 360 659 399 haberem
689 359 730 395 in
751 371 843 410 agro
865 355 1159 410 Mopsuhestiae.
1207 356 1246 393 Si
1276 356 1373 409 quid
1402 370 1532 408 egero,
1564 356 1732 396 scribam

338 428 385 466 ad
407 436 443 465 te
462 441 470 464 ε
502 438 628 477 neque
648 424 814 462 domum
836 436 1012 477 unquam
1033 422 1080 460 ad
1101 436 1164 461 me
1185 422 1315 461 literas
1337 424 1509 468 mittam,
1541 424 1639 476 quin
1660 423 1730 460 ad-

333 495 502 547 jungam
522 505 598 536 eas,
630 504 725 544 quas
748 490 823 528 tibi
845 489 954 528 reddi
975 489 1110 528 velim.
1157 490 1220 527 De
1250 488 1404 527 Parthis
1436 489 1543 542 quod
1572 490 1730 542 quaeris,

338 557 450 597 fuisse
472 557 602 595 nullos
623 565 735 609 puto.
783 556 931 594 Arabes
953 555 1024 607 qui
1051 554 1228 600 fuerunt,
1260 555 1425 594 admisto
1453 554 1639 594 Parthico
1665 569 1731 593 or-

338 632 448 668 natu,
480 623 667 661 dicuntur
696 635 832 660 omnes
863 620 1068 659 revertiffe.
1116 620 1284 658 Hostem
1305 621 1377 658 effe
1398 621 1438 658 in
1461 622 1568 673 Syria
1588 633 1734 674 negant

339 689 485 727 ullum.
530 690 598 727 Tu
618 688 739 726 velim
759 687 806 724 ad
827 701 891 724 me
911 699 1032 739 quam
1052 685 1253 738 saepiffime
1273 695 1311 723 et
1331 686 1378 723 de
1400 686 1477 724 tuis
1500 686 1614 724 rebus
1636 688 1732 726 scri-

338 755 421 799 bas,
452 763 491 792 et
510 754 558 792 de
577 754 691 798 meis,
714 761 752 791 et
773 752 820 790 de
841 752 951 790 omni
973 751 1200 804 reipublicae
1221 751 1346 796 statu;
1379 751 1426 789 de
1447 765 1527 804 quo
1547 752 1633 790 sum
1654 754 1733 792 sol-

337 819 472 858 licitus
493 833 540 858 eo
560 819 700 871 magis,
723 817 830 870 quod
851 831 898 856 ex
921 818 998 855 tuis
1019 817 1143 855 literis
1165 818 1350 869 cognovi,
1381 817 1620 870 Pompeium
1640 820 1731 858 nos-

338 895 446 924 trum
466 885 508 924 in
529 885 764 939 Hispaniam
785 884 951 922 iturum.
984 883 1096 922 Vale.

562 1085 626 1123 M.
659 1085 713 1123 T.
747 1085 796 1123 C.
829 1085 1017 1122 APPIO
1050 1085 1337 1122 PULCHRo
1382 1084 1420 1120 S.
1454 1085 1508 1123 D.

343 1213 526 1286 IX.VI
541 1214 579 1251 X
600 1212 756 1251 tandem
773 1212 853 1265 legi
874 1212 1004 1250 literas
1021 1212 1158 1263 dignas
1176 1212 1310 1264 Appio
1328 1213 1487 1259 Clodio,
1505 1213 1639 1267 plenas
1655 1215 1735 1254 hu—

501 1279 716 1323 manitatis,
731 1278 869 1323 officii,
885 1278 1115 1330 diligentiae.
1134 1278 1324 1329 Aspectus
1339 1280 1522 1318 videlicet
1539 1281 1646 1319 urbis
1661 1283 1737 1321 tibi

343 1354 453 1384 tuam
469 1345 671 1398 pristinam
688 1343 950 1382 urbanitatem
967 1342 1152 1382 reddidit.
1176 1344 1284 1381 Nam
1301 1358 1396 1397 quas
1413 1359 1460 1384 ex
1477 1347 1630 1392 itinere,
1648 1357 1738 1386 ante

343 1425 463 1465 quam
483 1425 531 1450 ex
552 1411 642 1449 Afia
661 1410 827 1462 egressus
847 1423 903 1455 es,
934 1410 981 1447 ad
1002 1423 1066 1447 me
1086 1409 1216 1448 literas
1238 1410 1388 1455 misisti,
1416 1425 1509 1449 unas
1531 1412 1578 1450 de
1598 1413 1737 1465 legatis

343 1492 365 1517 a
384 1493 447 1517 me
467 1477 680 1532 prohibitis
702 1477 912 1530 proficisci,
943 1477 1080 1516 alteras
1102 1476 1150 1514 de
1174 1477 1451 1530 Appianorum
1479 1479 1739 1519 aedificatione

344 1545 549 1599 impedita,
581 1545 659 1598 legi
686 1545 919 1598 perinvitus.
967 1545 1106 1597 Itaque
1133 1544 1373 1582 conscientia
1402 1559 1497 1583 meae
1526 1546 1739 1586 constantis

343 1625 433 1665 erga
452 1621 490 1650 te
510 1611 724 1649 voluntatis
746 1611 917 1664 rescripfi
939 1611 1014 1648 tibi
1035 1611 1243 1649 subiratus.
1282 1612 1334 1649 Iis
1356 1625 1447 1649 vero
1467 1612 1590 1650 literis
1612 1613 1737 1659 lectis,

345 1691 440 1730 quas
478 1676 713 1722 Philotimo,
745 1677 889 1714 liberto
924 1690 1027 1722 meo,
1060 1676 1226 1721 dedisti;
1259 1678 1428 1729 cognovi
1463 1678 1737 1732 intellexique,

346 1745 387 1781 in
409 1743 612 1796 provincia
633 1743 780 1780 multos
802 1741 929 1787 fuiffe,
961 1743 1030 1795 qui
1053 1755 1138 1787 nos,
1170 1755 1250 1795 quo
1279 1744 1412 1781 animo
1441 1744 1543 1782 inter
1572 1758 1642 1783 nos
1673 1746 1738 1784 su-

347 1822 451 1854 mus,
483 1808 555 1846 effe
577 1807 756 1852 nollent3
790 1808 836 1845 ad
862 1809 1001 1845 urbem
1021 1821 1113 1845 vero
1135 1816 1177 1845 ut
1197 1807 1408 1853 accesseris,
1441 1809 1501 1846 vel
1531 1810 1664 1862 potius
1695 1820 1740 1849 ut

347 1875 523 1927 primum
545 1883 633 1912 tuos
658 1873 815 1918 videris,
847 1873 1028 1926 cognoffe
1061 1883 1098 1911 te
1129 1887 1176 1912 ex
1209 1874 1271 1918 iis,
1304 1888 1380 1926 qua
1407 1876 1447 1912 in
1477 1884 1514 1912 te
1540 1875 1740 1915 absentem

347 1941 438 1986 fide,
457 1954 533 1994 qua
553 1941 593 1978 in
615 1939 801 1978 omnibus
817 1940 959 1978 officiis
981 1939 1137 1978 tuendis
1158 1953 1248 1992 erga
1268 1949 1305 1978 te
1326 1941 1567 1979 observantia
1587 1952 1625 1980 et
1641 1956 1740 1980 con-

348 2006 499 2052 stantia,
531 2005 700 2044 fuiffem.
745 2007 882 2058 Itaque
903 2006 1041 2059 quanti
1062 2006 1163 2044 illud
1184 2020 1248 2044 me
1267 2006 1454 2045 aestimare
1473 2017 1601 2059 putas,
1634 2008 1742 2061 quod

348 2073 402 2110 est
432 2073 472 2111 in
504 2072 581 2110 tuis
612 2072 735 2110 literis
765 2072 971 2125 scriptum,
1004 2072 1042 2110 Si
1069 2072 1167 2125 quid
1187 2073 1386 2119 inciderit,
1418 2074 1525 2126 quod
1544 2074 1592 2111 ad
1612 2088 1743 2113 meam

353 2138 588 2190 dignitatem
608 2138 815 2190 pertineat,
846 2138 913 2176 etfi
934 2138 1000 2177 vix
1022 2138 1105 2176 fieri
1126 2139 1254 2191 poffit,
1278 2148 1409 2178 tamen
1431 2149 1468 2177 te
1487 2153 1620 2192 parem
1641 2140 1744 2179 mihi

349 2204 514 2255 gratiam
535 2202 778 2241 relaturum?
800 2205 868 2241 Tu
884 2218 974 2242 vero
994 2203 1111 2242 facile
1131 2203 1272 2243 facies:
1298 2204 1400 2242 nihil
1421 2205 1475 2242 est
1495 2206 1616 2250 enirn,
1635 2206 1743 2259 quod

351 2267 478 2306 studio
498 2277 536 2306 et
557 2267 843 2314 benevolentia,
860 2269 921 2308 vel
942 2283 1072 2307 amore
1093 2270 1241 2322 potius,
1263 2271 1367 2308 effici
1389 2284 1468 2308 non
1489 2271 1617 2323 poffit.
1655 2273 1744 2324 Ego

351 2334 418 2372 ets]
441 2342 478 2371 et
500 2333 579 2385 ipse
600 2334 910 2386 itajudicabam‚
943 2345 981 2373 et
1008 2335 1151 2373 fiebam
1179 2336 1317 2374 crebro
1344 2351 1364 2374 a
1391 2337 1489 2374 meis
1519 2351 1585 2389 per
1612 2337 1743 2375 literas

353 2401 524 2445 certior5
558 2408 688 2437 tamen
716 2402 931 2440 maximam
958 2402 1137 2440 laetitiam
1165 2404 1252 2455 cepi
1279 2417 1327 2441 ex
1355 2403 1432 2441 tuis
1461 2403 1584 2443 literis
1613 2404 1658 2441 de
1679 2404 1744 2455 spe

354 2466 521 2504 minime
541 2465 662 2504 dubia
680 2474 718 2503 et
738 2467 853 2518 plane
873 2468 1071 2520 explorata
1092 2468 1288 2521 triumphi
1309 2471 1368 2507 tui
1388 2485 1396 2508 ε
1430 2483 1555 2521 neque
1576 2483 1666 2507 vero
1692 2469 1744 2507 ob

351 2546 438 2572 eam
459 2531 626 2578 causam,
658 2544 739 2585 quo
768 2532 848 2585 ipse
876 2532 1032 2591 facilius
1064 2535 1332 2587 consequerer,
1366 2537 1477 2587 (narn
1509 2533 1549 2573 id
1580 2534 1745 2587 quidem
