2351 2997
644 222 734 261 AD
793 209 1262 257 FAMILIARES
1322 207 1532 245 LIB.1.
1759 217 1781 255 5

551 467 614 506 M.
648 465 701 503 T.
736 465 784 501 C.
820 463 864 500 P.
899 461 1192 499 LENTULO
1226 454 1472 492 Paocos.
1506 451 1543 488 S.
1579 450 1632 487 D.

402 597 474 637 IV.
494 595 566 668 Α
580 595 621 633 Ν
637 596 675 633 Τ
690 595 722 632 Ε
746 593 851 630 diem
874 602 967 627 xvi.
987 587 1065 625 kal.
1086 585 1183 624 Feb.
1203 599 1296 624 cum
1318 585 1358 622 in
1376 582 1507 620 senatu
1524 576 1791 631 pulcherrime

605 659 805 702 staremus,
828 653 934 708 quod
950 654 1034 705 jam
1055 650 1165 688 illam
1187 648 1419 688 sententiam
1440 644 1575 684 Bibuli
1596 644 1642 681 de
1664 643 1790 681 tribus

406 728 544 781 legatis
577 725 703 778 pridie
732 725 815 776 ejus
845 720 923 758 diei
953 718 1206 770 fregeramus,
1239 725 1443 766 unumque
1475 719 1672 748 certamen
1704 708 1795 746 effer

407 794 604 837 relietum,
637 789 826 829 sententia
845 784 1034 828 Volcatii,
1066 796 1124 820 res
1151 782 1198 819 ab
1220 778 1441 819 adversariis
1470 775 1607 813 nostris
1629 775 1797 812 extracta

408 860 462 899 est
480 858 595 897 variis
616 854 840 895 calumniis.
883 849 1050 889 Causam
1069 847 1176 886 enim
1197 845 1395 899 frequenti
1417 843 1563 886 senatu,
1596 841 1635 877 in
1657 852 1800 891 magna

410 925 610 968 varietate,
640 931 861 973 magnaque
890 915 1039 954 invidia
1066 927 1218 957 eorum,
1248 912 1320 963 qui
1349 924 1370 947 a
1400 918 1436 946 te
1466 906 1618 945 causam
1653 905 1801 957 regiam

409 991 487 1030 alio
517 986 816 1030 transferebant,
847 980 1140 1020 obtinebamus.
1186 978 1247 1016 Eo
1282 975 1344 1014 die
1373 973 1559 1012 acerbum
1589 970 1801 1009 habuimus

415 1057 660 1099 Curionem;
693 1051 886 1091 Bibulum
920 1047 1050 1086 multo
1078 1044 1300 1098 justiorem,
1332 1054 1431 1095 pene
1459 1039 1579 1077 etiam
1608 1037 1799 1075 amicum.

416 1121 608 1161 Caninius
637 1128 677 1157 et
708 1119 807 1156 Cato
840 1121 1030 1167 negarunt
1060 1112 1096 1150 se
1123 1112 1252 1162 legem
1279 1108 1402 1146 ullam
1428 1115 1518 1144 ante
1543 1104 1707 1142 comitia
1732 1102 1804 1140 effe

415 1190 577 1227 laturos.
612 1186 773 1223 Senatus
794 1181 928 1219 haberi
948 1188 1036 1216 ante
1059 1176 1241 1215 kalendas
1264 1173 1466 1213 Februarii
1487 1185 1555 1224 per
1575 1171 1704 1222 legem
1723 1169 1804 1206 Pu—

417 1256 538 1308 piam,
571 1251 611 1289 id
631 1249 738 1303 quod
765 1248 853 1292 scis,
885 1259 964 1284 non
986 1243 1138 1297 potest;
1171 1254 1298 1294 neque
1318 1238 1449 1278 mense
1470 1236 1683 1276 Februario
1705 1243 1805 1279 toto,

419 1320 489 1359 nis1
511 1317 691 1372 perfectis
713 1324 780 1353 aut
800 1312 949 1365 rejeffi'tis
973 1308 1250 1362 legationibus,
1299 1307 1396 1343 Haec
1429 1314 1559 1342 tamen
1589 1301 1726 1355 opinio
1756 1300 1809 1339 est

419 1384 559 1440 populi
590 1381 776 1425 Romani,
808 1393 829 1417 a
863 1378 940 1416 tuis
977 1375 1120 1414 invidis
1155 1383 1272 1425 atque
1301 1369 1628 1409 obtrectatoribus
1664 1380 1809 1405 nomen

421 1452 629 1491 inductum
660 1448 757 1486 fietae
787 1444 1004 1498 religionis,
1037 1455 1115 1480 non
1147 1449 1228 1479 tam
1263 1447 1307 1476 ut
1342 1446 1379 1475 te
1409 1435 1660 1489 impedirent,
1692 1446 1811 1486 quam

421 1527 466 1557 ut
494 1531 541 1555 ne
562 1515 651 1569 quis
679 1521 838 1566 propter
867 1509 1062 1549 exercitus
1093 1505 1354 1559 cupiditatem
1384 1501 1665 1540 Alexandriam
1694 1499 1814 1537 vellet

422 1585 491 1622 ire.
524 1579 744 1633 Dignitatis
765 1586 896 1616 autem
918 1585 992 1614 tuae
1014 1587 1130 1612 nemo
1147 1571 1199 1610 est
1220 1571 1317 1624 quin
1334 1568 1529 1607 existimet
1549 1566 1726 1605 habitam
1742 1564 1815 1601 effe

426 1651 617 1689 rationem
647 1647 694 1684 ab
726 1645 872 1683 senatu.
920 1643 1053 1681 Nemo
1082 1639 1134 1678 est
1164 1639 1271 1676 enim
1293 1637 1363 1689 qui
1390 1635 1548 1678 nesciat,
1581 1647 1660 1686 quo
1682 1632 1814 1670 minus

427 1715 599 1754 disceffio
621 1712 743 1757 fieret,
776 1725 843 1764 per
863 1708 1093 1747 adversarios
1116 1715 1204 1743 tuos
1225 1704 1297 1742 effe
1317 1702 1492 1745 factum;
1524 1700 1594 1752 qui
1616 1712 1721 1737 nunc
1743 1711 1816 1750 po-

428 1781 515 1835 puli
545 1779 720 1823 nomine,
753 1790 793 1815 re
822 1784 953 1814 autem
988 1786 1074 1811 vera
1104 1769 1390 1809 sceleratiflimo
1420 1766 1642 1809 latrocinio,
1675 1764 1700 1801 fi
1732 1777 1819 1816 quae

430 1846 680 1885 conabuntur
700 1856 824 1895 agere,
857 1841 944 1878 satis
967 1837 1167 1892 provisum
1187 1835 1254 1880 est,
1287 1843 1330 1872 ut
1358 1846 1406 1870 ne
1432 1831 1529 1884 quid
1557 1830 1667 1868 salvis
1688 1829 1819 1881 auspi-

431 1913 519 1958 ciis,
550 1920 616 1949 aut
637 1909 806 1962 legibus,
838 1915 904 1945 aut
924 1906 1043 1944 etiam
1066 1904 1142 1941 fine
1162 1902 1216 1947 vi,
1249 1913 1359 1953 agere
1380 1898 1536 1952 poffint.
1584 1897 1673 1947 Ego
1695 1908 1822 1947 neque

429 1978 477 2017 de
496 1991 585 2016 meo
602 1975 744 2020 studio,
763 1986 890 2026 neque
907 1971 954 2010 de
970 1969 1257 2009 nonnullorum
1272 1965 1431 2018 injuria,
1450 1961 1702 2001 scribendum
1719 1959 1822 1998 mihi

434 2044 506 2082 effe
526 2043 707 2081 arbitror.
753 2038 865 2091 Qid
886 2038 994 2076 enim
1013 2044 1080 2074 aut
1100 2047 1164 2072 me
1184 2032 1373 2071 ostentem
1394 2031 1406 2067 ?
1438 2029 1523 2081 qui,
1556 2028 1581 2065 fi
1609 2027 1732 2065 vitam
1752 2039 1824 2078 pro

436 2121 503 2149 tua
523 2108 716 2161 dignitate
736 2104 989 2159 profundam,
1021 2101 1174 2140 nullam
1199 2108 1350 2152 partem
1370 2095 1501 2135 videar
1522 2103 1682 2132 tuorum
1704 2092 1825 2130 meri-

439 2186 571 2214 torum
598 2173 815 2212 assecutus:
848 2179 914 2209 aut
946 2170 993 2208 de
1023 2168 1192 2206 aliorum
1224 2163 1380 2217 injuriis
1412 2161 1581 2214 querar?
1614 2158 1721 2212 quod
1749 2158 1827 2196 fine

440 2242 594 2279 summo
615 2239 748 2278 dolore
768 2237 894 2276 facere
915 2250 993 2275 non
1015 2233 1183 2288 possum.
1216 2232 1304 2283 Ego
1325 2228 1401 2267 tibi
1421 2241 1442 2265 a
1456 2228 1509 2272 vi,
1527 2225 1600 2264 hac
1616 2224 1828 2278 praesertim

439 2306 714 2344 imbecillitate
735 2303 1047 2357 magistratuum,
1070 2298 1243 2353 praestare
1263 2295 1365 2334 nihil
1386 2293 1554 2347 poffum.
1578 2292 1630 2330 Vi
1651 2299 1827 2343 excepta,

440 2371 592 2426 poffum
624 2372 869 2416 confirmare,
902 2378 954 2414 te,
985 2376 1024 2406 et
1055 2367 1207 2406 senatus
1228 2372 1267 2402 et
1296 2361 1437 2416 populi
1469 2359 1642 2399 Romani
1675 2357 1831 2397 summo

442 2438 583 2485 studio,
605 2437 912 2491 amplitudinem
931 2444 1041 2476 tuam
1061 2440 1322 2474 retenturum.
1354 2427 1467 2468 Vale²
