2351 2997
560 282 609 321 68
908 281 1594 320 EPISTOLARUM

558 388 625 417 aut
652 379 803 424 sentire,
835 380 1046 418 voluifl'es?
1079 380 1188 431 Qid
1218 379 1319 417 mihi
1346 380 1547 426 mandasti,
1579 394 1671 420 curn
1699 390 1737 419 te
1764 380 1937 419 Puteolis

557 445 821 497 prosequerer,
853 446 893 482 in
926 458 1005 495 quo
1037 458 1115 482 non
1148 445 1459 496 expectationem
1491 454 1599 483 tuam
1630 447 1835 498 diligentia
1854 460 1940 485 mea

556 510 718 547 vicerim
739 511 750 546 ?
785 509 902 560 Qod
935 510 960 546 fi
990 509 1029 547 id
1057 510 1110 547 est
1130 510 1301 547 maxime
1320 509 1448 554 astuti,
1480 511 1613 547 omnia
1631 512 1678 548 ad
1698 512 1804 550 suam
1825 512 1938 550 utili-

557 583 678 612 tatem
700 573 854 619 referre,
887 575 982 626 quid
1010 574 1111 612 mihi
1139 575 1296 612 tandem
1316 584 1395 612 erat
1417 575 1570 620 utilius,
1601 576 1697 628 quid
1719 577 1938 615 commodis

554 640 652 677 meis
669 641 811 691 aptius,
830 654 948 692 quam
964 639 1138 678 hominis
1157 639 1384 678 nobiliflimi
1406 649 1521 693 atque
1537 640 1820 680 honoratissimi
1840 655 1938 679 con-

548 705 717 757 junctio,
741 706 852 757 cujus
874 719 980 757 opes,
1003 705 1224 757 ingenium,
1246 705 1375 750 liberi,
1397 706 1545 751 affines,
1575 707 1804 759 propinqui,
1836 705 1938 744 mihi

553 784 698 822 magno
718 770 778 807 vel
799 780 1043 816 ornamento,
1074 771 1135 809 vel
1156 771 1344 823 praefidio,
1376 770 1448 808 effe
1467 771 1617 824 poffent
1636 773 1648 809 ?
1682 774 1780 824 Qae
1807 781 1937 810 tamen

554 849 627 888 ego
646 836 780 874 omnia
800 837 841 874 in
861 836 1077 888 expetenda
1096 836 1269 874 amicitia
1289 846 1368 881 tua,
1401 850 1478 874 non
1504 837 1641 875 astutia
1661 838 1842 889 quadam,
1874 837 1938 876 sed

553 902 683 953 aliqua
702 903 832 954 potius
854 901 1052 954 sapientia,
1071 901 1223 940 secutus
1240 901 1339 940 sum.
1365 902 1498 953 Qid?
1521 903 1589 940 illa
1604 903 1773 948 vincula,
1792 903 1936 956 quibus

552 967 714 1019 quidem
735 968 986 1006 libentifiirne
1006 968 1234 1019 adstringor,
1257 977 1403 1020 quanta
1423 968 1526 1013 sunt,
1558 967 1775 1006 studiorum
1795 969 1935 1007 fimili-

552 1032 664 1077 tudo,
696 1032 859 1070 suavitas
880 1033 1189 1077 consuetudinis,
1221 1033 1425 1070 delectatio
1446 1033 1533 1070 vitae
1553 1042 1670 1085 atque
1689 1033 1830 1078 victus,
1858 1032 1935 1071 ser-

551 1098 681 1135 monis
702 1098 876 1142 societas,
908 1098 1027 1136 literae
1048 1099 1250 1135 interiores
1268 1099 1281 1134 ?
1313 1099 1447 1149 Atque
1466 1097 1549 1136 haec
1570 1098 1793 1137 domestica.
1826 1099 1937 1151 Qid

551 1163 620 1201 illa
641 1163 797 1201 tandem
818 1163 1020 1215 popularia
1038 1163 1051 1200 ?
1082 1162 1229 1201 reditus
1256 1162 1415 1200 illustris
1437 1163 1477 1200 in
1498 1163 1663 1214 gratiam
1682 1164 1694 1201 ?
1725 1163 1767 1202 in
1788 1177 1868 1216 quo
1887 1178 1936 1202 ne

550 1241 619 1280 per
639 1228 944 1280 imprudentiam
962 1228 1122 1280 quidem
1139 1229 1254 1265 errari
1274 1227 1398 1280 potest
1414 1228 1491 1266 fine
1507 1228 1724 1280 suspicione
1739 1228 1908 1281 perfidiae
1923 1244 1933 1268 z

550 1294 774 1346 ampliffimi
802 1293 1003 1332 sacerdotii
1030 1294 1246 1345 collegium
1265 1294 1278 1330 ?
1310 1293 1351 1331 in
1379 1307 1459 1345 quo
1479 1307 1558 1332 non
1579 1294 1698 1332 modo
1718 1295 1934 1333 amicitiam

550 1360 687 1397 violari
708 1359 810 1411 apud
838 1360 1000 1411 majores
1022 1359 1169 1397 nostros
1190 1358 1246 1396 fas
1269 1372 1346 1396 non
1368 1368 1461 1404 erat,
1494 1359 1557 1397 sed
1577 1351 1625 1397 ne
1645 1360 1819 1412 cooptari
1840 1360 1934 1412 qui-

549 1424 640 1462 dem
662 1424 897 1462 sacerdotem
918 1424 1074 1469 licebat,
1106 1424 1175 1477 qui
1202 1424 1389 1476 cuiquam
1416 1437 1463 1462 ex
1491 1425 1660 1477 collegio
1683 1424 1773 1463 esset
1793 1425 1931 1463 inimi-

549 1502 633 1528 cuS.
678 1490 776 1540 Qae
809 1497 853 1526 ut
884 1490 1066 1526 omittam
1094 1498 1173 1527 tam
1202 1489 1328 1527 multa
1347 1498 1462 1541 atque
1484 1498 1602 1535 tanta,
1634 1490 1722 1541 quis
1755 1503 1931 1543 unquam

550 1556 648 1592 tanti
675 1568 915 1606 quemquam
942 1554 1052 1599 fecit,
1084 1564 1149 1593 aut
1181 1554 1305 1592 facere
1338 1555 1483 1607 potuit,
1514 1565 1580 1593 aut
1611 1555 1762 1600 debuit,
1794 1557 1932 1608 quanti

549 1633 621 1671 ego
644 1621 720 1657 Cn.
746 1620 995 1671 Pompeium,
1028 1620 1204 1657 socerum
1226 1629 1299 1658 tuae
1321 1619 1442 1657 filiae?
1474 1621 1638 1658 Etenim
1659 1620 1684 1658 fi
1706 1620 1844 1658 merita
1864 1635 1931 1659 va-

547 1685 650 1729 lent3
673 1685 853 1737 patriam,
876 1685 1034 1729 liberos,
1054 1685 1230 1730 salutem,
1249 1685 1497 1736 dignitatem,
1521 1685 1812 1738 memetipsum,
1830 1685 1933 1724 mihi

548 1764 614 1802 per
634 1750 751 1788 illum
772 1750 993 1788 restitutum
1018 1761 1142 1802 puto:
1176 1751 1201 1788 fi
1235 1750 1527 1789 consuetudinis
1555 1751 1811 1803 jucunditas;
1844 1765 1930 1804 quae

546 1815 624 1853 fuit
639 1829 812 1867 unquam
825 1816 998 1853 amicitia
1011 1816 1274 1853 consularium
1291 1816 1331 1852 in
1346 1815 1471 1853 nostra
1486 1816 1644 1853 civitate
1656 1816 1928 1867 conjunctior?

547 1882 573 1919 fi
595 1881 662 1918 illa
682 1881 823 1918 amoris
844 1889 959 1932 atque
980 1881 1099 1918 officii
1122 1881 1251 1932 figna3
1275 1880 1371 1932 quid
1391 1879 1492 1918 mihi
1513 1881 1581 1918 ille
1602 1894 1681 1918 non
1702 1881 1926 1919 commisit?

544 1946 641 1998 quid
672 1959 750 1983 non
782 1958 939 1983 mecum
968 1947 1311 1983 communicavit?
1343 1946 1440 1997 quid
1467 1945 1513 1983 de
1534 1945 1569 1983 se
1596 1946 1636 1983 in
1658 1946 1804 1991 senatu,
1834 1959 1930 1984 cum

546 2011 626 2063 ipse
646 2011 799 2055 abesset,
831 2025 897 2063 per
919 2024 1158 2063 quemquam
1178 2013 1239 2063 agi
1270 2011 1410 2049 maluit
1429 2012 1442 2048 ?
1474 2011 1619 2063 quibus
1641 2011 1708 2049 ille
1729 2025 1792 2049 me
1813 2012 1928 2050 rebus

546 2090 625 2114 non
646 2076 929 2114 ornatiflimum
946 2076 1071 2114 voluit
1087 2076 1342 2128 amplissime?
1365 2089 1441 2128 qua
1456 2075 1623 2128 denique
1639 2076 1707 2113 ille
1722 2075 1926 2122 facilitate,

545 2154 622 2193 qua
641 2140 898 2185 humanitate,
932 2141 1024 2179 tulit
1044 2142 1339 2179 contentionem
1359 2154 1487 2179 meam
1507 2155 1578 2193 pro
1599 2141 1770 2186 Milone,
1792 2141 1928 2180 adver-

545 2207 648 2245 sante
680 2207 879 2244 interdum
911 2207 1128 2245 actionibus
1162 2207 1271 2245 suis?
1303 2221 1383 2260 quo
1402 2207 1529 2245 studio
1549 2207 1735 2260 providit,
1767 2221 1815 2246 ne
1841 2222 1928 2260 quae

544 2286 607 2311 me
637 2273 745 2310 illius
779 2274 964 2324 temporis
998 2273 1144 2311 invidia
1174 2274 1397 2326 attingeret,
1429 2287 1522 2311 cum
1541 2287 1605 2311 me
1625 2273 1801 2319 confilio,
1833 2287 1927 2312 cum

543 2340 784 2383 auctoritate,
816 2352 908 2376 cuni
942 2340 1058 2377 armis
1093 2340 1262 2391 denique
1297 2340 1395 2377 texit
1429 2339 1539 2377 suis?
1570 2339 1729 2392 Qibus
1764 2340 1928 2392 quidem

543 2406 786 2458 temporibus
812 2404 893 2443 haec
923 2407 964 2443 in
994 2420 1038 2443 eo
1067 2406 1247 2457 gravitas,
1278 2405 1361 2443 haec
1383 2405 1505 2443 animi
1532 2405 1699 2443 altitudo
1720 2404 1813 2451 fuit,
1845 2419 1926 2445 non

542 2471 660 2510 modo
686 2481 728 2509 ut
760 2470 907 2523 Phrygi
936 2472 1069 2517 alicui,
1100 2481 1165 2510 aut
1196 2472 1385 2523 Lycaoni,
1417 2471 1524 2524 quod
1552 2481 1596 2510 tu
1627 2472 1668 2510 in
1697 2472 1833 2523 legatis
1862 2471 1924 2510 fe-

542 2537 641 2583 cisti,
674 2537 735 2576 sed
767 2551 815 2575 ne
846 2537 1092 2576 summorum
1123 2537 1286 2591 quidem
1318 2536 1531 2577 hominum
1557 2536 1758 2577 malevolis
1787 2536 1834 2575 de
1860 2550 1924 2576 me
