2351 2997
514 320 590 359 194
855 313 1534 354 EPISTOLARUM

511 409 561 447 C.
585 410 795 461 Septimius
826 412 878 450 T.
902 412 1006 450 filius
1034 412 1216 463 Qirina,
1248 413 1296 450 C.
1320 413 1544 450 Scribonius
1576 414 1623 451 C.
1647 412 1751 451 filius
1780 414 1876 467 Pop.

512 475 649 519 Curio,
682 476 730 513 L.
754 477 910 514 Atteius
932 478 981 514 L.
1004 477 1108 513 filius
1130 478 1209 514 An.
1233 477 1389 528 Capito,
1422 478 1484 515 M.
1510 479 1663 530 Oppius
1689 479 1751 517 M.
1776 479 1879 518 filius

511 540 739 577 Terentina.
786 540 904 591 Qod
925 541 988 579 M.
1012 541 1194 579 Marcell.
1219 541 1308 578 Cos.
1328 542 1379 579 V.
1412 543 1458 579 F.
1491 542 1537 579 de
1565 544 1790 594 provinciis,
1824 545 1879 582 D.

511 605 560 641 E.
584 605 636 642 R.
662 605 692 642 I.
719 605 766 643 C.
790 605 964 643 senatum
984 605 1215 650 existimare,
1247 606 1445 643 neminem
1473 620 1623 652 eorum,
1654 609 1723 660 qui
1751 608 1880 660 potes-

511 678 631 707 tatem
660 669 804 708 habent
833 671 1113 716 intercedendi,
1143 671 1398 724 impediendi,
1430 686 1579 710 moram
1607 673 1741 710 afferre
1765 687 1882 725 opor-

511 742 604 779 tere,
636 748 715 787 quo
744 736 874 773 minus
905 736 952 773 de
984 737 1084 788 Rep.
1118 737 1248 787 QP.
1280 736 1325 773 ad
1358 736 1531 775 senatum
1562 737 1709 782 referri,
1740 738 1881 776 senati-

511 812 588 850 que
608 800 831 838 consultum
853 800 948 845 fieri,
981 801 1107 852 poffit.
1141 802 1223 853 Qi
1243 801 1480 853 impedierit,
1510 801 1771 854 prohibuerit,
1792 816 1884 840 eum

512 863 686 902 senatum
707 865 922 903 existimare
943 875 1077 903 contra
1107 867 1391 918 rempublicam
1415 866 1556 905 feciffe.
1603 868 1642 904 Si
1671 868 1758 919 quis
1787 867 1881 905 huic

512 928 867 968 senatus-consulto
889 931 1152 976 intercess‘erit,
1170 932 1316 969 senatui
1337 932 1486 983 placere
1505 933 1772 970 auffi‘coritatem
1793 947 1882 985 per-

513 993 643 1039 scribi,
675 1005 713 1032 et
734 996 779 1032 de
800 1009 842 1033 ea
861 1004 900 1033 re
920 997 965 1033 ad
986 996 1174 1040 senatum,
1206 997 1492 1048 populumque,
1524 996 1671 1035 referri.
1713 998 1882 1050 Huicst-

511 1067 707 1097 natus-con
724 1060 795 1097 ulto
815 1060 1000 1110 2'nte7·cfft
1023 1063 1066 1099 C.
1093 1061 1239 1105 Cfelius,
1267 1062 1318 1098 L.
1343 1061 1514 1105 Vinicius,
1535 1062 1585 1099 P.
1610 1061 1804 1105 Cornelius,
1837 1064 1882 1100 C.

513 1123 636 1162 Vibius
651 1125 786 1176 Pmffiz.
813 1126 913 1163 Item
930 1126 1075 1163 senatui
1092 1126 1255 1177 placere,
1274 1126 1320 1163 de
1336 1127 1547 1171 militibus,
1565 1128 1634 1178 qui
1654 1127 1694 1163 in
1711 1127 1886 1165 exercitu

515 1189 563 1226 C.
584 1189 739 1227 Caesaris
762 1189 872 1234 sunt,
896 1191 964 1242 qui
985 1204 1120 1228 eorum
1141 1190 1328 1243 stipendia
1348 1191 1521 1236 emerita,
1543 1200 1608 1228 aut
1629 1191 1771 1237 causas,
1792 1193 1883 1244 qui-

514 1254 586 1292 bus
617 1255 663 1292 de
692 1256 810 1293 caufis
840 1255 939 1293 miffi
969 1255 1052 1293 fieri
1081 1255 1260 1301 debeant,
1291 1254 1473 1301 habeant,
1503 1256 1549 1294 ad
1577 1256 1683 1294 hunc
1708 1257 1885 1295 ordinem

513 1318 660 1364 referri,
694 1329 736 1358 ut
765 1334 900 1358 eorum
930 1321 1026 1358 ratio
1055 1320 1255 1366 habeatur,
1286 1321 1482 1374 causaeque
1503 1322 1797 1373 cognoscantur.
1845 1323 1886 1359 Si

514 1386 602 1437 quis
623 1384 716 1423 huic
739 1386 776 1423 S.
801 1387 849 1423 C.
873 1385 1137 1430 intercesserit,
1169 1386 1315 1423 senatui
1335 1386 1484 1438 placere
1508 1388 1774 1425 auctoritatem
1794 1401 1885 1439 pera

513 1451 644 1496 scribi,
662 1460 699 1488 et
721 1451 766 1487 de
786 1464 829 1487 ea
850 1464 887 1488 re
907 1451 953 1487 ad
974 1451 1161 1495 senatum,
1183 1451 1469 1503 populumque,
1487 1451 1633 1489 referri.
1667 1452 1884 1504 Huicst’na-

513 1516 747 1567 tus-cmficlto
767 1515 954 1565 i72tercesp't
974 1517 1018 1554 C.
1042 1515 1185 1559 Caelius‚
1209 1517 1253 1554 C.
1276 1517 1409 1566 Patffa,
1433 1513 1588 1554 ‘Tribuni
1597 1516 1721 1568 plebis.
1760 1516 1884 1554 Item—

515 1595 591 1633 que
612 1581 757 1618 senatui
777 1580 941 1632 placere,
964 1581 1003 1618 in
1022 1581 1205 1618 Ciliciam
1225 1582 1481 1633 provinciam,
1499 1591 1535 1619 et
1556 1582 1596 1619 in
1613 1584 1699 1619 occo
1720 1582 1884 1634 reliquas

516 1646 749 1698 provincias,
772 1659 864 1697 quas
885 1647 1054 1697 praetorii
1076 1660 1145 1697 pro
1166 1655 1327 1697 praetore
1348 1646 1583 1690 obtinerent,
1602 1660 1680 1690 eos,
1698 1648 1765 1698 qui
1787 1661 1885 1698 prae-

515 1720 616 1748 tores
637 1710 810 1754 fuerunt,
843 1723 968 1760 neque
995 1711 1034 1748 in
1063 1711 1263 1762 provincia
1289 1724 1380 1748 cum
1401 1711 1565 1763 imperio
1585 1710 1758 1756 fuerunt,
1789 1725 1885 1762 quos

515 1790 650 1814 corum
677 1789 723 1813 ex
751 1776 788 1812 S.
813 1776 861 1812 C.
885 1789 976 1812 curn
1004 1776 1169 1827 imperio
1196 1775 1236 1813 in
1263 1776 1480 1827 provincias
1507 1790 1577 1827 pro
1599 1785 1758 1827 praetore
1779 1777 1893 1814 mitti

515 1849 723 1892 oporteret,
755 1853 817 1877 eos
839 1839 974 1877 sortito
995 1840 1034 1877 in
1057 1841 1273 1892 provincias
1295 1841 1402 1878 mitti
1423 1841 1585 1892 placere.
1620 1841 1657 1877 Si
1678 1855 1723 1878 ex
1745 1855 1788 1878 eo
1810 1855 1884 1878 nu-

515 1919 637 1949 mero,
669 1918 766 1956 quos
788 1918 834 1941 ex
857 1905 894 1942 S.
919 1905 967 1942 C.
990 1905 1030 1941 in
1057 1906 1274 1956 provincias
1296 1905 1349 1942 ire
1370 1914 1581 1956 oporteret,
1611 1905 1656 1942 ad
1678 1919 1885 1943 numerum

516 1983 595 2007 non
627 1969 758 2013 effent,
789 1969 858 2019 qui
890 1969 930 2005 in
962 1982 1021 2005 eas
1054 1969 1270 2020 provincias
1302 1969 1663 2020 proficiscerentur,
1696 1979 1795 2014 tum,
1828 1971 1885 2007 uti

516 2034 699 2088 quodque
720 2033 932 2084 collegium
953 2034 1127 2085 primurn
1158 2043 1365 2086 praetorum
1396 2033 1542 2079 fuifl'et,
1571 2048 1694 2085 neque
1726 2036 1765 2072 in
1793 2049 1885 2087 pro-

516 2099 663 2137 vincias
684 2096 847 2149 profesti
868 2097 999 2142 effent,
1030 2099 1083 2135 ita
1102 2098 1201 2136 sorte
1226 2100 1267 2135 in
1294 2099 1511 2150 provincias
1536 2099 1883 2150 proficiscerentur.

518 2166 556 2202 Si
578 2165 605 2201 ii
626 2163 671 2200 ad
692 2176 899 2200 numerum
921 2176 997 2200 non
1019 2162 1152 2207 effent,
1182 2172 1276 2200 tunc
1297 2163 1478 2215 deinceps
1506 2165 1675 2215 proximi
1703 2164 1889 2216 cujusque

517 2229 690 2280 collegii,
717 2228 785 2280 qui
805 2236 984 2280 praetores
1005 2227 1176 2272 fuiss'ent,
1199 2242 1323 2280 neque
1344 2229 1385 2266 in
1405 2230 1623 2280 provincias
1644 2229 1807 2280 profecti
1827 2230 1886 2267 es-

517 2295 614 2339 sent,
645 2294 685 2330 in
707 2294 846 2331 sortem
867 2294 1166 2345 conjicerentur,
1198 2293 1325 2346 quoad
1345 2294 1377 2332 is
1399 2307 1582 2332 numerus
1604 2294 1761 2332 effectus
1783 2295 1885 2339 effet,

519 2372 637 2412 quem
658 2357 703 2394 ad
725 2371 932 2395 numerum
952 2359 991 2396 in
1014 2358 1229 2409 provincias
1251 2358 1358 2396 mitti
1378 2367 1585 2410 oporteret.
1629 2359 1666 2395 Si
1686 2360 1773 2410 quis
1794 2358 1887 2396 huic

520 2425 557 2462 S.
582 2425 630 2461 C.
653 2422 926 2467 interceffiffet,
957 2423 1159 2460 austoritas
1180 2422 1490 2475 perscriberetur.
1523 2422 1622 2461 Huic
1627 2424 1886 2475 stnatus-con-

504 2489 606 2542 siclto
626 2487 812 2538 intercfft
833 2489 876 2525 C.
901 2487 1045 2533 Caelius,
1068 2489 1111 2525 C.
1136 2489 1219 2526 Pan
1236 2503 1272 2532 a,
1294 2485 1450 2526 Tribuni
1458 2487 1582 2539 plebis.
1622 2488 1692 2527 Illa
1705 2496 1888 2540 praeterea

520 2556 589 2594 Cn.
606 2553 766 2606 Pompeii
766 2554 861 2604 fimt
880 2552 1141 2607 animadvmfiz,
1163 2567 1240 2607 quae
1259 2553 1407 2592 maxime
1425 2552 1665 2605 corfidentimn
1684 2552 1890 2592 attulerunt.
