2351 2997
561 236 613 285 46
908 237 1596 279 EPISTOLARUM

563 337 603 375 in
639 337 814 389 Syriam:
857 346 967 377 antea
999 337 1228 376 dubitabam
1262 349 1482 377 venturaene
1515 341 1660 387 effent3
1703 355 1807 380 nunc
1841 341 1942 381 mihi

562 415 641 440 non
676 403 728 440 est
760 403 942 447 dubium,
975 403 1086 454 quin,
1119 403 1145 440 fi
1180 411 1291 440 antea
1324 404 1503 442 auditum
1535 407 1608 443 erit
1639 407 1767 444 otium
1799 408 1869 445 effe
1901 410 1939 446 in

562 469 681 519 Syria,
713 474 884 504 venturae
916 480 994 504 non
1025 467 1112 504 fint.
1159 467 1336 505 hiarium
1366 468 1527 520 quidem
1557 470 1807 510 successorem
1837 473 1943 510 tarde

558 532 672 570 video
692 531 764 568 effe
784 541 1022 576 venturum3
1054 541 1257 584 propterea
1286 533 1393 585 quod
1423 533 1573 571 senatus
1605 535 1658 572 ita
1682 535 1866 581 decrevit,
1899 547 1942 574 ut

559 611 652 635 cum
684 596 906 649 legionibus
939 598 1026 635 iret.
1071 598 1154 635 Uni
1185 598 1353 650 epistola:
1386 599 1592 651 respondi:
1626 602 1740 638 venio
1767 603 1814 638 ad
1843 603 1940 640 alte-

559 677 655 701 ram.
701 663 821 707 Petis,
853 672 896 700 ut
929 663 1073 700 Bibulo
1106 672 1143 700 te
1171 678 1288 716 quam
1317 664 1609 716 diligentissime
1635 667 1938 706 commendem:

557 730 598 766 in
620 743 699 781 quo
720 728 821 766 mihi
843 729 1020 767 voluntas
1043 743 1121 766 non
1143 729 1271 774 deest3
1305 730 1366 768 sed
1397 731 1506 768 locus
1534 731 1605 769 effe
1632 733 1785 770 videtur
1810 743 1943 772 tecum

556 794 841 846 expostulandi.
889 794 1000 832 Solus
1034 795 1139 832 enim
1174 803 1216 832 tu
1252 809 1298 833 ex
1333 796 1533 841 omnibus,
1565 798 1634 849 qui
1668 811 1761 835 cum
1796 799 1941 837 Bibulo

557 860 659 905 sunt,
692 861 898 898 certiorem
930 874 992 898 me
1024 874 1227 913 nunquam
1259 859 1399 906 fecisti,
1431 876 1549 914 quam
1577 863 1686 900 valde
1714 864 1848 902 Bibuli
1868 879 1938 903 vo—

556 926 684 963 luntas
714 940 734 963 a
764 940 826 962 me
856 926 933 963 fine
962 926 1073 963 causa
1092 925 1330 965 abhorreret.
1378 927 1571 965 Permulti
1592 929 1697 966 enim
1719 929 1765 966 ad
1787 943 1849 967 me
1870 931 1937 968 de-

555 992 746 1037 tulerunt,
778 1005 870 1029 cum
898 1005 1063 1043 magnus
1094 992 1318 1030 Antiochia:
1348 1003 1476 1030 metus
1501 994 1605 1038 esset,
1637 1003 1675 1031 et
1695 1009 1835 1046 magna
1856 996 1938 1048 spes

555 1058 596 1095 in
617 1071 680 1095 me
701 1067 816 1109 atque
838 1058 877 1094 in
900 1057 1072 1095 exercitu
1095 1071 1198 1102 meo,
1231 1058 1390 1095 solitum
1422 1059 1563 1103 dicere,
1596 1059 1751 1111 quidvis
1783 1060 1819 1098 se
1847 1074 1937 1113 per-

554 1123 634 1175 peti
656 1123 786 1167 malle,
819 1136 937 1174 quarn
958 1123 1080 1160 videri
1100 1123 1243 1174 eguiffe
1263 1124 1411 1161 auxilio
1432 1138 1534 1162 meo.
1573 1125 1692 1175 Qod
1713 1139 1785 1178 ego
1805 1127 1938 1165 officio

551 1188 757 1241 quaestorio
790 1198 826 1226 te
858 1188 1069 1226 adductum
1102 1189 1261 1226 reticere
1293 1189 1340 1226 de
1371 1199 1533 1241 praetore
1566 1200 1634 1227 tuo
1666 1205 1744 1229 non
1777 1193 1937 1230 moleste

550 1255 743 1293 ferebam:
768 1268 1007 1307 quanquam,
1026 1255 1362 1307 quemadmodum
1380 1258 1594 1301 tractarere,
1612 1257 1832 1296 audiebam.
1864 1259 1937 1297 Ille

550 1330 695 1366 autem,
728 1335 820 1359 cum
850 1320 895 1358 ad
924 1320 1147 1359 Thermum
1176 1321 1222 1359 de
1244 1321 1428 1359 Parthico
1450 1322 1554 1360 bello
1576 1323 1773 1369 scriberet,
1805 1324 1851 1362 ad
1873 1339 1936 1363 me

550 1386 703 1425 literam
725 1400 928 1438 nunquam
949 1387 1080 1432 mifit3
1113 1387 1159 1424 ad
1189 1401 1307 1439 quem
1338 1388 1583 1439 intelligebat
1608 1389 1689 1440 ejus
1712 1390 1807 1428 belli
1828 1392 1934 1443 peri-

548 1454 685 1491 culum
707 1454 913 1505 pertinere.
956 1455 1134 1491 Tantum
1156 1453 1202 1491 de
1222 1463 1411 1506 auguratu
1433 1452 1506 1492 filii
1528 1455 1585 1492 sui
1606 1455 1754 1508 scripfit
1774 1457 1820 1494 ad
1840 1472 1904 1495 me
1923 1473 1932 1496 :

548 1520 589 1556 in
620 1533 698 1571 quo
728 1533 800 1571 ego
830 1519 1093 1557 misericordia
1123 1530 1362 1566 commotus,
1394 1530 1432 1558 et
1453 1521 1558 1572 quod
1579 1521 1730 1574 semper
1749 1523 1934 1561 amiciffi-

547 1599 636 1623 mus
659 1585 804 1623 Bibulo
828 1584 902 1630 fui,
935 1585 1023 1623 dedi
1050 1599 1222 1638 operam,
1254 1595 1297 1624 ut
1325 1587 1359 1624 ei
1388 1600 1506 1638 quam
1533 1587 1808 1626 humaniffime
1837 1589 1933 1628 scri-

547 1652 693 1689 berem.
742 1651 814 1689 Ille
835 1651 861 1688 fi
883 1652 1067 1689 omnibus
1090 1651 1142 1689 est
1163 1652 1392 1697 malevolus,
1428 1653 1553 1704 (quod
1575 1667 1778 1706 nunquam
1798 1655 1933 1692 existi-

545 1718 666 1768 mavi)
687 1718 818 1756 minus
839 1716 1017 1755 offendor
1037 1718 1077 1754 in
1100 1732 1181 1756 me:
1206 1718 1260 1755 fin
1281 1727 1411 1756 autem
1433 1732 1452 1756 a
1472 1733 1534 1756 me
1555 1719 1608 1756 est
1628 1720 1804 1765 alienior,
1828 1721 1932 1759 nihil

544 1784 620 1822 tibi
636 1798 730 1822 meae
747 1783 867 1821 literae
884 1783 1112 1835 proderunt.
1144 1782 1264 1828 Nam,
1283 1784 1329 1821 ad
1350 1784 1525 1822 senatum
1541 1798 1635 1837 quas
1653 1786 1819 1823 Bibulus
1836 1787 1929 1825 lite-

544 1863 601 1889 ras
618 1851 737 1895 misit,
756 1850 796 1886 in
818 1850 880 1894 iis,
899 1849 1005 1901 quod
1026 1848 1127 1887 mihi
1149 1863 1241 1887 cum
1258 1850 1328 1887 illo
1344 1859 1423 1888 erat
1439 1863 1666 1896 commune,
1685 1851 1755 1889 fibi
1777 1852 1848 1890 soli
1868 1861 1929 1891 at-

543 1915 704 1953 tribuit:
729 1914 765 1952 se
785 1914 838 1951 ait
858 1914 1014 1959 curasse,
1038 1923 1081 1952 ut
1102 1929 1194 1952 cum
1215 1915 1361 1967 quaestu
1382 1916 1521 1968 populi
1542 1917 1708 1968 pecunia
1728 1927 1928 1969 permuta-

543 1990 663 2019 retur.
711 1979 830 2031 Qod
857 1988 988 2018 autem
1010 1994 1143 2018 meum
1163 1990 1243 2018 erat
1263 1981 1483 2033 proprium,
1515 1991 1559 2019 ut
1579 1982 1705 2020 alariis
1728 1983 1927 2036 Transpa-

542 2048 651 2086 danis
673 2047 731 2085 uti
752 2060 948 2098 negarem,
981 2047 1021 2084 id
1041 2047 1159 2085 etiam
1179 2047 1328 2100 populo
1352 2047 1389 2084 se
1409 2048 1589 2086 remisisse
1610 2048 1760 2087 scribit.
1808 2049 1928 2102 Qod

540 2127 632 2151 vero
652 2112 759 2150 illius
781 2121 860 2149 erat
881 2111 1013 2157 solius,
1045 2112 1084 2150 id
1106 2125 1263 2150 mecum
1285 2113 1553 2150 communicat
1572 2129 1580 2151 :
1606 2113 1798 2167 Equz’tibus
1817 2115 1926 2153 auxi-

540 2179 670 2224 liariis,
706 2178 852 2230 inquit,
882 2192 960 2216 cum
993 2178 1143 2230 amplius
1162 2178 1354 2231 frumenti
1377 2179 1644 2233 postularemus.
1696 2181 1802 2218 Illud
1836 2195 1927 2219 vero

542 2244 673 2298 pufilli
701 2243 837 2288 animi,
869 2253 907 2281 et
939 2243 1017 2296 ipsa
1049 2244 1324 2282 malevolentia
1348 2245 1477 2297 jejuni
1504 2255 1619 2297 atque
1647 2245 1787 2291 inanis,
1819 2246 1926 2299 quod

541 2310 864 2354 Ariobarzanem,
896 2310 988 2361 quia
1019 2309 1169 2349 senatus
1197 2324 1265 2363 per
1291 2324 1355 2348 me
1382 2324 1513 2362 regem
1543 2312 1767 2363 appellavit,
1800 2311 1925 2350 mihi-

541 2390 618 2430 que
639 2375 944 2421 commendavit,
976 2376 1043 2414 iste
1073 2377 1113 2414 in
1145 2376 1267 2414 literis
1298 2390 1376 2414 non
1408 2390 1553 2429 regem,
1587 2376 1646 2414 sed
1678 2379 1779 2430 reg-is
1804 2379 1923 2416 Ario—

539 2442 718 2481 barzanis
740 2442 884 2488 filium,
902 2442 1085 2496 appellat.
1111 2443 1203 2481 Hoc
1224 2442 1356 2481 animo
1378 2443 1447 2494 qui
1469 2443 1570 2488 sunt,
1595 2442 1801 2483 deteriores
1822 2443 1924 2482 fiunt
