2351 2997
626 293 718 330 AD
777 291 1241 331 FAMILIARES
1300 295 1432 334 LIB.
1480 298 1573 336 VII.
1719 315 1797 355 ¹57

419 390 615 434 nolebam,
638 403 716 427 non
737 389 966 435 defendere;
990 400 1076 430 tum
1096 406 1186 430 vero
1206 391 1282 431 hoc
1304 402 1478 447 tempore
1498 397 1576 435 vita
1596 399 1703 436 nulla
1722 401 1788 439 est.

418 456 561 506 Neque
580 455 686 493 enirn
707 455 880 494 &uelum
901 457 1029 495 ullum
1050 458 1192 496 laboris
1213 473 1261 497 ex
1289 459 1352 497 his
1382 464 1570 514 expect03
1602 474 1640 503 et
1671 479 1791 518 cogor

401 533 701 572 =nonnunquam
722 520 901 560 homines
931 537 1009 560 non
1038 525 1188 576 optime
1208 526 1255 563 de
1275 539 1338 563 me
1358 528 1532 573 meritos,
1563 540 1700 582 rogatu
1721 545 1788 570 eo-

416 597 519 628 rum,
537 587 606 637 qui
628 586 724 623 bene
741 588 871 625 meriti
892 588 993 633 sunt,
1012 588 1229 628 defendere.
1260 592 1396 643 Itaque
1411 606 1541 644 quaero
1556 596 1683 634 causas
1699 610 1788 636 om-

415 662 482 687 nes
503 650 712 703 aliquando
732 652 887 690 vivendi
907 653 1093 691 arbitratu
1114 668 1230 699 meo;
1263 665 1378 708 teque
1397 667 1436 695 et
1464 658 1574 698 istam
1600 662 1789 702 rationem

414 714 487 751 otii
518 716 576 752 tui
604 724 642 753 et
671 716 786 754 laudo
815 716 1063 755 vehementer
1092 728 1130 756 et
1157 720 1309 771 prob03
1343 722 1527 774 quodque
1556 739 1625 763 nos
1656 728 1786 766 minus

412 779 723 824 intervifisrhoc
752 780 835 818 fero
863 783 994 819 animo
1023 784 1203 834 aequiore,
1236 785 1356 836 quod,
1387 786 1421 823 s1'
1435 788 1572 826 Romae
1592 790 1696 836 effes,
1729 802 1787 830 ta-

410 857 501 881 men
523 858 648 896 neque
668 859 737 883 nos
760 846 888 897 lepore
910 856 992 891 tuo,
1024 862 1150 900 neque
1171 858 1207 886 te
1230 850 1274 901 (fi
1305 852 1392 902 quis
1421 852 1474 890 est
1502 854 1543 891 in
1573 856 1653 906 me)
1681 871 1784 903 meo,

409 909 490 947 frui
510 911 658 956 liceret,
689 921 847 964 propter
873 913 1151 952 molestiffimas
1178 918 1453 969 occupationes
1478 933 1608 959 meas:
1641 922 1785 975 quibus

410 975 437 1012 fi
457 988 520 1012 me
540 976 724 1021 relaxaro,
757 978 866 1028 (nam
895 987 939 1016 ut
967 979 1080 1030 plane
1109 980 1318 1026 exsolvam,
1350 996 1429 1021 non
1455 985 1626 1037 postulo)
1659 997 1697 1026 te
1721 989 1783 1041 ip-

409 1039 510 1085 sum,
540 1042 610 1092 qui
630 1042 776 1079 multos
797 1056 916 1081 annos
938 1043 1041 1081 nihil
1066 1045 1172 1083 aliud
1198 1049 1489 1094 commentaris,
1521 1050 1669 1090 docebo
1689 1067 1783 1105 pro-

409 1104 525 1150 fecto,
557 1106 653 1157 quid
673 1107 717 1145 sit
738 1107 962 1147 humaniter
981 1111 1119 1149 vivere.
1164 1114 1230 1150 Tu
1252 1113 1369 1151 modo
1391 1114 1500 1153 istam
1526 1117 1781 1157 imbecillita-

407 1179 489 1208 tem
509 1172 741 1210 valetudinis
764 1183 837 1212 tuae
858 1175 1022 1213 sustenta
1042 1186 1079 1213 et
1101 1186 1219 1222 tuere,
1244 1188 1286 1216 ut
1307 1179 1417 1225 facis,
1445 1191 1487 1218 ut
1510 1183 1650 1221 nostras
1672 1185 1781 1223 villas

406 1235 516 1273 obire
535 1244 574 1273 et
594 1250 750 1275 mecum
772 1239 884 1276 fimul
906 1240 1084 1278 lecticula
1110 1243 1335 1281 concursare
1364 1245 1492 1296 poffiS.
1538 1248 1636 1285 Haec
1668 1249 1713 1286 ad
1744 1259 1782 1288 te

405 1299 585 1351 pluribus
606 1302 732 1339 verbis
761 1303 903 1355 scripfi,
935 1318 1052 1356 quam
1083 1306 1199 1352 soleo,
1232 1321 1309 1345 non
1337 1310 1409 1346 otii
1436 1311 1684 1358 abundantia,
1716 1314 1781 1352 sed

405 1366 546 1402 amoris
567 1380 656 1418 erga
676 1376 726 1412 te,
759 1369 864 1420 quod
885 1383 947 1407 me
967 1372 1133 1422 quadam
1153 1373 1312 1424 epistola
1339 1375 1607 1422 subinvitaras‚
1639 1380 1664 1417 fi
1693 1394 1778 1419 me-

403 1431 525 1467 moria
546 1440 666 1476 tenes,
699 1441 742 1470 ut
762 1433 809 1470 ad
830 1443 866 1471 te
887 1435 1035 1485 aliquid
1056 1435 1282 1487 hujusmodi
1303 1439 1523 1486 scriberem,
1547 1457 1625 1494 quo
1646 1446 1777 1484 minus

403 1503 441 1532 te
460 1496 735 1547 praetermififfe
755 1497 867 1535 ludos
888 1500 1110 1550 poeniteret.
1153 1502 1273 1553 Qod
1294 1503 1319 1540 fi
1340 1503 1526 1543 assecutus
1549 1508 1647 1553 sum,
1679 1524 1775 1561 gau-

403 1559 474 1596 deo
493 1575 501 1598 :
535 1561 587 1598 fin
609 1561 754 1606 minus,
786 1561 861 1600 hoc
884 1577 946 1601 me
968 1573 1095 1603 tamen
1117 1567 1309 1613 consolor,
1341 1569 1446 1620 quod
1467 1571 1624 1622 posthac
1644 1575 1690 1611 ad
1711 1576 1776 1613 lu-

403 1624 470 1661 dos
506 1626 648 1670 venies,
686 1627 831 1678 nosque
864 1628 974 1673 vises,
1010 1643 1135 1682 neque
1169 1632 1210 1669 in
1245 1633 1414 1685 epistolis
1450 1636 1643 1688 relinques
1679 1642 1775 1680 meis

402 1687 507 1740 spem
527 1689 698 1741 aliquam
719 1691 983 1731 delectationis
1006 1703 1094 1733 tuae.
1128 1696 1237 1734 Vale.

715 1892 777 1930 M.
811 1894 863 1930 T.
898 1893 945 1931 C.
978 1893 1041 1932 M.
1075 1894 1284 1933 MARIO
1327 1899 1363 1936 s,
1398 1879 1451 1936 D,

399 2018 452 2054 ΙΙ.
478 2016 933 2088 MANDATUM
964 2030 1078 2059 tuum
1110 2023 1253 2060 curabo
1284 2024 1505 2076 diligenter.
1551 2029 1622 2066 Sed
1649 2030 1770 2071 homo

598 2093 733 2121 acutus
763 2085 798 2122 ei
825 2085 1011 2123 mandasti
1038 2087 1294 2139 potissimum,
1327 2091 1391 2127 cui
1423 2093 1635 2144 expediret,
1668 2097 1768 2135 illud

397 2147 535 2184 vaenire
556 2161 673 2199 quam
694 2149 880 2200 plurimo.
914 2152 985 2188 Sed
1005 2165 1050 2189 eo
1071 2152 1198 2190 vidisti
1219 2154 1408 2200 multum,
1427 2159 1533 2208 quod
1553 2160 1765 2211 praefinisti,

395 2225 473 2262 quo
490 2226 538 2249 ne
554 2213 675 2263 pluris
692 2228 875 2253 emerem.
899 2217 1018 2267 Qod
1034 2217 1060 2254 fi
1078 2217 1176 2255 mihi
1192 2220 1433 2270 permififfes,
1451 2225 1519 2275 qui
1537 2239 1644 2263 meus
1661 2240 1768 2267 amor

393 2277 433 2312 in
457 2285 493 2314 te
513 2277 579 2321 est,
597 2278 843 2318 confecissem
865 2294 956 2319 cum
978 2281 1263 2322 cohaeredibus:
1287 2300 1407 2331 nunc,
1430 2302 1521 2326 curn
1543 2300 1656 2329 tuum
1676 2307 1766 2345 pre-

393 2341 493 2378 tium
526 2343 631 2387 novi,
661 2344 896 2384 licitatorem
928 2348 1058 2398 potius
1086 2361 1292 2400 apponam,
1326 2365 1444 2403 quam
1471 2355 1571 2392 illud
1602 2357 1764 2396 minoris

392 2415 548 2444 vaeneat.
582 2408 652 2445 Sed
673 2408 719 2446 de
733 2411 826 2461 joco
847 2411 933 2449 satis
953 2412 1019 2450 est.
1043 2414 1180 2451 Tuum
1202 2418 1405 2468 negotium
1421 2433 1545 2471 agam,
1564 2421 1675 2459 ficuti
1695 2423 1763 2461 de-

392 2470 478 2515 beo,
511 2470 730 2523 diligenter.
776 2476 838 2513 De
870 2477 986 2514 Bursa
1017 2487 1054 2515 te
1085 2479 1250 2529 gaudere
1277 2491 1382 2520 certo
1411 2484 1517 2523 scio:
1550 2485 1613 2523 sed
1644 2487 1761 2525 nimis

390 2537 604 2576 verecunde
623 2537 725 2578 mihi
744 2540 962 2599 gratularis.
993 2543 1109 2583 Putas
1130 2545 1250 2593 enim,
1274 2556 1318 2588 ut
1338 2548 1487 2597 scribis,
1509 2560 1667 2604 propter
1685 2552 1762 2592 ho„
