2351 2997
584 211 655 238 112
926 198 1615 237 EPISTOLARUM

577 297 708 334 minor
729 296 773 335 fit
795 297 903 343 fides,
928 298 1056 336 minor
1076 299 1281 336 auaoritas
1299 313 1307 337 :
1331 298 1450 336 multi
1471 299 1641 352 denique
1662 298 1960 351 reprehendant,

574 371 615 400 et
636 362 781 407 dicant,
814 363 1109 401 verecundiores
1136 363 1208 400 effe
1234 377 1429 415 praecones
1458 364 1642 403 ludorum
1666 365 1960 417 gymnicorum,

576 429 646 480 qui
667 442 759 466 cum
779 429 927 467 caeteris
949 442 1109 466 coronas
1131 429 1390 480 imposuerint
1410 429 1639 475 vidtoribus‚
1657 445 1870 484 eorumque
1887 444 1959 469 no—

576 495 684 531 mina
703 508 844 546 magna
863 507 957 531 voce
983 494 1292 546 pronuntiarint,
1323 508 1416 531 cum
1443 495 1512 547 ipfi
1539 505 1627 533 ante
1654 496 1839 535 ludorum
1866 496 1961 535 mis—

575 559 722 597 sionem
754 573 896 596 corona
928 559 1137 604 donentur,
1169 560 1293 597 alium
1319 574 1538 612 praeconem
1566 560 1791 607 adhibeant,
1822 575 1872 600 ne
1899 562 1963 600 sua

575 638 669 662 voce
691 625 759 676 ipfi
788 625 823 662 se
844 625 1007 663 vfflrores
1030 625 1100 663 effe
1121 625 1348 677 prredicent.
1396 627 1494 664 Haec
1517 639 1585 664 nos
1608 626 1727 664 vitare
1747 627 1930 679 cupimus
1951 646 1961 670 ;

573 700 626 736 et,
659 691 684 728 si
706 691 846 743 recipis
869 691 1021 729 causam
1043 691 1226 736 nostram,
1254 692 1494 737 vitabimus,
1527 692 1646 745 idque
1667 702 1711 730 ut
1731 693 1865 737 facias,
1897 706 1961 730 ro-

572 771 725 809 gamus.
766 759 826 794 Ac
848 771 895 795 ne
916 757 1016 796 forte
1037 759 1191 802 mirere,
1224 772 1307 802 cur,
1339 772 1431 796 cum
1453 757 1554 796 mihi
1576 759 1671 810 saepe
1691 759 1900 797 ostenderis
1923 768 1961 796 te

573 823 852 862 accuratiflime
869 824 1088 862 nostrorum
1106 834 1330 877 temporum
1346 825 1506 862 consilia
1520 834 1634 876 atque
1655 835 1815 863 eventus
1837 825 1960 863 literis

573 890 864 935 mandaturum,
897 904 917 927 a
950 901 985 928 te
1017 891 1057 928 id
1090 905 1196 928 nunc
1229 900 1337 928 tanto
1369 905 1483 944 opere
1510 901 1548 928 et
1570 900 1649 928 tam
1670 891 1808 928 multis
1829 891 1957 929 verbis

572 965 775 1008 petamus;
806 956 874 993 illa
896 970 964 994 nos
985 957 1178 1009 cupiditas
1200 956 1391 1001 incendit,
1414 956 1460 994 de
1481 970 1558 1007 qua
1577 957 1692 993 initio
1713 956 1857 1008 scripsi,
1881 956 1958 994 fes-

572 1022 791 1066 tinationis,
824 1022 931 1074 quod
952 1023 1092 1060 alacres
1115 1023 1247 1060 animo
1268 1023 1400 1060 sumus
1418 1040 1429 1066 ;
1464 1031 1506 1059 ut
1527 1031 1566 1058 et
1586 1022 1714 1059 caeteri
1735 1021 1957 1059 viventibus

572 1087 686 1125 nobis
708 1101 755 1124 ex
776 1087 887 1125 libris
911 1088 987 1125 tuis
1010 1101 1079 1125 nos
1101 1088 1351 1139 cognoscant,
1383 1096 1422 1124 et
1448 1086 1671 1138 nosmetipfi
1693 1087 1771 1124 vivi
1795 1087 1962 1138 gloriola

571 1153 697 1191 nostra
717 1152 978 1206 perfruamur.
1022 1154 1100 1192 His
1131 1154 1178 1191 de
1208 1154 1321 1192 rebus
1352 1152 1449 1206 quid
1469 1155 1622 1191 asturus
1643 1153 1704 1197 fis,
1736 1153 1762 1190 fi
1785 1153 1859 1191 tibi
1880 1167 1959 1191 non

570 1219 624 1258 est
644 1219 867 1265 molestum,
900 1220 1084 1258 rescribas
1115 1219 1216 1258 mihi
1237 1220 1371 1258 velim.
1419 1219 1457 1256 Si
1478 1220 1585 1257 enim
1606 1218 1767 1271 suscipis
1789 1219 1956 1264 causam,

570 1285 780 1324 conficiam
801 1286 1104 1324 commentarios
1127 1300 1256 1324 rerum
1277 1286 1459 1324 omnium
1479 1301 1487 1323 z
1516 1285 1571 1323 fin
1592 1294 1722 1323 autem
1743 1285 1874 1323 differs
1895 1299 1959 1323 me

569 1353 610 1390 in
633 1360 787 1404 tempus
809 1352 930 1396 aliud,
948 1366 1079 1390 coram
1101 1361 1233 1390 tecum
1253 1352 1404 1404 loquar.
1429 1353 1495 1389 Tu
1517 1352 1662 1388 interea
1683 1363 1761 1388 non
1783 1350 1956 1396 cessabis,

569 1428 608 1458 et
627 1431 683 1463 ea,
716 1432 801 1470 quae
822 1417 940 1456 habes
962 1418 1152 1464 instituta,
1184 1418 1393 1471 perpolies,
1427 1417 1572 1470 nosque
1594 1415 1749 1468 diliges,
1781 1417 1894 1456 Vale.

815 1620 878 1658 M.
913 1621 961 1657 C.
995 1620 1043 1657 L.
1078 1620 1367 1663 LUCCEIO,
1411 1616 1544 1668 QF.
1579 1618 1616 1655 S.
1651 1618 1705 1655 D.

568 1749 685 1789 XIII.
787 1749 867 1785 UA
877 1748 1043 1798 NQJA
1054 1748 1101 1785 M
1130 1747 1210 1799 ipsa
1230 1747 1444 1784 consolatio
1466 1746 1667 1784 literarum
1685 1755 1840 1785 tuarum
1857 1744 1958 1784 mihi

800 1813 1011 1866 gratiffima
1026 1813 1098 1857 est,
1123 1812 1291 1850 declarat
1307 1813 1413 1850 enim
1431 1812 1626 1849 summam
1643 1811 1958 1850 benevolentiam

565 1882 818 1933 conjund'tam
839 1880 921 1932 pari
942 1878 1177 1931 prudentia,
1208 1887 1338 1916 tamen
1360 1877 1476 1915 illum
1498 1876 1673 1915 fruc‘tum
1693 1891 1741 1915 ex
1762 1877 1809 1915 iis
1830 1877 1955 1915 literis

564 1947 627 1985 vel
648 1947 868 1984 maximum
890 1945 991 1996 cepi,
1015 1943 1121 1996 quod
1143 1952 1180 1980 te
1200 1943 1381 1996 praeclare
1404 1955 1460 1980 res
1482 1941 1672 1980 humanas
1693 1951 1955 1980 contemnen-

565 2020 662 2056 tem,
684 2020 722 2049 et
743 2011 894 2063 optime
915 2018 1050 2046 contra
1070 2008 1271 2046 fortunam
1287 2017 1465 2061 paratum
1482 2017 1755 2060 armatumque
1771 2008 1954 2059 cognovi.

567 2079 700 2129 Qam
721 2076 884 2129 quidem
905 2075 1060 2112 laudem
1082 2074 1276 2127 sapientiae
1296 2074 1420 2111 statuo
1440 2073 1512 2111 effe
1533 2073 1763 2118 maximam,
1782 2086 1861 2110 non
1883 2073 1956 2109 ali-

565 2143 668 2181 unde
689 2141 870 2195 pendere,
903 2154 973 2178 nec
1004 2140 1243 2178 extrinsecus
1273 2149 1338 2178 aut
1368 2139 1466 2176 bene
1488 2148 1554 2176 aut
1574 2139 1676 2176 male
1696 2138 1854 2176 vivendi
1875 2138 1956 2175 sus-

563 2208 696 2262 pensas
718 2207 860 2245 habere
881 2207 1063 2244 rationes.
1111 2207 1210 2257 Qae
1240 2206 1429 2257 cogitatio
1451 2218 1543 2243 curn
1565 2204 1667 2242 mihi
1690 2218 1767 2242 non
1789 2204 1955 2242 omnino

562 2273 776 2318 excidisset,
812 2273 977 2325 (etenim
998 2273 1155 2325 penitus
1178 2270 1385 2322 insederat)
1409 2271 1447 2308 vi
1469 2280 1599 2308 tamen
1622 2269 1897 2322 tempestatum
1918 2278 1956 2307 et

561 2339 753 2379 concursu
775 2338 1045 2376 calamitatum
1074 2347 1153 2376 erat
1183 2338 1432 2389 aliquantum
1465 2334 1693 2374 labefactata
1720 2345 1836 2388 atque
1857 2348 1956 2373 con-

560 2406 688 2447 vulsa:
713 2406 778 2443 cui
796 2414 832 2443 te
849 2404 1035 2457 opitulari
1056 2413 1095 2442 et
1110 2403 1238 2449 video,
1256 2412 1295 2441 et
1316 2403 1355 2440 id
1372 2402 1501 2440 fecisse
1517 2402 1636 2440 etiam
1653 2403 1845 2455 proximis
1862 2401 1955 2438 lite-

563 2474 629 2519 ris,
648 2472 901 2523 multumque
918 2469 1134 2524 profeciffe,
1153 2470 1290 2508 sentio.
1314 2469 1452 2523 Itaque
1473 2467 1549 2507 hoc
1566 2467 1703 2522 saepius
1725 2466 1954 2511 dicendum,
