2351 2997
526 237 603 275 288
869 234 1549 274 EPISTOLARUM

528 334 692 372 nemini.
726 335 816 372 Hoc
837 348 928 372 cum
950 334 1117 386 populus
1141 335 1341 371 Romanus
1363 333 1559 377 meminit,
1588 345 1649 370 me
1671 331 1797 384 ipsum
1819 345 1897 369 non

529 400 745 437 meminisse
785 400 1045 450 turpissimum
1084 399 1150 436 est.
1210 400 1456 450 Qapropter
1494 397 1673 449 persuade
1713 398 1800 442 tibi,
1841 397 1898 434 mi

531 467 664 509 Brute,
695 478 757 502 me
777 473 905 515 petere
925 473 1145 514 praeturam.
1191 465 1428 513 Qanquam
1454 463 1560 499 enim
1590 463 1725 500 Lamia
1746 463 1898 500 summo

531 529 745 582 splendore,
773 529 921 565 summa
941 529 1075 578 gratia,
1098 527 1164 572 est,
1195 527 1575 578 magnificentissimo
1595 541 1753 565 munere
1774 527 1896 566 aedili-

532 595 615 638 tio,
649 604 793 636 tamen,
825 592 927 643 quasi
957 606 999 629 ea
1028 593 1080 630 ita
1101 606 1177 629 non
1206 592 1337 636 efflent,
1368 605 1440 642 ego
1461 591 1607 642 suscepi
1630 600 1757 629 totum
1779 606 1899 643 nego-

533 659 648 696 tium.
681 659 817 701 Nunc,
836 657 860 694 fi
878 671 940 694 me
962 658 1058 694 tanti
1079 657 1188 701 facis,
1207 657 1342 708 quanti
1363 665 1465 693 certe
1486 655 1595 700 facis,
1613 669 1705 693 cum
1721 657 1900 708 equitum

534 724 726 760 centurias
749 722 939 775 tene5,·in
962 722 1104 773 quibus
1126 735 1275 772 regnas,
1307 721 1419 758 mitte
1451 719 1497 757 ad
1526 721 1686 772 Lupum
1715 721 1902 764 nostrum,

535 797 577 825 ut
607 788 638 825 is
669 787 781 824 nobis
808 800 866 824 eas
892 787 1083 824 centurias
1105 787 1300 824 conficiat.
1346 786 1441 823 Non
1472 785 1610 822 tenebo
1640 794 1676 822 te
1706 785 1898 837 pluribus„

536 852 684 889 Ponam
704 851 745 888 in
765 860 940 888 extremo
960 851 1065 902 quod
1086 851 1207 888 sentio
1226 865 1234 887 :
1268 849 1385 887 Nihil
1406 849 1472 893 est,
1504 850 1636 894 Brute,
1662 850 1793 887 onmia
1812 862 1914 887 cum·

535 929 557 953 a
577 926 612 954 te
632 918 846 968 expe&em‚
876 916 982 967 quod
1001 915 1101 953 mihi
1122 916 1267 967 gratius
1289 913 1412 951 facere
1433 913 1560 965 postis.

780 1115 843 1153 M.
877 1117 929 1154 T.
963 1116 1011 1154 C.
1045 1116 1098 1153 D.
1131 1116 1332 1152 BRUTO
1375 1112 1578 1151 1M1>.S.
1612 1113 1665 1150 D.

539 1244 673 1282 XVII.
699 1241 765 1313 L
780 1244 815 1280 A
831 1243 877 1280 M
895 1244 910 1280 I
926 1243 960 1279 A
992 1256 1070 1279 uno
1090 1242 1270 1279 omnium
1299 1239 1590 1278 familiarissime
1615 1250 1715 1278 utor.
1763 1240 1909 1291 Magna

795 1308 876 1359 ejus
899 1307 937 1343 in
960 1320 1021 1343 me
1042 1320 1119 1343 non
1141 1306 1230 1343 dico
1250 1306 1391 1349 officia,
1423 1305 1485 1342 sed
1507 1306 1657 1350 merita,
1685 1318 1802 1355 eaque
1822 1305 1909 1342 sunt

539 1373 687 1426 populo
709 1373 888 1410 Romano
911 1371 1116 1409 notiffima.
1163 1372 1200 1408 Is
1228 1369 1609 1421 magnificentissimo
1631 1383 1789 1407 munere
1816 1369 1908 1407 aedi-

539 1438 661 1476 litatis
687 1436 912 1489 perfune‘tus
944 1436 1041 1487 petit
1070 1443 1304 1486 praeturam,
1336 1434 1545 1485 omnesque
1566 1434 1809 1485 intelligunt,
1841 1447 1911 1471 nec

539 1503 772 1554 dignitatem
792 1502 826 1538 ei
846 1500 980 1543 deesse,
1011 1512 1081 1536 nec
1102 1499 1280 1550 gratiam.
1319 1498 1391 1535 Sed
1412 1499 1442 1535 is
1463 1499 1632 1536 ambitus
1654 1508 1782 1536 extare
1802 1498 1909 1536 vide-

540 1577 619 1612 tur,
652 1576 695 1604 ut
723 1580 795 1618 ego
824 1566 956 1603 onmia
980 1564 1263 1616 pertimescam,
1295 1572 1494 1615 totamque
1515 1564 1746 1615 petitionem
1770 1564 1914 1601 Lamiae

540 1632 641 1670 mihi
664 1630 920 1668 sustinendam
938 1638 1088 1682 putem.
1121 1630 1166 1666 In
1183 1642 1225 1666 ea
1244 1642 1283 1665 re
1299 1636 1491 1679 quantum
1511 1642 1572 1665 me
1588 1627 1701 1679 pofiis
1722 1627 1914 1679 adjuvare,

540 1697 656 1735 facile
675 1697 892 1748 perspicio:
926 1708 996 1732 nec
1017 1708 1121 1738 vero,
1153 1703 1345 1745 quantum
1374 1707 1459 1731 mea
1484 1693 1593 1730 causa
1618 1693 1727 1737 velis,
1758 1693 1912 1732 dubito.

542 1763 676 1799 Velim
697 1762 831 1812 igitur,
864 1760 917 1797 mi
940 1761 1072 1803 Brute,
1103 1759 1176 1796 tibi
1197 1758 1433 1810 persuadeas,
1465 1757 1565 1795 nihil
1587 1771 1650 1795 me
1670 1758 1814 1809 majore
1834 1758 1914 1795 stu-

542 1826 607 1864 dio
636 1841 657 1863 a
689 1835 725 1863 te
757 1834 900 1877 petere,
933 1823 1033 1861 nihil
1067 1832 1104 1860 te
1135 1822 1236 1860 mihi
1268 1823 1414 1875 gratius
1445 1822 1568 1860 facere
1598 1822 1714 1874 poffe,
1746 1836 1863 1874 quam
1890 1823 1916 1860 fi

542 1891 727 1929 omnibus
750 1891 826 1927 tuis
848 1890 1003 1941 opibus,
1035 1888 1145 1925 omni
1165 1887 1306 1932 studio,
1338 1888 1517 1925 Lamiam
1538 1887 1578 1924 in
1598 1887 1787 1938 petitione
1802 1888 1917 1938 juve-

544 1956 596 1993 ris
615 1970 624 1994 ε
657 1953 762 2006 quod
784 1962 827 1990 ut
847 1953 979 1997 facias,
1010 1950 1259 1990 vehementer
1280 1960 1316 1989 te
1337 1964 1444 2002 rogo.

622 2154 684 2192 M.
717 2153 770 2190 T.
804 2153 852 2190 C.
886 2153 940 2191 D.
973 2154 1175 2190 BRUTO
1216 2151 1340 2189 ΙΜΡ.
1383 2151 1507 2188 Cos.
1551 2162 1668 2187 DES.
1711 2150 1749 2187 S.
1783 2150 1836 2187 D.

545 2281 703 2321 XVIII.
728 2279 881 2351 ETS
900 2281 918 2318 I
948 2293 995 2317 ex
1027 2279 1234 2323 mandatis,
1270 2291 1355 2329 quae
1388 2277 1524 2315 Galbae
1552 2277 1848 2325 Volumnioque
1874 2274 1920 2311 ad

825 2345 1008 2382 Senatum
1029 2344 1180 2388 dedisti,
1212 2343 1308 2394 quid
1329 2342 1550 2380 timendum
1573 2340 1921 2394 suspicandumque

546 2420 715 2465 putares,
747 2408 1062 2461 suspicabamur3
1094 2418 1223 2446 tamen
1252 2408 1449 2445 timidiora
1477 2407 1656 2444 mandata
1676 2406 1919 2448 videbantur,

546 2491 664 2529 quam
685 2483 766 2513 erat
786 2474 952 2526 dignum
973 2482 1052 2520 tua,
1084 2473 1300 2527 populique
1330 2473 1515 2517 Romani,
1546 2472 1719 2510 vietoria.
1766 2471 1922 2508 Senatus
