2351 2997
409 365 440 393 p.

410 404 448 432 30

415 1120 447 1149 31

419 2197 454 2226 32

673 255 964 294 VARIAE

512 395 527 421 8
552 400 578 422 te
594 392 644 420 esse
661 393 681 420 F
698 393 721 427 ψ
736 393 780 430 effe

511 443 529 470 9
551 443 567 461 a
583 433 603 460 F
620 433 657 460 ad

488 488 528 495 —
550 473 666 511 ingenio
681 486 694 500 υ
709 475 770 500 viro

493 522 525 549 ¹3
550 522 721 550 quemquam
738 513 758 540 F
773 515 913 550 quampiam

494 562 530 589 ¹4
551 553 614 580 vale
631 566 643 580 v
658 554 686 580 d.

493 602 526 628 ¹7
551 592 609 630 ipsa
625 606 638 620 v
656 594 682 620 d.

493 642 526 670 19
549 633 644 668 Hujus
672 632 782 670 generis
808 633 829 660 F
848 645 861 660 v
882 631 911 658 In
930 631 1006 669 hafjut
1029 633 1128 668 generis

588 675 731 706 fintentias
749 672 768 699 P
783 673 814 699 Iu
829 672 902 710 hujus
914 673 1010 709 generis
1022 672 1125 707 finten-

594 715 659 739 tiam

492 761 529 780 20
550 751 658 788 expetis
680 751 700 777 F
718 751 736 777 P
755 765 766 778 υ
780 755 895 787 expeffm
917 749 964 786 (in
978 749 1064 787 Psup.
1080 749 1127 777 lin.

595 794 615 806 “
629 789 764 827 experis’‘)
787 789 813 824 ψ
828 794 938 828 expec't'es

490 840 526 858 22
548 840 611 868 quae
628 839 672 857 me
687 831 711 863 xla
726 841 783 868 quae
798 842 844 858 nem

491 880 526 907 23
546 870 672 907 jocosum
689 872 854 908 vjucundum

492 920 530 947 24
555 910 629 938 Utro
648 910 668 937 F
687 911 749 938 Vero

489 965 528 971 -—
550 951 667 986 Jocerne
681 950 706 984 «ᾧ
720 951 829 988 Jocorne

493 1000 528 1028 ²5
553 990 712 1018 mehercule
728 990 748 1017 F
764 993 792 1018 in
806 990 927 1019 herculam

494 1033 528 1058 28
551 1040 583 1058 ea
599 1044 611 1058 υ
626 1031 651 1057 d.

495 1080 531 1108 29
553 1079 627 1098 nunc
643 1084 666 1103 v,
683 1069 709 1104 ψ
725 1082 772 1098 non

518 1119 527 1137 1
555 1110 647 1148 gravis
664 1110 798 1147 Fgravie

514 1159 529 1178 2
552 1160 636 1188 quam
652 1164 675 1183 υ,
689 1151 713 1184 ψ
728 1162 778 1187 qua

494 1205 535 1212 —
556 1190 692 1218 facillime
703 1190 810 1227 „facile
824 1189 984 1227 alasacillime
998 1199 1049 1218 una
1065 1200 1091 1218 re

516 1239 529 1267 3
554 1230 667 1258 laudum
686 1244 699 1257 υ
713 1230 809 1257 laudem
824 1236 847 1257 et

493 1284 533 1292 —-
555 1270 693 1298 adamatis
709 1270 730 1297 F
746 1273 888 1298 admiraris

514 1319 530 1347 5
555 1318 602 1338 tua
618 1324 630 1337 u
645 1312 672 1338 d.

515 1358 531 1385 7
554 1350 609 1377 mei
626 1364 638 1377 υ
654 1351 731 1386 nostri

492 1403 534 1410 —-
553 1389 626 1416 Vale
639 1390 660 1417 F
675 1390 701 1416 d.

513 1439 530 1466 9
554 1428 578 1456 se
591 1429 612 1456 F
617 1429 671 1465 ſsse

498 1478 533 1497 10
553 1469 601 1497 etsi
617 1482 630 1497 v
644 1470 731 1497 audeo.
761 1469 832 1507 Etsi
842 1470 868 1504 ψ
882 1470 960 1498 audeo
973 1469 1024 1498 tibi

494 1524 532 1531 -—
556 1517 586 1537 ut
598 1522 611 1536 ν
626 1511 653 1537 d.

492 1563 533 1569 —
553 1549 589 1576 ad
603 1557 630 1576 te
644 1563 657 1576 v
673 1560 707 1577 an
723 1555 753 1576 tu
768 1553 795 1576 in

499 1598 532 1625 13
557 1588 589 1616 fit
606 1589 624 1615 F
639 1591 672 1626 est

492 1643 531 1650 -—
552 1628 700 1666 conspee‘lu
717 1630 737 1656 F
753 1628 877 1667 cotgspec‘Ja

499 1677 535 1706 ¹4
555 1668 632 1696 vario
646 1669 671 1703 ψ
685 1681 757 1697 vano

494 1723 534 1730 —
556 1716 583 1737 et
601 1710 619 1736 P
634 1709 659 1736 d.

499 1749 533 1776 16
555 1748 694 1776 mirabilis
708 1749 728 1776 F
743 1748 892 1777 amirabilis

500 1798 534 1825 ¹7
556 1798 611 1816 non
627 1803 639 1816 υ
654 1791 682 1817 d.

499 1831 533 1856 18
557 1829 632 1866 quod
655 1830 675 1856 F
692 1830 756 1865 quid

501 1877 534 1906 19
556 1876 583 1896 et
599 1882 611 1896 v
626 1870 653 1896 d.

497 1918 529 1937 21
556 1908 642 1936 habes
657 1909 680 1942 -ῴ
696 1909 790 1936 habeas

498 1958 532 1985 23
556 1948 612 1976 civi
633 1957 664 1976 ac
693 1949 715 1975 F
736 1951 791 1976 cive
804 1959 835 1976 ac
852 1948 872 1976 P
886 1950 944 1976 civi
962 1957 1009 1977 aut
1031 1950 1054 1983 ψ
1070 1951 1128 1978 cive

605 1997 650 2016 aut

498 2038 532 2066 ²5
557 2028 630 2055 Vale
645 2029 664 2055 P
680 2041 693 2055 v
707 2028 733 2054 d.

498 2077 533 2101 27
558 2067 694 2095 Nondum
712 2068 732 2094 F
748 2067 869 2096 Nundum

499 2109 534 2135 28
557 2108 671 2135 Sextum
688 2107 809 2136 Villium
825 2109 845 2136 F
861 2109 880 2137 P
895 2109 920 2144 ψ
934 2109 1071 2137 Servilium

496 2162 536 2169 —-
556 2148 611 2175 mei
627 2161 640 2175 v
656 2149 733 2183 nostri

518 2198 536 2255 g
558 2187 839 2265 {essfgrriazgffirre

649 2241 662 2255 v
746 2240 754 2255 1

519 2277 535 2303 7
558 2268 678 2305 petenda
693 2268 714 2295 F
730 2269 868 2305 expetenda

519 2309 536 2336 8
559 2307 677 2345 pudenti
696 2308 848 2344 Fprudenti

519 2357 537 2385 9
560 2355 640 2385 putet
655 2361 667 2375 υ
677 2356 785 2385 putarc!

502 2396 532 2415 11
557 2387 625 2425 quia
640 2395 687 2416 tua
698 2387 725 2422 ψ
739 2388 840 2417 ‹veltua

501 2436 537 2463 ¹4
558 2427 650 2454 eidem
666 2427 687 2454 F
701 2428 721 2455 P
736 2430 759 2455 ei

502 2476 536 2504 ις
559 2467 686 2495 omnium
705 2469 725 2495 1³
740 2469 768 2496 d.

503 2516 537 2545 17
560 2506 696 2536 beneficia
712 2507 732 2536 P
747 2521 759 2536 v
774 2509 801 2537 d.

1174 359 1205 387 p.

1180 399 1215 426 32

1186 799 1218 826 33

1184 1478 1220 1506 34

1054 250 1613 292 LECTIONES.

1262 390 1296 416 18
1320 395 1425 416 tantam
1441 400 1454 413 υ
1469 386 1494 413 d.
1582 414 1584 417 ,

1258 438 1295 457 20
1317 428 1403 466 posset
1421 428 1441 455 F
1455 426 1528 463 pesp!

1261 478 1292 497 21
1319 477 1431 496 omnem
1446 480 1459 494 υ
1473 476 1608 503 omnemque

1260 518 1296 544 23
1321 509 1353 536 stt
1370 508 1390 535 F
1396 508 1451 544 fin:

1262 548 1298 577 26
1320 548 1407 585 posita
1423 547 1508 584 alzfisa

1263 597 1295 625 3¹
1322 587 1579 623 liberalitatemque
1593 586 1618 620 ψ
1632 585 1823 624 libertatemque

1265 638 1301 666 32
1323 628 1412 655 studia
1427 627 1623 663 Fstadjqsbrum

1264 677 1298 705 33
1322 667 1500 705 diligentiam
1515 667 1539 700 ψ
1554 667 1705 704 dignitatem

1262 724 1301 729 —
1323 708 1340 735 fi
1359 708 1378 734 F
1392 708 1438 743 etst

1266 756 1302 785 34
1324 755 1351 775 at
1367 748 1386 774 P
1401 757 1433 774 at
1447 747 1472 780 ψ
1486 745 1654 783 approbatam
1668 753 1753 774 tamen

1287 797 1295 815 1
1322 786 1471 826 gratiosam
1489 787 1661 823 Fgratiqfizm
1674 785 1752 813 habet

1261 841 1302 850 —·
1323 835 1351 855 et
1363 836 1459 854 eorum
1475 827 1495 854 F
1511 827 1584 863 utst1
1598 831 1717 853 eteorum

1283 878 1296 905 3
1321 866 1371 906 qui
1386 867 1407 894 F
1425 867 1460 894 Et

1285 910 1300 936 8
1325 915 1355 936 ut
1370 906 1437 935 huic
1456 906 1474 933 F
1490 919 1503 933 υ
1517 914 1541 934 et
1556 906 1615 934 huic
1630 906 1655 939 ᾧ
1669 905 1716 933 vel
1728 905 1789 933 huic

1281 959 1299 987 9
1321 957 1409 985 prope
1424 947 1445 974 F
1457 954 1534 984 prope
1548 958 1609 974 meze
1622 948 1642 975 P
1654 949 1757 983 proprie

1265 997 1299 1016 12
1322 987 1430 1016 decoris
1446 1000 1458 1014 v
1473 989 1566 1014 deceris
1580 987 1718 1025 dignitatis

1266 1037 1296 1066 13
1321 1027 1400 1056 fuisse
1418 1027 1524 1064 Ffuff
1538 1030 1616 1055 etiam

1266 1078 1301 1105 ¹4
1322 1068 1381 1095 haee
1396 1067 1416 1094 F
1431 1081 1443 1095 v
1458 1068 1502 1094 hoc

1265 1118 1298 1146 ις
1322 1115 1461 1146 quantum
1477 1121 1490 1134 v
1505 1113 1632 1145 quatenus

1265 1149 1299 1176 16
1321 1148 1408 1176 etiam
1424 1148 1443 1174 F
1459 1147 1485 1176 d.

1266 1190 1299 1216 18
1322 1196 1412 1216 totum
1428 1201 1440 1214 υ
1455 1194 1534 1215 totum
1546 1195 1569 1215 et
1582 1198 1619 1215 me

1265 1237 1299 1265 ¹9
1322 1229 1356 1256 fic
1373 1228 1394 1255 F
1400 1229 1430 1265 fi

1264 1278 1298 1296 22
1321 1267 1467 1295 referenda
1481 1281 1494 1295 υ
1499 1268 1615 1304 fi‘renda

1262 1319 1277 1336 2
1284 1318 1297 1346 3
1323 1308 1394 1335 Vale
1410 1308 1431 1334 F
1449 1309 1468 1335 P
1487 1322 1499 1336 υ
1515 1310 1541 1336 d.

1265 1350 1301 1376 28
1324 1356 1352 1376 et
1368 1348 1387 1375 F
1404 1361 1428 1379 u,
1441 1346 1468 1382 ψ
1481 1357 1509 1375 ut

1263 1398 1299 1425 30
1320 1397 1462 1425 nunquam
1479 1387 1506 1421 ψ
1520 1388 1638 1426 nusquam

1263 1438 1294 1466 3¹
1323 1429 1374 1456 hoc
1390 1429 1410 1455 F
1426 1428 1451 1462 ψ
1465 1428 1521 1456 haec

1284 1478 1298 1496 2
1322 1468 1455 1496 defendes
1471 1468 1492 1495 F
1506 1470 1626 1506 defendas

1284 1517 1300 1544 7
1323 1508 1455 1535 vanitatis
1473 1508 1494 1535 F
1508 1510 1646 1536 varietatis

1284 1550 1300 1575 8
1323 1548 1379 1575 vita
1395 1561 1407 1574 :a
1422 1549 1534 1586 vitaſst

1261 1604 1301 1609 —-
1323 1589 1419 1626 cogita
1441 1588 1462 1615 F
1478 1589 1497 1615 Ρ
1514 1601 1527 1615 u
1541 1591 1689 1626 cogitatione
1711 1587 1772 1624 (sed
1784 1589 1804 1616 P
1817 1587 1895 1617 habet

1369 1631 1396 1654 in
1411 1639 1494 1666 marg.
1513 1632 1650 1666 “cogimlo
1671 1629 1753 1665 ff”)

1267 1678 1301 1696 1ο
1323 1668 1438 1705 loquere
1464 1682 1476 1695 v
1501 1667 1608 1706 loquere,
1633 1676 1657 1695 et

1262 1723 1303 1728 —-
1325 1707 1417 1735 Alteri
1433 1709 1453 1735 F
1468 1707 1545 1735 aliter
1559 1708 1579 1735 P
1593 1707 1662 1735 alter

1267 1758 1303 1785 14
1326 1748 1368 1775 vel
1385 1747 1473 1775 socius
1486 1748 1509 1781 ψ
1524 1748 1550 1774 d.

1263 1803 1296 1809 -
1322 1787 1500 1815 consiliorum
1517 1788 1537 1815 P
1552 1787 1705 1826 confiliorum
1718 1789 1804 1816 horum
1822 1787 1894 1825 (fitp.

1368 1828 1436 1860 lin.)

1262 1883 1302 1889 —-
1325 1867 1432 1895 tametfi
1448 1866 1542 1905 «lajam
1556 1868 1602 1904 etsi

1268 1907 1301 1935 16
1323 1916 1350 1936 tc
1365 1916 1395 1935 ut
1410 1908 1513 1944 poffem
1529 1909 1554 1942 ψ
1568 1916 1595 1935 ut
1609 1915 1632 1935 te
1641 1908 1726 1945 poffim

1267 1950 1300 1976 18
1323 1956 1350 1975 et
1365 1949 1390 1979 ψ
1402 1949 1426 1974 d.

1263 2003 1303 2009 —·
1327 1989 1386 2015 unis
1401 2001 1414 2014 v
1428 1990 1503 2016 unius

1265 2037 1296 2056 21
1324 2028 1460 2055 Tarasoni
1477 2028 1498 2054 F
1514 2028 1533 2054 P
1548 2026 1656 2062 Tra-fimi
1670 2041 1683 2054 υ
1697 2026 1829 2065 Taffiuoni

1266 2078 1300 2096 22
1324 2068 1388 2095 dedi
1406 2068 1431 2102 ψ
1445 2068 1540 2095 credidi

1266 2118 1304 2143 24
1327 2108 1397 2135 mihi
1415 2108 1435 2134 F
1450 2111 1477 2136 d.

1266 2157 1300 2186 25
1325 2148 1471 2176 tribunum
1492 2147 1582 2185 plebis
1609 2148 1628 2175 F
1644 2146 1789 2176 ‘Tb-annum
1805 2147 1897 2177 Publio

1364 2188 1469 2216 Lentulo
1482 2202 1495 2215 v
1509 2199 1615 2225 tyranno
1632 2190 1671 2216 Pu
1686 2188 1796 2217 Lentulo

1265 2227 1301 2255 26
1324 2236 1452 2264 putarem
1470 2228 1600 2265 Fpmare

1262 2283 1306 2290 -—
1325 2268 1450 2306 itemque
1465 2268 1486 2296 F
1501 2268 1521 2295 P
1537 2281 1549 2295 υ
1563 2276 1652 2305 ltaque

1265 2325 1305 2330 —-
1326 2309 1425 2344 taepius
1442 2309 1461 2336 F
1480 2308 1579 2345 Psaepe

1267 2360 1301 2387 ²7
1325 2357 1353 2377 et
1368 2348 1544 2376 adolescente
1573 2349 1594 2376 F
1607 2356 1660 2376 tum
1675 2347 1822 2384 adolestente
1838 2357 1861 2376 et
1882 2362 1895 2376 v

1374 2395 1459 2417 tamen
1472 2388 1622 2424 adolescente
1633 2394 1657 2415 et
1678 2388 1703 2422 ψ
1718 2397 1769 2415 tum
1783 2389 1817 2416 ab
1835 2390 1896 2417 ado-

1372 2428 1395 2456 le
1407 2439 1475 2458 cente

1267 2484 1307 2492 -
1328 2469 1519 2508 gratiofiffimo
1531 2481 1545 2497 v
1554 2469 1703 2507 grawffimo
1717 2472 1779 2498 viro
1793 2472 1872 2498 ctiam
