2351 2997
610 262 701 298 AD
760 258 1225 297 FAMILIARES
1285 261 1416 300 LIB.
1468 265 1541 302 IV.
1713 270 1761 321 85·

385 358 578 396 memini:
611 357 671 395 sed
697 358 801 394 idem
821 357 939 394 etiam
961 357 1028 394 illa
1049 357 1143 402 vidi,
1175 371 1301 410 neque
1333 369 1371 397 te
1397 361 1606 399 confilium
1639 364 1766 401 civilis

386 423 480 460 belli
502 423 553 459 ita
572 422 745 474 gerendi,
778 436 904 474 neque
925 423 1054 474 copias
1077 425 1154 461 Cn.
1179 424 1374 476 Pompeii,
1406 439 1476 463 nec
1507 440 1630 478 genus
1655 442 1765 466 exer-

383 488 501 532 citus,
534 488 710 540 probare,
741 489 968 541 semperque
1000 489 1150 526 summe
1182 490 1370 528 diffidere.
1416 493 1505 543 Qa
1537 493 1577 529 in
1612 493 1763 531 senten-

384 552 438 588 tia
458 565 520 589 me
542 567 699 604 quoque
727 553 852 598 fuisse,
884 554 1072 590 memoria
1094 564 1222 591 tenere
1244 564 1281 591 te
1301 556 1481 594 arbitror.
1526 558 1663 609 Itaque
1696 572 1765 596 ne—

383 630 460 668 que
483 626 525 655 tu
547 618 720 655 multum
749 617 958 655 interfuisti
987 618 1100 655 rebus
1132 619 1338 669 gerendis;
1371 629 1409 657 et
1441 634 1514 672 ego
1546 622 1585 659 id
1619 623 1768 675 semper

382 682 461 733 egi,
493 696 541 720 ne
572 683 803 720 interessem.
849 683 943 720 Non
969 684 1074 720 enim
1096 683 1143 720 iis
1165 684 1278 721 rebus
1302 685 1586 736 pugnabamus,
1619 689 1763 739 quibus

383 747 509 784 valere
542 756 780 798 poteramus,
816 747 992 791 consilio,
1029 749 1270 792 auetoritate,
1306 749 1430 794 causa,
1466 764 1551 802 quae
1585 762 1692 789 erant
1726 754 1765 790 in

383 811 497 848 nobis
519 811 739 863 superiora;
773 811 834 849 sed
856 812 1007 850 lacertis
1029 822 1066 850 et
1087 813 1250 857 viribus,
1283 814 1427 865 quibus
1450 828 1557 866 pares
1579 829 1657 853 non
1679 830 1761 853 era-

383 889 487 914 mus.
532 877 638 914 Viffi
670 877 802 915 sumus
831 878 979 929 igitur:
1012 887 1092 923 aut,
1124 879 1149 916 fi
1178 879 1282 916 vinci
1315 879 1483 932 dignitas
1515 894 1592 918 non
1625 882 1762 933 potest,

383 940 494 978 fracti
516 951 618 979 certe
638 951 676 979 et
697 942 850 994 abjecti.
884 944 929 980 In
952 956 1030 994 quo
1052 953 1166 982 tuum
1182 944 1388 982 confilium
1406 959 1520 983 nemo
1542 946 1665 997 potest
1686 961 1763 984 non

382 1007 554 1044 maxime
574 1007 742 1052 laudare,
760 1007 866 1060 quod
887 1022 979 1045 cum
997 1008 1060 1060 spe
1076 1009 1259 1047 vincendi
1280 1009 1394 1047 fimul
1415 1010 1586 1062 abjecisti
1608 1021 1762 1050 certan-

382 1071 423 1108 di
444 1072 561 1109 etiam
578 1073 855 1124 cupiditatem;
878 1073 1168 1126 ostendistique,
1187 1074 1398 1126 sapientem
1414 1085 1452 1113 et
1470 1076 1619 1114 bonum
1636 1078 1763 1116 civem

381 1137 495 1174 initia
517 1137 611 1175 belli
632 1139 759 1176 civilis
781 1139 951 1176 invitum
972 1139 1175 1191 suscipere,
1194 1150 1366 1178 extrema
1385 1141 1553 1179 libenter
1574 1156 1651 1180 non
1673 1156 1762 1195 per-

381 1201 501 1253 sequi.
540 1203 623 1253 Qi
644 1216 721 1240 non
744 1202 848 1240 idem
869 1204 1091 1248 confilium,
1122 1205 1228 1256 quod
1250 1214 1307 1250 tu,
1340 1206 1460 1244 secuti
1482 1207 1584 1251 sunt,
1616 1221 1679 1245 eos
1702 1209 1761 1245 vi-

380 1266 452 1303 deo
474 1267 514 1303 in
536 1265 614 1304 duo
634 1280 774 1319 genera
793 1268 864 1305 effe
891 1268 1102 1307 distractos.
1149 1271 1233 1307 Aut
1262 1271 1368 1309 enim
1399 1285 1580 1309 renovare
1612 1272 1762 1311 bellum

379 1331 510 1368 conati
532 1330 634 1376 sunt,
666 1332 694 1369 ii
723 1332 792 1383 qui
822 1332 857 1370 se
884 1333 924 1369 in
947 1332 1125 1371 Africam
1146 1335 1427 1381 contulerunt,
1460 1346 1543 1382 aut,
1571 1338 1760 1388 quemad-

380 1395 545 1434 modum
567 1409 652 1441 nos,
673 1396 811 1434 victori
831 1397 905 1435 sese
926 1397 1188 1437 crediderunt.
1220 1399 1405 1438 Medium
1426 1401 1623 1452 quoddam
1648 1412 1761 1443 tuum

378 1461 586 1499 confilium
607 1461 699 1507 fuit,
732 1463 801 1514 qui
830 1462 907 1500 hoc
936 1462 1088 1501 fortaffe
1117 1463 1282 1502 humilis
1313 1466 1434 1504 animi
1455 1466 1629 1512 duceres,
1661 1468 1761 1505 illud

378 1526 601 1577 pertinacis.
634 1528 788 1572 Fateor,
811 1540 831 1564 a
850 1527 1059 1580 plerisque,
1082 1529 1141 1566 vel
1163 1529 1291 1567 dicam
1312 1530 1359 1567 ab
1380 1531 1580 1575 omnibus,
1613 1532 1759 1584 sapiens

379 1599 495 1628 tuum
516 1591 751 1636 confilium;
784 1605 804 1628 a
823 1592 976 1637 multis,
1008 1593 1126 1630 etiam
1147 1594 1280 1645 magni
1309 1608 1352 1632 ac
1373 1594 1486 1632 fortis
1512 1596 1632 1633 animi
1649 1596 1759 1647 judi-

377 1664 525 1693 catum.
559 1656 630 1693 Sed
651 1655 768 1693 habet
789 1657 854 1693 ista
876 1658 987 1702 ratio,
1010 1667 1054 1695 ut
1074 1658 1175 1695 mihi
1197 1660 1357 1710 quidem
1380 1661 1546 1705 videtur,
1565 1662 1758 1713 quendam

379 1720 571 1765 modum3
605 1721 815 1773 praesertim
837 1736 928 1760 cum
951 1723 1024 1760 tibi
1046 1722 1148 1760 nihil
1170 1723 1289 1762 deeffe
1309 1725 1472 1763 arbitrer
1492 1726 1538 1763 ad
1570 1735 1652 1764 tuas
1675 1726 1757 1764 for-

376 1795 489 1824 tunas
507 1801 641 1824 omnes
658 1788 904 1833 obtinendas,
923 1799 1058 1840 praeter
1075 1790 1333 1830 voluntatem.
1357 1792 1418 1829 Sic
1434 1792 1540 1830 enim
1563 1792 1756 1837 intellexi,

377 1850 478 1888 nihil
500 1852 606 1889 aliud
626 1853 711 1897 effe,
738 1853 844 1904 quod
865 1853 1152 1892 dubitationem
1173 1855 1324 1893 afferret
1345 1858 1394 1900 ei,
1427 1870 1542 1908 penes
1565 1871 1683 1908 quem
1705 1858 1758 1894 est

376 1915 554 1967 potestas,
587 1918 656 1955 nisi
686 1918 793 1970 quod
823 1929 1029 1964 vereretur,
1062 1933 1109 1957 ne
1140 1930 1181 1958 tu
1212 1920 1311 1958 illud
1336 1921 1570 1959 beneficium
1593 1923 1756 1959 omnino

378 1995 456 2019 non
477 1991 645 2033 putares.
684 1984 746 2021 De
767 1998 845 2036 quo
867 1985 963 2036 quid
984 1985 1160 2030 sentiam,
1192 1984 1293 2023 nihil
1315 1987 1455 2024 attinet
1476 1987 1630 2032 dicere,
1664 2001 1756 2025 cum

376 2057 553 2099 appareat
574 2048 652 2099 ipse
673 2049 769 2100 quid
790 2049 965 2088 fecerim.
1011 2051 1082 2088 Sed
1113 2061 1240 2088 tamen
1264 2052 1289 2089 si
1305 2053 1388 2104 jam
1410 2053 1462 2089 ita
1483 2053 1754 2098 constituisses,

378 2122 421 2149 ut
451 2112 571 2150 abeffe
600 2123 788 2165 perpetuo
818 2116 967 2161 malles,
999 2129 1117 2167 quam
1145 2130 1200 2160 ea,
1232 2130 1317 2168 quae
1340 2117 1477 2162 nolles,
1509 2118 1664 2162 videre;
1697 2128 1755 2155 ta-

377 2191 468 2215 men
489 2178 528 2215 id
550 2179 719 2230 cogitare
741 2180 912 2225 deberes,
946 2181 1171 2233 ubicunque
1192 2182 1296 2226 esses,
1330 2192 1366 2220 te
1396 2182 1479 2220 fore
1510 2183 1547 2219 in
1580 2185 1661 2234 ejus
1692 2184 1755 2235 ip-

377 2243 465 2287 fius,
497 2256 616 2294 quem
645 2244 813 2296 fugeres,
845 2246 1057 2297 potestate:
1090 2247 1158 2298 qui
1189 2247 1214 2283 fi
1244 2246 1360 2284 facile
1389 2248 1559 2299 passurus
1581 2248 1684 2292 efl‘et,
1717 2258 1754 2285 te

376 2315 571 2344 carentem
600 2309 721 2359 patria
746 2319 785 2346 et
815 2308 983 2348 fortunis
1006 2311 1082 2347 tuis
1104 2311 1236 2362 quiete
1256 2320 1293 2348 et
1315 2311 1435 2349 libere
1455 2312 1609 2356 vivere;
1642 2313 1752 2364 cogi-

377 2371 540 2410 tandum
575 2373 648 2410 tibi
684 2383 812 2412 tamen
847 2375 950 2421 effet,
984 2377 1171 2414 Romaene
1202 2386 1240 2414 et
1272 2376 1380 2414 domi
1415 2386 1502 2422 tuae,
1534 2377 1753 2429 cujusmodi

375 2450 433 2474 res
454 2437 557 2482 effet,
588 2451 634 2475 an
656 2439 864 2490 Mitylenis
886 2450 951 2479 aut
971 2440 1121 2486 Rhodi,
1152 2442 1288 2479 malles
1310 2442 1450 2481 vivere.
1496 2442 1567 2479 Sed
1587 2456 1678 2479 cum
1700 2444 1752 2479 ita

375 2502 451 2540 late
480 2511 606 2553 pateat
635 2504 716 2555 ejus
746 2505 924 2558 potestas,
956 2520 1076 2559 quem
1103 2520 1295 2553 veremur,
1328 2517 1370 2545 ut
1401 2517 1588 2546 terrarum
1616 2508 1750 2544 orbem
