2351 2997
661 257 753 294 AD
813 253 1280 293 FAMILIARES
1340 252 1473 293 LIB.
1518 257 1551 294 1.
1753 274 1797 299 21

413 359 548 398 defim.
581 357 664 395 Hic
685 371 779 395 meae
800 357 888 396 vitae
909 356 1042 395 cursus
1063 356 1231 394 offendit
1251 369 1315 394 eos
1337 355 1505 404 fortasse,
1529 358 1598 411 qui
1619 358 1801 412 splendo-

415 437 498 462 rem
519 423 746 475 et.speciem
766 422 885 475 hujus
906 423 995 461 vitae
1017 422 1236 467 intuentur,
1270 422 1579 462 sollicitudinem
1609 434 1740 464 autem
1765 436 1804 465 et

412 489 586 527 laborem
607 488 822 541 perspicere
842 502 921 527 non
942 489 1112 542 poffunt.
1156 488 1263 526 Illud
1284 502 1374 526 vero
1405 503 1484 527 non
1515 490 1681 530 obscure
1702 507 1801 545 que-

412 563 553 593 runtur
574 555 613 592 in
636 555 734 592 meis
756 555 973 599 sententiis,
996 555 1141 606 quibus
1162 567 1298 592 ornem
1322 554 1527 601 Caesarem,
1551 557 1654 609 quasi
1677 558 1801 596 desci-

409 620 534 658 verim
555 634 576 658 a
594 620 755 673 pristina
774 620 899 658 causa.
932 621 1020 672 Ego
1040 629 1172 658 autem
1192 633 1286 657 cum
1306 620 1375 657 illa
1395 621 1546 674 sequor,
1579 637 1665 676 quae
1684 624 1803 677 paulo

410 695 499 723 ante
518 685 717 738 proposui,
751 694 837 723 tum
868 684 946 723 hoc
978 698 1057 723 non
1090 686 1131 723 in
1164 685 1383 737 postremis,
1416 686 1462 723 de
1495 701 1574 739 quo
1607 702 1803 741 coeperam

409 764 616 803 exponere.
661 751 757 788 Non
789 750 963 788 offendes
991 750 1160 788 eundem
1188 751 1383 788 bonorum
1415 751 1582 797 sensum,
1616 755 1800 801 Lentule,

409 830 529 869 quem
546 816 757 869 reliquisti:
777 817 847 869 qui
860 816 1115 854 confirmatus
1133 816 1337 855 consulatu
1354 817 1497 863 nostro,
1514 833 1801 873 nonnunquam

410 883 539 935 postea
559 883 818 935 interruptus,
850 882 1017 921 afflietus
1042 892 1130 920 ante
1153 892 1190 922 te
1211 883 1428 929 consulem,
1460 895 1653 924 recreatus
1675 888 1741 925 abs
1764 898 1800 926 te

409 957 515 985 totus
538 947 617 993 est,
651 961 757 985 nunc
790 947 837 985 ab
870 948 932 993 iis,
964 961 985 985 a
1017 948 1162 1000 quibus
1192 948 1359 987 tuendus
1390 949 1530 995 fuerat,
1564 951 1797 991 derelictus:

409 1014 593 1066 idemque
614 1028 693 1052 non
715 1014 842 1052 solum
862 1013 993 1052 fronte
1013 1024 1129 1067 atque
1150 1015 1278 1060 vultu,
1301 1015 1447 1067 quibus
1469 1016 1664 1055 simulatio
1684 1018 1800 1056 facil-

407 1079 505 1117 lime
525 1079 748 1125 sustinetur,
767 1079 962 1117 deelarant
982 1080 1026 1124 ii,
1044 1080 1113 1132 qui
1135 1089 1221 1118 tum
1239 1080 1368 1118 nostro
1388 1081 1459 1119 illo
1476 1082 1572 1120 statu
1590 1084 1799 1135 optimates

408 1144 743 1189 nominabantur;
777 1143 839 1181 sed
868 1145 987 1182 etiam
1019 1144 1128 1182 sensu
1161 1144 1257 1197 [repe
1283 1146 1366 1197 jam
1400 1146 1620 1199 tabellaque
1653 1149 1798 1187 docue-

405 1218 513 1247 runt.
547 1210 685 1262 Itaque
706 1218 788 1247 tota
801 1210 885 1261 jam
906 1210 1141 1262 sapientium
1162 1211 1326 1256 civium,
1350 1212 1506 1264 qualem
1528 1227 1590 1250 me
1611 1224 1650 1251 et
1670 1214 1741 1252 effe
1762 1226 1799 1253 et

406 1275 604 1313 numerari
623 1274 729 1320 volo,
760 1284 798 1313 et
819 1275 1009 1313 sententia
1029 1284 1067 1314 et
1087 1276 1267 1314 voluntas
1296 1286 1446 1316 mutata
1474 1278 1546 1317 effe
1575 1279 1705 1319 debet.
1753 1282 1798 1319 Id

407 1341 514 1379 enim
538 1341 655 1393 jubet
683 1340 788 1381 idem
818 1341 886 1379 ille
916 1342 1044 1387 Plato,
1076 1355 1196 1394 quem
1225 1357 1299 1395 ego
1328 1343 1580 1383 vehementer
1600 1348 1797 1386 auctorem

406 1407 559 1459 sequor,
592 1404 751 1446 ‘Tantum
770 1407 974 1446 contendere
993 1409 1030 1446 in
1051 1408 1244 1461 republica,
1276 1419 1450 1462 quantum
1471 1411 1630 1463 probare
1652 1414 1724 1451 tuis
1744 1415 1796 1452 ci*

405 1473 511 1512 vibus
534 1473 636 1526 pqffis
651 1489 664 1512 :
698 1474 776 1512 Vim
805 1488 913 1527 neque
934 1475 1100 1526 parenti,
1130 1489 1240 1528 neque
1265 1476 1419 1528 patriae,
1457 1477 1590 1530 qffi’rre
1622 1488 1796 1531 oportere.

405 1541 540 1592 Atque
560 1539 661 1578 hanc
679 1540 839 1592 quidem
857 1540 925 1578 ille
946 1541 1098 1579 causam
1115 1541 1188 1580 fibi
1206 1541 1259 1581 ait
1277 1556 1355 1580 non
1376 1543 1613 1595 attingendae
1634 1546 1794 1598 reipub-

406 1605 491 1644 licae
511 1605 643 1651 fuiffe3
668 1606 789 1659 quod,
808 1621 901 1645 cum
921 1606 1139 1645 offendisset
1158 1608 1355 1661 populum
1372 1608 1654 1648 Atheniensem
1676 1626 1798 1665 prope

400 1672 482 1723 jam
505 1671 757 1724 desipientem
778 1671 987 1717 stneet'ute,
1016 1687 1190 1726 cumque
1209 1687 1300 1712 eum
1322 1689 1393 1713 nec
1414 1676 1693 1728 persuadendo,
1726 1692 1797 1717 nec

406 1737 598 1790 cogendo,
632 1738 711 1789 regi
744 1738 848 1790 posse
879 1738 1045 1784 vidisset,
1077 1753 1171 1777 cum
1203 1740 1421 1792 persuaderi
1453 1742 1556 1794 posse
1586 1743 1794 1790 diffideret,

404 1804 494 1856 cogi
514 1802 571 1840 fas
593 1803 664 1841 effe
684 1817 762 1841 non
785 1804 1049 1842 arbitraretur.
1091 1805 1186 1843 Mea
1206 1807 1303 1844 ratio
1324 1806 1402 1845 fuit
1422 1808 1509 1854 alia,
1542 1809 1648 1861 quod
1670 1823 1796 1862 neque

404 1870 614 1922 desipiente
634 1870 798 1923 popuIO,
827 1884 953 1923 neque
975 1871 1126 1923 integra
1144 1885 1183 1911 re
1204 1871 1307 1913 mihi
1329 1873 1374 1911 ad
1395 1874 1697 1921 consulendum,
1726 1891 1794 1915 ca·-

404 1936 638 1989 pefferemne
659 1937 962 1989 rempublicam,
995 1938 1222 1990 implicatus
1245 1940 1416 1978 tenebar.
1458 1941 1530 1978 Sed
1560 1941 1711 1981 laetatus
1734 1952 1793 1982 ta-

404 2015 495 2040 men
517 2003 618 2048 sum,
649 2002 756 2054 quod
777 2002 879 2041 mihi
899 2004 1035 2041 liceret
1062 2004 1103 2042 in
1124 2004 1259 2042 eadem
1280 2006 1390 2044 causa
1410 2015 1449 2044 et
1475 2007 1577 2045 mihi
1598 2008 1725 2054 utilia,
1757 2020 1795 2048 et

404 2068 528 2106 cuivis
565 2068 669 2106 bono
704 2070 818 2114 reeta,
861 2068 1081 2108 defendere.
1134 2070 1230 2108 Huc
1264 2072 1417 2110 acceffit
1450 2075 1799 2115 commemoranda

402 2133 579 2186 quaedam
611 2143 649 2172 et
681 2134 813 2172 divina
845 2135 1003 2173 Caesaris
1036 2136 1076 2173 in
1110 2149 1173 2173 me
1201 2135 1440 2189 fratremque
1460 2153 1595 2177 meum
1616 2140 1794 2178 liberali-2

403 2209 486 2238 tas:
520 2200 589 2252 qui
610 2199 727 2246 mihi,
759 2201 1012 2254 quascunque
1033 2215 1090 2239 res
1111 2212 1273 2254 gereret,
1307 2203 1475 2242 tuendus
1497 2203 1730 2251 effet,.nunc
1752 2208 1793 2245 in

404 2274 510 2303 tanta
527 2265 718 2304 felicitate
740 2267 934 2320 tantisque
954 2267 1142 2313 victoriis,
1174 2268 1293 2307 etiam
1323 2269 1349 2307 fi
1379 2270 1421 2308 in
1450 2284 1520 2308 nos
1549 2285 1628 2309 non
1650 2273 1681 2310 is
1703 2273 1793 2312 effer

404 2331 473 2383 qui
494 2331 560 2376 est,
592 2341 721 2374 tamen
743 2332 941 2371 ornandus
959 2333 1170 2373 videretur,
1215 2335 1278 2373 Sic
1298 2335 1405 2374 enim
1427 2345 1464 2374 te
1485 2337 1703 2376 existimare
1724 2352 1792 2377 ve«

402 2397 501 2442 lim,
534 2410 627 2435 cum
655 2411 676 2434 a
704 2398 831 2444 vobis,
868 2412 963 2438 meae
997 2398 1131 2438 salutis
1165 2401 1405 2447 auctoribus,
1441 2401 1688 2448 discesserim,
1720 2418 1794 2442 nemv

402 2463 553 2500 minem
573 2462 658 2507 effe,
691 2464 803 2515 cujus
825 2464 965 2503 officiis
996 2478 1060 2503 me
1089 2474 1171 2504 tam
1200 2466 1272 2505 effe
1302 2466 1529 2507 devinetum
1559 2482 1637 2507 non
1664 2469 1792 2508 solum

401 2528 603 2574 confitear,
634 2527 698 2567 sed
732 2529 850 2568 etiam
884 2530 1088 2583 gaudeam„
1136 2532 1256 2583 Qod
1289 2533 1479 2587 quoniam
1510 2533 1585 2573 tibi
1613 2534 1794 2587 exposui,
