2351 2997
624 238 716 276 AD
774 236 1242 276 FAMILIARES
1302 237 1603 279 LIB.X111.
1732 256 1806 295 375

480 471 545 508 M.
578 470 632 508 T.
666 470 715 509 C.
749 471 797 509 C.
831 472 1018 510 CURTIO
1061 472 1377 518 PEDUCAEANO,
1420 475 1580 515 PRAET.
1623 478 1662 516 S.
1696 478 1750 517 D.

421 598 534 636 LIX.
559 597 652 670 M
667 599 704 636 A
718 600 755 637 R
771 600 803 636 C
820 601 858 636 U
875 600 924 637 M
955 600 1124 638 Fabium
1145 602 1261 638 unice
1285 602 1423 654 diligo,
1456 604 1685 658 summaque
1706 604 1809 644 mihi

682 677 774 701 cum
795 677 841 701 eo
861 664 1102 702 consuetudo
1123 674 1161 702 et
1182 665 1425 705 familiaritas
1446 670 1499 706 est
1519 680 1713 722 pervetus.
1761 673 1809 710 In

421 730 503 780 ejus
525 729 793 766 controverfiis
815 729 912 781 quid
939 729 1135 775 decernas,
1167 744 1188 768 a
1217 740 1253 769 te
1283 745 1361 770 non
1392 743 1498 785 peto,
1533 735 1731 787 (servabis,
1764 746 1809 774 ut

420 804 488 831 tua
507 793 602 831 fides
622 803 661 831 et
682 794 852 846 dignitas
872 795 1056 847 postulat,
1086 795 1259 835 edietum
1279 808 1317 836 et
1341 799 1566 838 institutum
1588 802 1721 852 tuum)
1745 803 1807 840 sed

422 868 466 896 ut
487 872 605 911 quam
626 858 839 897 facillimos
870 860 916 897 ad
947 870 984 898 te
1013 862 1139 899 aditus
1161 861 1300 901 habeat
1319 879 1327 902 ε
1361 879 1446 917 quae
1467 877 1581 904 erunt
1602 881 1723 920 aequa,
1756 868 1807 906 li-

422 924 538 962 bente
560 934 597 962 te
618 924 826 977 impetret:
861 934 904 963 ut
925 940 1053 964 meam
1072 928 1287 966 amicitiam
1309 929 1395 975 fibi,
1417 932 1533 970 etiam
1555 947 1647 971 cum
1668 934 1808 986 procul

419 990 555 1035 abfim‚
587 990 758 1042 prodeffe
780 990 932 1036 sentiat,
964 992 1177 1044 praesertim
1198 994 1300 1047 apud
1322 1004 1373 1035 te.
1421 997 1513 1034 Hoc
1535 1007 1572 1035 te
1593 998 1807 1038 vehemen-

420 1064 479 1093 ter
498 1056 616 1094 etiam
637 1066 753 1110 atque
773 1057 893 1095 etiarn
913 1071 1022 1110 rogo.
1056 1059 1168 1098 Vale.

655 1257 720 1295 M.
753 1259 806 1297 T.
840 1259 1237 1299 C.MUNAT10
1281 1263 1329 1301 C.
1363 1263 1410 1301 F.
1443 1264 1480 1301 S.
1515 1266 1570 1305 D.

419 1384 510 1424 LX.
534 1382 652 1455 LU
668 1386 701 1422 C
720 1386 790 1424 IU
806 1388 827 1424 S
860 1388 1064 1427 Livineius
1095 1389 1263 1442 Trypho
1292 1392 1345 1430 est
1374 1393 1539 1431 omnino
1569 1396 1617 1433 L.
1642 1397 1803 1451 Reguli,

632 1449 921 1491 familiariffimi
955 1454 1048 1500 mei,
1086 1454 1266 1501 libertus,
1307 1458 1419 1509 cujus
1454 1459 1652 1499 calamitas
1687 1465 1806 1501 etiam

418 1515 690 1554 officiofiorem
723 1530 788 1555 me
821 1517 918 1556 facit
950 1519 992 1556 in
1026 1519 1172 1559 illum:
1216 1535 1307 1560 narn
1342 1522 1650 1571 benevolentior,
1687 1542 1808 1580 quam

418 1582 568 1634 semper
587 1581 663 1627 fui,
691 1582 764 1621 effe
784 1597 864 1622 non
885 1585 1052 1637 poffum.
1098 1586 1170 1624 Sed
1191 1601 1264 1640 ego
1284 1588 1473 1628 libertum
1494 1592 1576 1643 ejus
1598 1607 1667 1645 per
1686 1595 1722 1632 se
1742 1595 1806 1647 ip-

417 1648 504 1686 sum
523 1647 676 1700 diligo:
709 1648 862 1688 summa
889 1652 997 1689 enim
1026 1653 1109 1704 ejus
1139 1667 1228 1705 erga
1256 1667 1320 1692 me
1349 1655 1478 1693 officia
1498 1659 1715 1698 extiterunt
1743 1660 1806 1698 his

416 1714 555 1752 nostris
578 1714 839 1766 temporibus,
856 1717 1002 1770 quibus
1024 1718 1214 1757 facillime
1230 1719 1375 1759 bonam
1396 1721 1709 1763 benevolentiam
1729 1725 1805 1764 ho-

416 1780 574 1817 minum
595 1789 633 1818 et
654 1779 772 1817 fidem
792 1782 1007 1834 perspicere
1028 1786 1155 1836 potui.
1189 1787 1296 1823 Eum
1318 1786 1393 1824 tibi
1413 1788 1467 1825 ita
1486 1791 1737 1836 commendo,
1762 1801 1805 1829 ut

415 1844 597 1883 homines
631 1846 732 1897 grati
766 1856 804 1884 et
834 1861 1027 1887 memores
1061 1850 1160 1888 bene
1191 1852 1352 1890 meritos
1386 1852 1432 1890 de
1463 1853 1499 1891 se
1531 1857 1806 1895 commendare

417 1910 574 1948 debent.
622 1911 852 1962 Pergratum
875 1913 976 1952 mihi
1005 1914 1158 1960 feceris,
1191 1916 1215 1953 fi
1242 1916 1310 1954 ille
1331 1917 1585 1965 intellexerit,
1617 1921 1667 1966 se,
1699 1923 1808 1973 quod

417 1989 488 2027 pro
523 1976 643 2014 salute
678 1989 764 2014 mea
797 1979 923 2017 multa
956 1981 1131 2032 pericula
1164 1981 1316 2027 adierit,
1359 1983 1455 2035 saepe
1488 1983 1620 2024 hieme
1654 1987 1806 2025 summa

418 2041 622 2092 navigarst,
652 2055 724 2093 pro
746 2052 811 2080 tua
830 2057 920 2096 erga
939 2060 1002 2084 me
1024 2047 1296 2087 benevolentia
1316 2057 1473 2101 gratum
1493 2051 1611 2090 etiam
1639 2054 1713 2091 tibi
1744 2053 1803 2091 fc-

417 2106 520 2146 ciffe.
554 2108 664 2146 Vale.

618 2305 682 2344 M.
715 2309 769 2347 T.
803 2310 852 2347 C.
886 2309 931 2348 P.
965 2310 1161 2357 SILIO,
1203 2312 1424 2353 PROPR.
1467 2316 1505 2354 S.
1539 2316 1593 2354 D.

417 2435 527 2474 LXI.
554 2432 725 2508 TIT
742 2437 778 2474 O
810 2437 955 2477 Pinnio
984 2438 1280 2480 familiariffime
1308 2457 1372 2481 me
1396 2444 1510 2482 usum
1530 2444 1615 2489 effe,
1648 2445 1741 2482 scire
1764 2455 1802 2483 te

610 2539 614 2543 .
660 2502 841 2549 arbitror,
875 2506 982 2557 quod
1015 2506 1177 2558 quidem
1211 2508 1280 2547 ille
1314 2509 1542 2549 testamento
1576 2511 1797 2556 declaravit,
