2351 2997
582 221 673 258 AD
733 218 1197 257 FAMILIARES
1258 220 1390 259 LIB.
1442 221 1559 259 XIII.
1689 238 1763 276 359

380 320 452 358 effe
472 318 628 357 factam.
662 320 710 356 C.
735 318 853 355 Ateio
875 318 1068 370 Capitone
1090 327 1178 356 utor
1200 318 1507 361 familiariflime.
1553 322 1669 360 Notae
1691 324 1766 361 tibi

381 386 470 424 sunt
490 385 689 422 varietates
711 397 889 421 meorum
912 393 1151 436 temporum.
1199 386 1244 422 In
1273 386 1382 422 omni
1413 399 1552 437 genere
1572 397 1610 424 et
1635 387 1763 425 hono-

379 465 468 488 rum
489 459 527 488 et
548 450 728 487 laborum
749 463 944 494 meorum,
975 458 1013 487 et
1044 451 1213 495 animus,
1245 459 1283 488 et
1312 464 1441 503 opera,
1473 461 1511 489 et
1543 454 1764 498 auctoritas,

378 524 417 554 et
451 516 587 567 gratia,
618 517 736 553 etiam
772 529 828 553 res
861 515 1080 560 familiaris,
1113 517 1161 554 C.
1196 517 1401 568 Capitonis
1434 517 1568 569 praesto
1603 517 1695 567 fuit,
1727 529 1766 557 et

378 582 519 632 patuit,
552 590 589 618 et
611 580 854 632 temporibus
876 589 914 617 et
934 579 1101 618 fortunae
1123 593 1231 619 meae.
1265 581 1398 632 Hujus
1422 583 1665 634 propinquus
1686 583 1765 621 fuit

378 648 432 684 T.
457 646 679 690 Antistius;
712 646 782 697 qui
813 659 906 684 cum
935 645 1033 682 sorte
1060 645 1225 696 quaestor
1254 646 1531 685 Macedoniam
1553 649 1762 693 obtineret,

378 725 504 762 neque
524 711 559 748 ei
590 707 802 750 successum
829 710 933 753 effet,
966 710 1178 761 Pompeius
1210 711 1251 748 in
1283 723 1367 748 eam
1399 712 1643 762 provinciam
1673 727 1766 751 cum

377 776 553 814 exercitu
573 776 694 815 venit.
728 776 869 812 Facere
890 774 1084 815 Antistius
1106 773 1208 814 nihil
1229 775 1382 826 potuit:
1407 790 1498 814 nam
1518 778 1545 815 fi
1566 779 1762 829 potuiffet‚

378 840 481 879 nihil
502 841 537 878 ei
564 839 694 878 fuiffet
714 841 929 891 antiquita,
961 854 1079 891 quam
1110 840 1157 880 ad
1190 841 1441 893 Capitonem,
1474 856 1592 893 quem
1620 852 1662 881 ut
1695 858 1763 895 pa-

378 916 529 947 rentem
563 905 767 957 diligebat,
811 905 978 949 reverti;
1022 905 1233 957 praesertim
1268 919 1361 944 cum
1396 907 1523 952 sciret,
1560 910 1697 960 quanti
1731 910 1763 946 is

379 972 568 1010 Caesarem
602 970 760 1016 faceret,
798 971 1024 1023 semperque
1057 970 1218 1010 feciffet.
1270 972 1342 1010 Sed
1377 973 1573 1025 opprefl‘us
1610 983 1763 1012 tantum

377 1037 510 1088 attigit
531 1037 695 1089 negotii,
726 1045 919 1089 quantum
940 1035 1110 1074 recusare
1131 1050 1210 1075 non
1231 1038 1376 1089 potuit.
1425 1039 1530 1076 Cum
1551 1039 1764 1090 signaretur

377 1111 584 1154 argentum
606 1101 844 1155 Apolloniae,
877 1115 956 1139 non
977 1101 1129 1153 poffum
1150 1102 1277 1140 dicere
1295 1116 1388 1141 eum
1409 1103 1614 1155 praefuisse,
1638 1119 1764 1157 neque

376 1167 529 1219 pofi‘um
551 1181 689 1219 negare
708 1167 869 1211 affuiffe,
902 1166 965 1204 sed
986 1181 1064 1204 non
1085 1167 1174 1219 plus
1196 1167 1365 1213 duobus,
1396 1182 1444 1206 an
1466 1170 1590 1207 tribus
1619 1171 1762 1208 menfi-

378 1232 466 1270 bus.
517 1232 671 1270 Deinde
703 1231 831 1270 abfuit
865 1245 886 1269 a
919 1232 1076 1270 castris:
1108 1231 1215 1285 fugit
1248 1247 1365 1271 omne
1401 1236 1619 1286 negotium.
1669 1236 1762 1275 Hoc

376 1297 494 1342 mihi,
526 1306 570 1335 ut
597 1297 696 1342 testi,
730 1297 849 1336 velim
880 1297 1039 1335 credas:
1071 1311 1199 1336 meam
1230 1299 1338 1337 enim
1369 1299 1437 1336 ille
1467 1300 1693 1339 moestitiam
1721 1303 1762 1340 in

375 1362 447 1400 illo
470 1362 575 1400 bello
595 1362 765 1407 videbat,
795 1375 954 1401 mecum
975 1363 1107 1401 omnia
1126 1366 1459 1403 communicabat.
1493 1367 1629 1418 ltaque
1649 1367 1763 1405 abdi-

376 1427 435 1465 dit
456 1427 492 1465 se
520 1428 561 1465 in
582 1427 766 1466 intimam
793 1427 1087 1472 Macedoniam,
1119 1442 1199 1480 quo
1225 1430 1356 1481 potuit
1388 1430 1607 1482 longissime
1633 1446 1654 1470 a
1679 1432 1761 1470 cas-

376 1494 462 1538 tris,
494 1506 573 1531 non
594 1492 713 1531 modo
735 1502 778 1531 ut
798 1507 877 1531 non
898 1493 1067 1545 praeeffet
1095 1494 1168 1531 ulli
1200 1496 1374 1546 negotio,
1405 1495 1468 1532 sed
1495 1497 1612 1534 etiam
1641 1507 1683 1535 ut
1715 1512 1763 1535 ne

376 1558 571 1596 interesset
598 1557 775 1610 quidem.
822 1559 860 1596 Is
895 1558 979 1611 post
1008 1559 1188 1610 praelium
1220 1560 1255 1598 se
1282 1560 1329 1597 ad
1358 1560 1564 1599 hominem
1595 1563 1761 1601 neceffa-

376 1624 495 1668 rium,
527 1624 578 1662 A.
604 1623 820 1668 Plautium,
852 1624 892 1660 in
927 1623 1155 1675 Bithyniam
1187 1626 1373 1664 contulit.
1420 1627 1483 1664 Ibi
1515 1641 1606 1665 eum
1639 1629 1764 1667 Caesar

377 1702 470 1726 cum
492 1687 657 1732 vidiffet,
689 1687 791 1725 nihil
819 1687 960 1740 aspere,
994 1688 1095 1725 nihil
1123 1690 1272 1734 acerbe,
1305 1690 1432 1729 dixit:
1466 1693 1637 1730 Romam
1652 1694 1763 1744 juflit

375 1754 521 1792 venire.
573 1753 646 1791 Ille
674 1753 714 1790 in
742 1754 927 1791 morbum
948 1755 1138 1792 continuo
1160 1755 1315 1800 incidit,
1346 1770 1393 1794 ex
1415 1771 1494 1808 quo
1516 1771 1594 1795 non
1616 1772 1760 1796 conva-

377 1820 468 1857 luit.
518 1820 638 1870 AEger
674 1820 888 1870 Corcyram
920 1820 1041 1864 venit,
1074 1820 1129 1858 ibi
1164 1821 1216 1858 est
1250 1831 1445 1860 mortuus.
1492 1824 1759 1869 Testament0‚

376 1885 483 1937 quod
509 1885 648 1922 Romae
682 1884 804 1921 Paulo
835 1894 873 1922 et
906 1885 1100 1923 Marcello
1131 1886 1358 1924 consulibus
1386 1887 1544 1933 fecerat,
1576 1888 1685 1927 heres
1713 1904 1760 1927 ex

375 1960 483 2004 parte
503 1950 667 1988 dimidia
685 1959 723 1987 et
745 1950 857 1988 tertia
876 1950 928 1988 est
951 1952 1107 2003 Capito.
1146 1953 1191 1989 In
1214 1952 1386 1991 sextante
1406 1953 1494 1992 sunt
1516 1955 1558 1999 ii,
1590 1969 1762 2007 quorum

376 2030 461 2069 pars
489 2016 566 2053 fine
593 2015 673 2053 ulla
699 2017 759 2067 cuj
768 2016 930 2068 usquam
950 2018 1108 2068 querela
1126 2017 1287 2069 publica
1306 2018 1430 2071 potest
1450 2019 1521 2058 effe
1539 2035 1548 2058 2
1581 2034 1623 2058 ea
1641 2021 1695 2058 est
1715 2022 1762 2059 ad

375 2082 468 2119 H-S
492 2094 598 2118 xxx.
637 2079 709 2117 Sed
729 2081 775 2118 de
795 2080 871 2119 hoc
894 2082 1018 2119 Caesar
1038 2082 1192 2121 viderit.
1225 2085 1301 2128 Te,
1333 2085 1390 2122 mi
1411 2084 1568 2130 Plance,
1600 2100 1670 2138 pro
1690 2100 1760 2139 pa-

374 2156 484 2184 terna
516 2145 807 2191 neceffitudine,
851 2160 921 2197 pro
955 2146 1084 2184 nostro
1117 2161 1261 2193 amore,
1302 2163 1373 2201 pro
1407 2150 1542 2191 studiis
1577 2160 1615 2189 et
1649 2153 1760 2190 omni

376 2212 489 2250 cursu
511 2211 639 2248 nostro
668 2211 788 2249 totius
816 2212 904 2250 vitae
931 2212 1149 2258 simillimo,
1181 2227 1290 2265 rogo,
1322 2223 1360 2253 et
1387 2228 1407 2253 a
1434 2224 1472 2253 te
1498 2217 1552 2254 ita
1576 2227 1682 2269 peto,
1715 2227 1758 2255 ut

375 2278 522 2329 majore
552 2289 657 2320 cura,
690 2277 835 2328 majore
858 2276 985 2316 studio
1006 2277 1117 2315 nullo
1138 2278 1290 2330 poffim,
1323 2288 1367 2318 ut
1398 2278 1499 2318 hanc
1527 2295 1609 2319 rem
1636 2282 1756 2320 susci-

377 2343 475 2394 pias,
511 2355 639 2379 meam
672 2350 785 2394 putes
820 2343 905 2388 effe,
941 2343 1101 2388 enitare,
1137 2344 1365 2391 contendas,
1399 2346 1559 2391 efficias,
1596 2356 1638 2385 ut
1672 2361 1757 2385 mea

375 2406 731 2452 commendatione,
774 2416 843 2445 tuo
877 2408 1018 2453 studio,
1062 2408 1220 2448 Caesaris
1255 2410 1460 2456 beneficiO,
1500 2411 1756 2450 hereditatem

373 2472 589 2526 propinqui
609 2471 667 2510 sui
689 2473 737 2513 C.
762 2473 904 2527 Capito
924 2474 1114 2515 obtineat.
1162 2476 1324 2523 Omnia,
1356 2490 1441 2529 quae
1469 2477 1583 2530 potui
1611 2477 1654 2515 in
1682 2476 1755 2515 hac
