2351 2997
606 234 698 272 AD
757 235 1222 279 FAMILIARES
1283 244 1415 284 LIB.
1469 248 1543 287 IX.
1696 266 1769 307 231

318 374 322 379 ι
385 328 505 366 etiam
523 339 648 381 patres
672 342 809 383 rogant
830 333 960 373 filios:
994 338 1076 388 ejus
1104 352 1228 391 operae
1258 356 1402 382 nomen
1430 360 1509 385 non
1537 350 1680 389 audent
1706 353 1770 390 di-

385 407 484 432 cere.
518 396 713 434 Socratem
735 397 879 437 fidibus
902 401 1037 440 docuit
1058 405 1320 447 nobiliffimus
1341 410 1484 450 fidicen
1504 429 1512 452 :
1545 416 1577 452 is
1604 418 1768 456 Connus

382 460 573 497 vocitatus
595 461 673 500 est:
696 477 793 501 num
813 465 854 502 id
874 467 1104 507 obscoenum
1124 475 1268 523 putas?
1299 476 1404 514 Cum
1425 478 1629 532 loquimur
1651 486 1766 528 terni,

382 522 485 561 nihil
506 525 645 578 flagitii
667 528 858 576 dicimus3
883 541 919 570 at
941 547 1032 572 cum
1053 535 1138 580 bini,
1157 539 1387 580 obscoenum
1408 544 1474 583 est.
1506 547 1654 586 Graecis
1673 553 1765 603 qui-

378 587 486 634 dem,
509 590 680 643 inquies.
712 594 829 633 Nihil
851 597 904 634 est
924 611 1015 650 ergo
1035 600 1076 637 in
1098 603 1230 648 verbo,
1249 618 1340 643 cum
1361 617 1400 646 et
1420 622 1493 661 ego
1510 613 1647 652 Graece
1663 615 1762 663 scio,-

377 662 417 690 et
438 663 568 693 tamen
590 657 664 694 tibi
685 659 788 704 dico,
819 661 917 699 bini:
948 663 1066 715 idque
1087 674 1130 703 tu
1151 666 1262 714 facis,
1290 673 1394 722 quafi
1415 687 1488 725 ego
1510 678 1660 724 Graece,
1685 695 1763 720 non

376 719 532 764 Latine,
551 721 732 761 dixerim.
765 726 882 771 Ruta,
899 736 937 765 et
951 738 1084 773 menta,
1102 734 1202 770 recte
1219 743 1447 789 utrumque.
1468 741 1571 780 Volo
1587 755 1762 785 mentam

371 785 553 836 pusillam
573 787 628 824 ita
647 789 854 840 appellare,
878 801 922 830 ut
942 795 1139 835 rutulam:
1163 812 1242 837 non
1263 801 1371 841 licet.
1406 805 1514 843 Bella
1537 810 1756 851 tectoriolaz

373 849 437 887 dic
457 864 550 902 ergo
570 853 687 890 etiam
707 856 930 906 pavimenta
949 859 1020 897 isto
1042 862 1160 900 modo
1179 879 1187 902 :
1215 879 1293 903 non
1314 878 1440 920 potes.
1476 872 1616 911 Viden’
1638 876 1761 927 igitur

370 913 475 952 nihil
495 916 581 962 effe,
605 918 674 956 nifi
695 920 859 972 ineptias
879 937 887 960 :
912 926 1199 977 turpitudinem
1221 944 1293 968 nec
1314 933 1353 970 in
1376 936 1495 973 verbo
1515 938 1600 983 effe,
1624 954 1695 979 nec
1716 943 1757 981 in

371 993 435 1018 re:
458 981 590 1034 itaque
610 984 803 1036 nusquam
824 987 924 1026 effe?
948 991 1076 1042 Igitur
1096 993 1136 1030 in
1154 996 1280 1035 verbis
1297 997 1467 1039 honestis
1485 1004 1666 1043 obscoena
1681 1021 1758 1059 po-

368 1045 517 1084 nimus.
541 1048 650 1099 Qid
671 1050 807 1088 enim?
830 1066 909 1090 non
930 1053 1137 1096 honestum
1158 1061 1322 1100 verbum
1342 1064 1395 1102 est
1414 1065 1562 1116 divffio?
1583 1072 1638 1108 At
1660 1072 1757 1110 inest

367 1110 613 1157 obscoenum,
636 1115 700 1152 cui
721 1115 926 1168 respondet
945 1119 1181 1174 intercapedo.
1215 1127 1328 1165 Num
1349 1128 1432 1169 haec
1453 1146 1545 1185 ergo
1572 1136 1754 1175 obscoena

365 1174 479 1213 sunt?
503 1178 588 1215 Nos
606 1188 735 1217 autem
752 1181 931 1222 ridicule.
965 1186 1004 1222 Si
1026 1186 1210 1235 dicimus,
1228 1192 1296 1230 ille
1316 1205 1466 1246 patrem
1483 1198 1750 1252 strangulavit,

364 1238 558 1279 honorem
590 1256 669 1281 non
701 1245 937 1296 praefamur:
971 1251 1025 1288 fin
1058 1253 1104 1291 de
1134 1255 1294 1295 Aurelia
1320 1260 1485 1313 aliquid,
1517 1275 1582 1303 aut
1602 1267 1747 1314 Lollia,

362 1303 487 1343 honos
508 1307 728 1358 praefandus
750 1311 816 1349 est.
851 1314 903 1350 Et
924 1315 1084 1366 quidem
1098 1319 1182 1369 jam
1199 1335 1278 1359 non
1295 1325 1412 1363 etiam
1433 1328 1615 1368 obscoena
1635 1334 1750 1371 verba

359 1384 432 1422 pro
453 1372 645 1412 obscoenis
674 1375 777 1415 sunt.
823 1379 971 1424 Batus't,
1001 1382 1148 1436 inquit,
1180 1387 1458 1439 impudentem
1490 1395 1597 1447 clepsit
1616 1400 1747 1438 multo

359 1436 645 1489 impudentius.
678 1442 804 1493 Atqui
826 1454 1011 1485 neutrum
1032 1449 1085 1486 est
1105 1451 1350 1494 obscoenum.
1389 1458 1609 1500 Stultorum
1630 1465 1746 1516 plena

358 1499 448 1539 sunt
467 1504 612 1542 omnia.
647 1503 770 1551 Testes,
793 1510 957 1549 verbum
978 1512 1288 1558 honestiffimum
1309 1521 1349 1558 in
1365 1523 1536 1573 judicio,
1558 1528 1634 1565 alio
1654 1530 1744 1568 loco

357 1578 436 1602 non
473 1567 607 1606 nimis.
652 1571 708 1608 At
741 1570 893 1611 honesti
926 1576 1025 1614 Colez'
1055 1580 1267 1629 Lanuvini,
1303 1586 1516 1627 Cliternini
1552 1606 1631 1630 non
1665 1593 1742 1632 ho-

354 1631 466 1670 nesti.
513 1634 654 1685 Qid?
686 1637 766 1688 ipsa
792 1652 850 1677 res
880 1642 999 1680 modo
1019 1643 1191 1692 honesta,
1223 1651 1342 1688 modo
1364 1655 1521 1706 turpis?
1553 1658 1739 1710 Suppedit,

352 1695 548 1748 flagitium
569 1700 643 1738 est:
661 1702 743 1752 jam
765 1704 838 1741 erit
859 1706 986 1745 nudus
1008 1710 1048 1746 in
1071 1711 1224 1759 balneo,
1244 1728 1322 1753 non
1344 1718 1616 1770 reprehendes.
1650 1725 1737 1763 Ha-

352 1760 418 1798 bes
440 1762 613 1802 scholam
643 1766 827 1807 Stoicam.
872 1767 907 1805 ‘O
926 1770 1026 1818 σαφὲς
1045 1772 1240 1826 εὐθυῤῥήμων
1260 1776 1324 1831 {ca-37.
1370 1784 1502 1834 Qam
1535 1789 1661 1826 multa
1689 1804 1737 1829 ex

350 1839 430 1864 uno
461 1829 579 1867 verbo
614 1833 714 1869 tuo?
751 1835 811 1871 Te
843 1835 1019 1875 adversus
1052 1852 1115 1878 me
1147 1844 1280 1882 omnia
1311 1847 1449 1886 audere
1477 1862 1633 1903 gratum
1664 1856 1732 1895 est.

349 1892 436 1943 Ego
457 1892 577 1939 servo,
608 1906 646 1933 et
666 1896 822 1937 servabo
846 1901 915 1952 (fic
936 1904 1041 1941 enim
1063 1906 1221 1958 affuevi)
1246 1909 1420 1951 Platonis
1441 1919 1731 1959 verecundiam.

347 1957 485 2009 Itaque
517 1961 626 1999 tectis
659 1963 786 2002 verbis
819 1980 861 2003 ea
892 1967 937 2004 ad
971 1978 1007 2006 te
1039 1970 1183 2024 scripfi,
1216 1988 1302 2026 quae
1333 1981 1578 2030 apertiffimis
1609 1996 1733 2037 agunt

345 2022 481 2060 Stoici.
530 2025 601 2062 Sed
633 2027 693 2064 illi
723 2030 841 2067 etiam
869 2035 1040 2084 crepitus
1069 2037 1178 2076 aiunt
1199 2053 1306 2092 aeque
1327 2042 1487 2091 liberos,
1518 2061 1561 2086 ac
1582 2052 1728 2097 Γυᾶυε,

344 2087 416 2124 effe
436 2098 628 2140 oportere.
666 2093 874 2135 Honorem
894 2099 1017 2151 igitur
1039 2102 1222 2143 Calendis
1243 2106 1367 2148 Mart.
1401 2111 1467 2149 Tu
1488 2126 1551 2152 me
1571 2114 1734 2168 diliges&

342 2159 380 2189 et
400 2153 560 2193 valebis.
