2351 2997
598 231 690 268 AD
749 227 1216 267 FAMILIARES
1275 228 1407 265 ΜΒ.
1454 228 1549 266 XII.
1696 243 1769 282 305

393 329 600 367 Dolabella
619 329 727 367 valde
748 328 1038 380 vituperabatur
1058 328 1104 365 ab
1124 327 1355 365 hominibus
1377 341 1455 365 non
1477 327 1641 372 insulsis,
1665 328 1770 379 quod

393 395 466 432 tibi
488 403 566 432 tam
587 395 667 431 cito
688 393 921 438 succederet,
939 407 1031 431 cum
1054 403 1096 431 tu
1118 394 1182 431 vix
1203 393 1297 430 dum
1320 393 1481 445 trigInta
1500 392 1580 430 dies
1602 393 1641 429 in
1665 394 1771 444 Syria

390 460 534 498 fuiffes.
583 461 717 512 Itaque
745 460 956 505 constabat,
988 474 1078 498 eum
1101 461 1221 512 recipi
1243 460 1282 496 in
1306 461 1454 512 Syriam
1475 473 1554 497 non
1575 468 1766 512 oportere.

391 526 552 562 Summa
572 525 653 562 laus
675 534 713 563 et
735 535 800 563 tua
820 535 857 562 et
879 526 991 564 Bruti
1018 525 1084 570 est,
1116 525 1222 577 quod
1251 526 1468 562 exercitum
1498 533 1635 576 praeter
1664 524 1770 577 spem

389 590 667 628 existimamini
689 591 934 643 comparasse.
982 591 1199 628 Scriberem
1231 591 1356 642 plura,
1389 591 1412 627 si
1440 604 1521 627 rem
1541 590 1770 642 causamque

391 655 536 693 noffem
555 671 563 693 :
597 670 702 693 nunc
724 669 809 707 quae
830 655 970 699 scribo,
1003 656 1129 692 scribo
1150 668 1197 692 ex
1217 655 1402 705 opinione
1422 655 1634 692 hominum
1654 665 1769 707 atque

388 720 505 759 fama.
544 723 650 759 Tuas
671 722 799 759 literas
821 721 930 758 avide
949 723 1124 772 expedffm.
1158 720 1267 757 Vale.

663 922 727 961 M.
760 925 813 961 T.
848 924 896 961 C.
930 923 979 960 C.
1013 923 1248 960 CASSIO
1290 923 1326 960 S.
1361 922 1406 960 P.
1438 921 1492 960 D.

390 1051 442 1089 V.
467 1049 810 1122 HYEMEM
841 1049 956 1088 credo
981 1048 1108 1087 adhuc
1128 1048 1382 1102 prohibuiffe,
1414 1063 1493 1101 quo
1513 1050 1644 1088 minus
1665 1050 1712 1088 de
1733 1060 1769 1090 te

576 1124 727 1154 certum
748 1115 993 1160 haberemus,
1019 1114 1115 1167 quid
1135 1127 1278 1166 agere3‚
1301 1115 1549 1167 maximeque
1570 1116 1639 1153 ubi
1660 1116 1766 1155 effes.

388 1182 671 1233 Loquebantur
690 1196 825 1220 omnes
847 1190 992 1225 tamen,
1022 1180 1153 1225 credo,
1184 1180 1291 1232 quod
1311 1181 1506 1226 volebant,
1542 1182 1584 1219 in
1606 1182 1713 1233 SyrIa
1732 1191 1770 1221 te

386 1247 473 1292 esse,
492 1246 633 1285 habere
653 1249 798 1299 copias.
832 1246 877 1284 Id
897 1255 1028 1284 autem
1048 1259 1094 1284 eo
1114 1244 1269 1284 facilius
1286 1245 1528 1292 credebatur,
1546 1248 1639 1300 quia
1658 1247 1767 1285 fimi-

386 1311 424 1349 le
444 1326 533 1350 vero
552 1312 769 1350 videbatur.
816 1312 960 1349 Brutus
990 1310 1151 1362 quidem
1178 1310 1304 1348 noster
1323 1312 1519 1364 egregiam
1539 1312 1695 1350 laudem
1715 1312 1769 1350 est

385 1377 631 1415 consecutus.
683 1377 761 1415 Res
782 1377 889 1414 enim
911 1384 1033 1414 tantas
1054 1375 1178 1428 geffit,
1209 1385 1368 1428 tamque
1388 1378 1621 1430 inopinatas,
1653 1387 1697 1416 ut
1716 1392 1768 1416 ea:

385 1455 479 1480 cum
498 1457 566 1496 per
594 1442 629 1480 se
656 1451 772 1495 gratae
802 1442 934 1487 essent,
967 1450 1054 1480 tum
1082 1441 1294 1479 ornatiores
1324 1451 1483 1494 propter
1511 1443 1766 1483 celeritatem.

387 1509 506 1560 Qod
528 1509 553 1546 fi
575 1518 618 1546 tu
637 1522 681 1546 ea
700 1517 822 1552 tenes,
853 1521 938 1560 quae
958 1516 1157 1560 putamus,
1189 1508 1340 1559 magnis
1371 1508 1546 1546 subfidiis
1568 1508 1669 1547 fulta
1688 1509 1767 1547 res-

386 1574 546 1626 publica
565 1573 630 1611 est.
655 1575 691 1611 A
707 1574 834 1625 prima
852 1574 959 1610 enim
979 1586 1044 1610 ora
1061 1574 1221 1611 Graeciae
1238 1574 1358 1626 usque
1373 1573 1420 1611 ad
1436 1575 1672 1626 AEgyptum,
1690 1588 1765 1627 op—

387 1641 576 1678 timorum
596 1639 745 1677 civium
765 1640 939 1691 imperiis
956 1639 1102 1676 muniti
1121 1640 1266 1677 erimus
1287 1648 1325 1677 et
1345 1640 1484 1692 copiis.
1509 1642 1763 1693 Qanquam,

386 1705 455 1742 nisi
478 1718 540 1742 me
560 1704 733 1748 fallebat,
756 1717 813 1742 res
836 1704 871 1741 se
892 1704 941 1742 fic
962 1703 1144 1748 habebat,
1167 1712 1210 1741 ut
1231 1704 1351 1741 totius
1374 1705 1469 1741 belli
1489 1718 1606 1743 omne
1626 1706 1763 1743 discri-

386 1783 475 1807 men
507 1771 547 1806 in
579 1770 633 1807 D.
657 1770 779 1806 Bruto
807 1769 978 1820 pofiturn
1004 1769 1226 1813 videretur3
1259 1769 1327 1820 qui
1355 1769 1395 1814 fi,
1428 1779 1471 1806 ut
1503 1770 1763 1821 sperabamus,

386 1834 566 1886 erupisset
601 1834 775 1878 Mutina,
810 1833 911 1870 nihil
947 1834 1042 1871 belli
1077 1834 1219 1885 reliqui
1253 1833 1336 1871 fore
1369 1834 1585 1873 videbatur.
1633 1836 1763 1874 Parvis

383 1899 548 1936 omnino
563 1899 646 1950 jam
675 1898 799 1950 copiis
827 1898 1087 1943 obfidebatur,
1119 1898 1225 1950 quod
1256 1912 1399 1950 magno
1428 1900 1600 1952 praefidio
1631 1901 1764 1938 Bono-

384 1964 489 2001 niam
512 1963 666 2001 tenebat
686 1963 901 2002 Antonius.
948 1964 1042 2001 Erat
1071 1973 1201 2001 autem
1229 1963 1421 2002 Claternae
1443 1965 1568 2002 noster
1589 1966 1763 2011 Hirtius,

383 2028 430 2065 ad
465 2029 614 2065 Forum
650 2028 882 2066 Cornelium
918 2028 1055 2073 Caesar,
1087 2037 1249 2079 uterque
1283 2042 1376 2066 cum
1411 2029 1525 2067 firmo
1558 2030 1762 2074 exercitu;

384 2093 618 2144 magnasque
651 2093 788 2130 Romae
822 2093 941 2130 Pansa
971 2094 1101 2146 copias
1135 2107 1183 2131 ex
1215 2093 1366 2132 delectu
1398 2095 1519 2132 Itali-ae
1548 2105 1761 2147 comparat.

384 2159 537 2209 Hyems
558 2157 685 2195 adhuc
707 2171 787 2195 rem
808 2159 890 2210 geri
912 2158 1178 2210 prohibuerat.
1225 2159 1384 2197 Hirtius
1414 2159 1515 2198 nihil
1546 2161 1615 2198 nis1
1637 2161 1763 2199 confi-

383 2224 524 2268 derate,
561 2232 604 2260 ut
639 2222 740 2261 mihi
775 2223 919 2261 crebris
955 2224 1078 2261 literis
1114 2224 1318 2275 fignificat,
1354 2227 1507 2263 acturus
1542 2226 1760 2266 videbatur.

385 2290 527 2327 Praeter
556 2289 790 2334 Bononiam,
822 2290 995 2341 Regium
1025 2290 1183 2342 Lepidi,
1216 2291 1412 2336 Parmam,
1444 2300 1566 2329 totam
1590 2293 1761 2330 Galliam

385 2355 612 2392 tenebamus
652 2354 959 2393 studiofiffimam
998 2355 1237 2408 reipublicae.
1294 2358 1404 2394 Tuos
1444 2357 1561 2395 etiam
1600 2358 1761 2394 clientes

383 2419 679 2471 Transpadanos
702 2419 867 2458 mirifice
887 2422 1117 2472 conjunctos
1139 2435 1230 2458 cum
1251 2422 1360 2459 causa
1380 2421 1634 2459 habebamus.
1667 2424 1761 2459 Erat

385 2484 623 2522 firmiffimus
660 2484 825 2530 senatus,
856 2487 1029 2539 exceptis
1064 2487 1359 2532 consularibus,
1401 2501 1447 2524 ex
1483 2487 1625 2539 quibus
1662 2500 1760 2524 unus

469 2551 606 2588 TOM.
640 2550 734 2589 VII.
1373 2553 1467 2603 Qq
