2351 2997
639 235 730 273 AD
790 230 1259 270 FAMILIARES
1320 229 1453 266 LIB.
1507 230 1580 266 111.
1760 244 1802 275 7

540 472 603 510 M.
637 473 691 510 T.
725 473 774 510 C.
808 473 934 509 ΙΜΡ.
977 472 1015 508 S.
1049 470 1103 509 D.
1146 471 1334 507 Appio
1368 469 1672 507 PULCHRO.

417 603 512 641 VII.
529 601 879 674 PLURIBUS
910 599 1037 637 verbis
1059 598 1106 636 ad
1128 606 1164 635 te
1185 596 1366 643 scribam,
1389 612 1482 636 cum
1506 598 1593 650 plus
1616 595 1687 634 otii
1710 607 1801 632 nac7

608 677 670 705 tus
692 681 771 705 ero.
796 667 894 704 Haec
912 665 1042 716 scripsi
1064 664 1207 707 subito,
1226 677 1320 701 cum
1337 665 1450 701 Bruti
1470 664 1581 716 pueri
1604 661 1807 700 Laodiceae

417 748 480 772 me
500 732 781 777 convenissent,
803 742 842 769 et
862 731 899 769 se
920 732 1092 769 Romam
1112 742 1317 782 properare
1337 729 1539 767 dixissent:
1564 730 1694 780 itaque
1715 726 1806 763 nul-

418 799 472 837 las
495 800 557 844 iis,
589 806 847 851 praeterquam
872 796 922 834 «ad
953 805 990 834 te
1010 805 1048 834 et
1073 795 1119 833 ad
1150 796 1333 839 Brutum,
1366 794 1455 832 dedi
1476 794 1622 832 literas.
1670 792 1809 843 Legati

420 865 594 916 Appiani
614 862 717 901 mihi
737 863 923 900 volumen
939 875 960 898 a
976 871 1013 899 te
1034 861 1198 913 plenum
1220 860 1386 912 querelae
1407 859 1656 912 iniquiffimae
1677 856 1809 895 reddi·-

420 929 575 975 derunt,
608 928 715 982 quod
748 942 885 966 eorum
920 926 1220 965 aedificationem
1254 925 1377 963 literis
1414 926 1511 962 meis
1547 922 1808 975 impediffem.

420 994 570 1033 Eadem
600 1003 732 1032 autem
763 992 923 1045 epistola
953 992 1125 1045 petebas,
1158 1000 1202 1029 ut
1233 1004 1296 1028 eos
1325 1003 1444 1042 quam
1473 990 1662 1042 primum,
1694 1001 1742 1025 ne
1770 988 1812 1025 in

421 1060 595 1098 hiemem
617 1059 848 1103 inciderent,
880 1058 927 1096 ad
947 1058 1176 1096 facultatem
1197 1056 1415 1094 aedificandi
1436 1056 1642 1093 liberarem
1661 1070 1669 1092 :
1702 1063 1741 1092 et
1762 1054 1811 1091 fi-

422 1127 508 1164 mul
543 1135 724 1179 peracute
758 1125 983 1177 querebare,
1013 1123 1122 1176 quod
1156 1136 1219 1160 eos
1257 1122 1405 1159 tributa
1438 1122 1593 1173 exigere
1627 1129 1811 1164 vetarem,

422 1193 650 1246 priusquam
671 1205 743 1243 ego
765 1205 803 1229 re
824 1191 983 1243 cognita
1009 1189 1289 1243 permififfem;
1322 1202 1445 1241 genus
1476 1189 1583 1225 enim
1614 1186 1815 1239 quoddam

422 1258 535 1296 fuiffe
556 1256 814 1310 impediendi,
846 1270 938 1294 cum
960 1269 1033 1307 ego
1060 1255 1293 1307 cognoscere
1318 1268 1399 1292 non
1428 1253 1588 1307 poffem,
1621 1253 1691 1290 nifi
1722 1265 1816 1290 cum

423 1324 470 1363 ad
500 1324 674 1362 hiemem
705 1336 767 1360 me
796 1336 845 1361 ex
876 1322 1021 1360 Cilicia
1046 1320 1289 1373 recepissem.
1336 1320 1401 1358 Ad
1430 1320 1564 1358 omnia
1593 1319 1741 1371 accipe,
1777 1327 1817 1356 et

425 1389 617 1442 cognosce
637 1389 862 1442 aequitatem
882 1386 1206 1441 expostulationis
1228 1395 1318 1423 tuae.
1353 1385 1549 1429 Primum,
1572 1398 1665 1423 cum
1686 1383 1733 1421 ad
1753 1397 1818 1421 me

424 1455 578 1493 aditum
598 1453 688 1492 effet
708 1454 755 1491 ab
777 1453 840 1498 iis,
859 1453 928 1505 qui
950 1453 1125 1490 dicerent
1144 1466 1165 1489 a
1180 1451 1215 1489 se
1237 1450 1500 1488 intolerabilia
1520 1450 1668 1487 tributa
1688 1449 1815 1501 exigi,

427 1522 524 1574 quid
554 1520 694 1559 habuit
723 1520 961 1572 iniquitatis,
993 1532 1056 1557 me
1087 1518 1267 1562 scribere,
1299 1530 1347 1554 ne
1372 1515 1544 1554 facerent
1564 1524 1667 1560 ante,
1698 1528 1819 1567 quam

417 1602 499 1640 ego
530 1601 617 1625 -rem
649 1585 884 1638 causamque
917 1584 1171 1637 cognoffem?
1213 1584 1310 1622 Non
1345 1592 1536 1635 poteram,
1568 1580 1699 1625 credo,
1732 1590 1821 1618 ante

428 1652 632 1691 hiemem:
665 1651 715 1688 fic
736 1651 842 1688 enim
864 1650 1015 1688 scribis.
1060 1649 1178 1700 Qafi
1207 1662 1298 1686 vero
1328 1647 1374 1685 ad
1401 1646 1720 1699 cognoscendum
1748 1659 1821 1697 ego

429 1718 476 1756 ad
498 1718 602 1762 illos,
625 1730 703 1754 non
726 1716 786 1753 illi
807 1715 854 1753 ad
875 1730 938 1753 me
958 1715 1089 1753 venire
1109 1714 1331 1751 debuerint.
1365 1715 1469 1750 Tam
1490 1712 1607 1764 longe
1626 1713 1638 1749 ?
1671 1712 1820 1764 inquis.

432 1783 574 1834 Qid?
606 1795 699 1819 cum
720 1781 834 1818 dabas
863 1781 909 1818 iis
938 1781 1083 1824 literas,
1115 1794 1183 1832 per
1204 1792 1299 1831 quas
1323 1791 1482 1816 mecum
1502 1777 1657 1829 agebas,
1689 1791 1737 1814 ne
1757 1790 1822 1814 eos

430 1848 665 1902 impedirem
680 1861 759 1898 quo
781 1846 913 1884 minus
935 1855 1023 1884 ante
1043 1844 1217 1883 hiemem
1238 1843 1488 1888 aedificarent,
1507 1856 1585 1881 non
1607 1856 1671 1881 eos
1692 1842 1740 1880 ad
1761 1855 1825 1880 me

431 1924 616 1953 venturos
651 1913 915 1951 arbitrabare?
953 1911 1126 1950 Tametfi
1162 1910 1202 1948 id
1237 1909 1400 1963 quidem
1429 1908 1609 1947 fecerunt
1643 1908 1824 1947 ridicule.

433 1983 541 2032 Qas
563 1980 670 2018 enim
690 1979 820 2017 literas
842 1978 1070 2022 afferebant,
1102 1985 1146 2015 ut
1167 1990 1264 2028 opus
1287 1976 1410 2015 aestate
1431 1974 1556 2013 facere
1577 1974 1741 2027 possent,
1764 1987 1825 2013 eas

433 2045 536 2085 mihi
557 2045 640 2098 post
661 2046 843 2082 brumam
864 2044 1132 2082 reddiderunt.
1166 2041 1239 2080 Sed
1260 2041 1357 2079 scito
1377 2050 1415 2079 et
1436 2040 1565 2079 multo
1585 2040 1717 2093 plures
1738 2039 1825 2085 effe,

437 2112 507 2165 qui
528 2111 575 2148 de
596 2110 756 2148 tributis
779 2109 970 2154 recusent,
993 2122 1111 2161 quam
1133 2109 1202 2161 qui
1224 2107 1330 2159 exigi
1352 2107 1504 2151 velint;
1535 2115 1573 2143 et
1595 2119 1657 2143 me
1679 2114 1826 2152 tamen,

436 2176 543 2230 quod
565 2185 601 2214 te
622 2175 721 2214 velle
742 2175 978 2220 existimem,
1001 2174 1073 2212 effe
1094 2173 1305 2212 facturum.
1331 2174 1393 2210 De
1410 2172 1602 2225 Appianis
1624 2170 1826 2210 haetenus.

438 2245 475 2282 A
492 2242 691 2286 Pausania,
711 2241 875 2279 Lentuli
896 2241 1055 2285 liberto,
1072 2239 1233 2278 accenso
1250 2253 1338 2277 meo
1355 2238 1486 2277 audivi
1502 2251 1594 2275 cum
1611 2237 1773 2282 diceret,
1793 2246 1831 2275 te

439 2309 571 2347 secum
592 2308 663 2346 effe
683 2307 879 2360 questum,
910 2306 1017 2359 quod
1040 2306 1113 2344 tibi
1134 2305 1291 2344 obviam
1313 2318 1393 2343 non
1413 2293 1637 2357 prodiffem.
1672 2304 1832 2341 Scilicet

438 2373 656 2426 contempsi
686 2383 738 2418 te,
771 2386 841 2412 nec
872 2372 997 2426 potest
1021 2372 1105 2410 fieri
1134 2385 1197 2410 me
1218 2371 1437 2424 quidquam
1459 2370 1677 2422 superbius.
1726 2370 1832 2407 Cum

442 2453 538 2493 puer
559 2448 649 2476 tuus
670 2438 716 2476 ad
737 2453 799 2477 me
821 2438 988 2477 secunda
1007 2437 1088 2476 fere
1108 2438 1244 2490 vigilia
1264 2436 1438 2481 veniss'et,
1471 2436 1579 2488 isque
1601 2445 1637 2473 te
1659 2444 1745 2473 ante
1767 2435 1832 2471 lu-

441 2520 527 2545 cem
550 2505 733 2543 Iconium
754 2504 855 2543 mihi
876 2514 1087 2545 venturum
1110 2504 1331 2549 nuntiasset,
1356 2503 1631 2554 incertumque
1653 2510 1736 2539 utra
1757 2501 1831 2545 via,

522 2573 660 2610 ToM.
694 2570 789 2609 VH„
1492 2568 1532 2604 H
