2351 2997
575 229 666 266 AD
726 227 1192 265 FAMILIARES
1254 228 1553 267 LIB.X111.
1684 244 1757 281 353

375 325 592 363 accessionis
614 324 710 362 fore.
745 324 814 361 Me
837 325 996 375 quidem
1018 338 1111 362 cum
1134 325 1279 362 Manlii
1300 325 1519 370 familiaris,
1548 335 1632 363 tum
1656 327 1754 362 Var-

375 392 495 434 ronis,
528 389 698 427 studium
719 390 949 434 commovit,
982 399 1025 427 ut
1045 390 1091 427 ad
1114 400 1149 427 te
1170 404 1287 441 quam
1310 390 1588 427 accuratiffime
1610 390 1754 426 scribe-

375 469 471 492 rem.
519 455 790 492 Gratissimum
812 454 933 505 igitur
955 455 1055 492 mihi
1075 454 1228 499 feceris,
1259 455 1285 492 fi
1306 455 1400 492 huic
1421 455 1756 493 commendationi

374 533 469 557 meae
486 529 638 557 tantum
661 520 857 564 tribueris,
876 530 1068 571 quantum
1086 521 1149 557 cui
1172 521 1342 557 tribuisti
1364 521 1602 572 plurimum3
1628 520 1665 556 id
1687 519 1753 562 est,

374 584 399 621 fi
422 586 474 622 T.
499 584 714 627 Manlium,
738 597 854 635 quam
876 585 1061 628 maxime,
1079 584 1380 635 quibuscunque
1401 584 1514 622 rebus
1535 583 1692 621 honeste
1714 597 1755 620 ac

373 663 443 700 pro
469 659 535 686 tua
563 649 753 699 dignitate
783 650 942 699 poteris,
969 649 1116 700 juveris
1147 658 1262 698 atque
1292 650 1500 686 ornaveris.
1547 650 1609 686 Ex
1640 649 1755 699 ipsius

372 724 553 766 praeterea
573 714 793 765 gratiffimis
814 722 852 750 et
873 712 1158 750 humaniffimis
1181 713 1357 750 moribus
1379 713 1570 750 confirmo
1599 713 1686 755 tibi,
1721 723 1756 749 te

371 793 477 823 eum,
510 791 627 830 quem
659 777 754 814 soles
785 776 959 814 fructum
989 791 1009 815 a
1038 777 1234 815 bonorum
1256 779 1429 816 virorum
1450 778 1589 815 officiis
1611 791 1753 829 expecm

373 854 465 889 tare,
498 844 568 881 effe
588 851 810 894 capturum.
845 843 953 881 Vale.

759 1046 999 1083 C1cssno
1051 1045 1280 1082 SERv1o
1332 1046 1368 1082 S.

373 1173 532 1211 XXIII.
559 1172 710 1244 LUC
725 1174 741 1210 Ι
756 1174 792 1210 O
824 1172 1012 1217 Cossinio,
1035 1173 1162 1210 amico
1182 1182 1220 1210 et
1242 1172 1379 1210 tribuli
1400 1182 1482 1216 tuo,
1505 1171 1615 1210 valde
1636 1172 1754 1209 fami-²

655 1238 801 1275 lIariter
822 1247 934 1275 utor:
968 1251 1057 1274 nam
1078 1247 1116 1275 et
1137 1238 1239 1274 inter
1259 1236 1513 1289 nosmetipsos
1535 1246 1645 1274 vetus
1667 1237 1755 1274 usus

372 1304 594 1348 intercedit,
612 1312 649 1341 et
671 1304 830 1341 Atticus
852 1303 978 1340 noster
996 1304 1184 1354 majorem
1206 1303 1323 1340 etiam
1345 1302 1446 1340 mihi
1467 1316 1559 1340 cum
1583 1302 1756 1340 Coffinio

371 1368 695 1406 consuetudinem
716 1366 825 1405 fecit.
859 1368 994 1419 Itaque
1017 1376 1097 1404 tota
1118 1368 1281 1405 Coffinii
1301 1367 1441 1405 domus
1464 1381 1527 1404 me
1547 1367 1693 1418 diligit,
1716 1368 1756 1404 in

371 1433 586 1485 primisque
614 1433 777 1470 libertus
807 1433 888 1484 ejus
920 1433 969 1470 L.
994 1432 1187 1470 Coffinius
1216 1431 1450 1476 Anchialus,
1482 1431 1604 1470 homo
1624 1441 1662 1470 et
1686 1445 1756 1484 pa-

372 1507 502 1542 trono,
534 1507 573 1535 et
592 1497 746 1549 patroni
768 1496 995 1541 necessariis,
1027 1497 1167 1548 quoin
1194 1510 1357 1535 numero
1382 1509 1455 1548 ego
1482 1496 1582 1541 sum,
1613 1496 1756 1548 proba-

373 1562 554 1600 tiffimus.
600 1562 723 1599 Hunc
745 1561 820 1598 tibi
841 1561 895 1598 ita
914 1560 1165 1605 commendo,
1197 1570 1256 1605 ut,
1287 1561 1313 1598 fi
1335 1574 1444 1598 meus
1466 1560 1630 1598 libertus
1651 1560 1756 1605 effet,

372 1627 589 1679 eodemque
609 1625 712 1678 apud
732 1639 794 1663 me
814 1626 903 1663 loco
923 1625 1028 1670 effet,
1046 1639 1125 1678 quo
1141 1635 1179 1664 et
1199 1626 1252 1664 est
1271 1626 1374 1678 apud
1394 1636 1604 1679 patronum
1625 1626 1754 1671 suum,

373 1694 518 1744 majore
539 1692 665 1729 studio
685 1691 958 1729 commendare
976 1704 1052 1728 non
1074 1691 1234 1742 poffem.
1268 1693 1397 1742 Qare
1413 1700 1639 1743 pergratum
1654 1691 1757 1729 mihi

373 1757 527 1801 feceris,
552 1757 575 1794 fi
597 1771 687 1794 eum
708 1757 748 1793 in
770 1757 986 1793 amicitiam
1007 1764 1114 1793 tuam
1136 1756 1352 1808 receperis;
1385 1765 1501 1807 atque
1521 1769 1626 1799 eum,
1649 1756 1756 1806 quod

375 1823 451 1860 fine
472 1822 645 1868 molestia
667 1831 732 1859 tua
752 1821 832 1865 fiat,
865 1821 890 1859 fi
911 1834 988 1873 qua
1008 1822 1048 1858 in
1070 1834 1109 1858 re
1129 1834 1227 1873 opus
1248 1821 1283 1858 ei
1304 1819 1438 1865 fuerit,
1455 1821 1617 1872 juveris.
1650 1820 1696 1858 Id
1716 1829 1755 1859 et

372 1887 473 1925 mihi
494 1886 745 1924 vehementer
765 1895 920 1937 gratum
945 1886 1033 1929 erit,
1064 1894 1102 1923 et
1130 1885 1203 1923 tibi
1231 1885 1359 1936 postea
1378 1885 1617 1937 jucundum.
1664 1885 1754 1922 Ho-

371 1953 521 1990 minem
556 1952 663 1990 enim
698 1951 849 1989 summa
881 1951 1090 2003 probitate,
1128 1949 1388 1996 humanitate,
1421 1950 1754 2004 observantiaque,

370 2017 593 2070 cognosces.
631 2017 742 2055 Vale.

757 2219 998 2257 CICERO
1049 2217 1279 2255 SERVIO
1330 2217 1368 2254 S.

373 2346 527 2386 XXIV.
554 2345 620 2417 C
637 2346 739 2384 UM
769 2355 879 2384 antea
910 2346 1110 2398 capiebam
1142 2358 1189 2383 ex
1221 2344 1353 2382 officio
1381 2357 1469 2382 meo
1496 2344 1751 2396 voluptatem,

652 2410 758 2461 quod
778 2412 1049 2456 memineram,
1076 2423 1195 2462 quam
1217 2409 1291 2447 tibi
1312 2409 1521 2460 diligenter
1543 2407 1751 2457 Lysonem,

372 2476 567 2529 hospitem
583 2485 621 2514 et
637 2474 871 2515 familiarem
887 2490 1036 2522 meum,
1054 2474 1400 2518 commendassem
1424 2483 1510 2511 tum
1526 2486 1613 2511 vero
1629 2470 1757 2523 postea

460 2543 526 2580 To
541 2555 592 2581 M.
626 2541 720 2580 VII.
1369 2539 1405 2576 Y
1436 2552 1460 2587 y
