2351 2997
495 355 535 413 ’ἑὲ

501 1462 541 1492 90

510 2259 543 2288 91

778 248 1069 290 VARIAE

587 344 609 374 1.

578 394 616 419 24
637 394 697 412 eam
713 398 725 412 v
737 392 788 411 tam

575 440 617 446 -
637 425 744 461 privare
760 425 906 460 Fprivari

578 474 614 501 ²5
638 462 892 498 iffeFPffidm-ſjb

578 506 616 531 26
637 503 757 538 ejusdem
773 515 785 529 v
796 505 847 539 ejus

578 552 615 578 27
638 543 654 570 fi
673 543 692 569 F
707 555 731 574 v,
743 542 767 573 ψ
781 541 810 568 d.

579 591 611 619 31
638 581 759 609 externis
776 581 795 608 F
811 581 931 607 extremis

575 636 615 642 —-
636 622 720 648 etiarn
737 621 756 648 F
771 621 797 648 d.

577 670 614 698 34
635 659 824 688 incolumitati
838 672 851 687 v
866 657 999 686 voluntati

576 715 615 722 —
641 701 711 727 Vale
728 700 746 727 P
762 712 775 726 υ
791 698 815 726 d.

601 749 615 768 z
638 748 696 768 erat
713 740 732 766 F
747 740 766 766 P
779 740 806 765 d.

597 789 616 815 4
636 778 855 817 proficisceretur
867 789 880 804 v
894 775 1012 804 recederet

598 819 616 847 6
636 819 710 847 enim
727 832 740 846 v
754 820 781 845 d.

581 868 611 887 11
639 866 730 886 autem
749 859 768 885 F
784 865 830 884 aut

581 908 616 927 12
638 899 723 933 idque
740 899 758 925 F
775 898 794 924 P
808 910 832 928 v,
847 896 871 929 ψ
885 901 962 932 atque

580 947 613 974 13
637 938 740 964 valeret
753 948 761 968 ;
789 937 808 963 P
821 936 925 963 valeret

582 987 618 1013 14
641 985 668 1004 tu
685 991 697 1004 υ
713 986 740 1003 tu
751 985 814 1002 vero

581 1026 590 1044 1
601 1026 615 1054 ς
639 1015 822 1043 considerabis
837 1014 862 1048 ψ
877 1010 1038 1049 conservabis

581 1057 616 1084 16
642 1056 714 1083 Vale
732 1055 749 1082 P
764 1056 790 1082 d.

582 1104 615 1131 ¹7
639 1096 683 1122 M.
706 1095 726 1122 P
741 1096 770 1122 d.

577 1150 619 1158 ——
639 1135 683 1163 M.
706 1135 725 1162 Ρ
739 1134 765 1162 d.

581 1177 616 1204 18
640 1184 684 1202 me
699 1188 711 1202 υ
725 1180 748 1202 te

581 1224 617 1243 20
638 1214 711 1242 Cum
728 1213 749 1241 F
763 1214 841 1250 Qod

579 1269 620 1276 -
640 1255 673 1283 C.
699 1255 717 1280 F
736 1249 935 1287 Pv,=11Consul

581 1303 614 1323 21
641 1303 685 1321 me
700 1294 720 1321 F
736 1295 762 1320 d.

581 1343 619 1363 22
642 1342 671 1361 ut
687 1333 706 1360 P
722 1335 747 1360 d.

582 1383 615 1409 ²5
640 1373 671 1401 fit
688 1373 755 1410 Fstt

584 1412 620 1441 26
642 1422 674 1440 ac
691 1413 710 1440 P
727 1420 773 1440 au!

606 1462 616 1480 1
642 1453 706 1481 Hoc
720 1451 746 1486 ψ
761 1453 815 1479 haec

607 1502 620 1529 5
647 1493 718 1520 Vale
735 1493 753 1520 P
769 1492 795 1518 d.

603 1534 619 1560 8
643 1532 723 1560 nobis
742 1533 761 1559 P
776 1544 800 1564 υ,
814 1530 839 1564 ψ
854 1529 924 1557 bonis

580 1587 621 1596 —-
641 1571 771 1599 certiores
787 1583 810 1600 u,
825 1571 850 1603 ψ
864 1573 978 1597 certiores
985 1570 1077 1606 faeere

602 1622 621 1649 9
642 1611 772 1639 advee’tus
787 1624 799 1638 υ
814 1611 930 1637 Δειίιιέῖια
944 1610 968 1643 ψ
982 1608 1103 1636 adduam

586 1660 622 1680 ιο
645 1653 681 1679 Α.
698 1652 724 1678 d.
742 1650 761 1677 P
780 1652 822 1677 Ad

587 1701 596 1719 1
606 1701 620 1719 z
645 1691 753 1718 Postero
768 1690 813 1717 die
828 1701 840 1716 υ
855 1689 978 1726 Pzssridie

587 1740 620 1768 13
644 1731 680 1758 ab
694 1743 707 1757 υ
720 1729 743 1756 d.

588 1780 622 1806 ¹4
646 1771 685 1798 uti
703 1769 721 1796 P
735 1777 762 1797 ut

584 1826 624 1832 —-
645 1810 754 1838 Maleas
770 1807 797 1835 in
814 1808 834 1835 P
849 1820 872 1839 v,
884 1806 908 1840 ψ
922 1807 1012 1835 Maias

590 1860 622 1887 ¹5
646 1850 704 1886 ejus
721 1847 777 1876 diei
793 1848 813 1875 P
828 1849 853 1874 d.
870 1847 895 1881 ψ
910 1847 978 1874 illms
992 1846 1043 1872 diei

589 1892 624 1918 16
646 1891 714 1917 hora
728 1887 837 1915 decima
851 1887 870 1914 P
885 1900 909 1919 v,
922 1886 947 1922 ψ
962 1887 1049 1914 horam
1063 1884 1184 1911 decimam

589 1976 623 1997 125
646 1978 661 1995 a
676 1968 706 1995 P.
725 1966 824 2003 Magio
839 1979 851 1992 v
868 1977 884 1993 a
897 1976 986 2003 magna

584 2024 624 2031 -—
646 2008 766 2035 Chilone
782 2004 807 2039 ψ
823 2005 909 2032 (ΣὶΙωιε

588 2058 620 2078 21
647 2046 777 2084 Magium
794 2058 806 2072 v
820 2044 945 2082 Magnum

589 2098 623 2116 22
645 2095 774 2125 cogerem
792 2085 812 2112 P
827 2083 853 2118 ψ
865 2087 889 2112 d.
906 2098 918 2112 v
932 2084 1040 2112 ducerem

589 2137 623 2164 ²3
648 2128 752 2155 Piraeeo
767 2138 778 2151 ν
796 2126 887 2161 Epyreo

589 2177 627 2203 24
649 2165 764 2194 Acidini
781 2165 800 2192 P
817 2165 944 2192 Ashadini

590 2208 625 2236 26
648 2204 798 2233 deterrimo
812 2218 824 2231 υ
839 2206 965 2232 tetesrimo

611 2249 626 2275 8
651 2246 733 2273 iidem
751 2244 774 2277 xla
788 2246 864 2271 :Iidem

594 2296 628 2322 14
651 2287 727 2313 nulla
741 2299 766 2319 v,
782 2285 806 2316 ψ
821 2283 872 2311 alla

590 2336 626 2355 22
650 2326 735 2361 Qod
751 2327 768 2352 P
787 2324 860 2359 :Quid

588 2382 628 2388 —-
649 2365 770 2401 abjeftus
789 2364 808 2390 P
823 2363 935 2400 ads'eHus

591 2415 626 2442 23
650 2404 786 2432 sustemab
798 2412 831 2429 vm
847 2401 1023 2438 usiastinebam

588 2460 627 2468 —
651 2444 778 2471 veniebat
795 2442 819 2476 ψ
834 2450 908 2468 vemt

592 2495 630 2520 24
651 2493 734 2521 quam
751 2483 885 2520 gaudexe,
903 2479 979 2517 quod
995 2477 1116 2506 viverem
1134 2489 1146 2505 υ
1159 2477 1186 2504 d.

592 2535 626 2562 25
652 2523 762 2561 pepulit
777 2535 789 2550 υ
800 2520 925 2559 papalem

592 2574 627 2601 27
650 2562 833 2592 nihilominus
847 2574 860 2589 v
874 2558 943 2589 nihil
954 2559 1034 2587 minus

1256 350 1275 377 P

1259 360 1292 416 9'1

1262 583 1298 612 92

1265 1177 1300 1205 93

1267 1809 1307 1839 94

1271 2206 1305 2235 95

1149 242 1704 284 LECTIONES.

1341 337 1376 405 238
1399 376 1452 404 hoc
1469 376 1494 410 ψ
1509 378 1535 405 d.

1341 425 1377 452 29
1400 425 1463 444 cum
1480 417 1501 444 P
1515 424 1569 445 tum

1334 470 1380 479 -—
1400 454 1614 483 familiarissimis
1629 468 1642 483 v
1655 453 1907 492 cotffamiliartffimis

1341 505 1373 533 3¹
1402 495 1626 523 benevolentiam
1648 495 1849 523 vbenevolcntia

1339 550 1378 557 —-
1401 544 1444 561 me
1460 548 1472 562 v
1486 537 1513 563 d.

1363 585 1377 612 3
1402 573 1486 601 etiam
1501 588 1514 602 v
1527 578 1604 602 etiam
1618 582 1641 602 et
1655 575 1733 611 ipfim
1745 574 1769 608 ψ
1780 577 1858 602 etiam
1872 574 1952 611 ipsum

1361 625 1376 654 5
1399 622 1427 642 et
1441 628 1453 642 v
1467 623 1490 642 et
1504 615 1570 642 mihi

1361 655 1379 682 6
1402 654 1572 682 Obtinemus
1586 667 1599 682 υ
1614 653 1779 682 obtinebimus

1359 704 1377 732 9
1400 694 1482 721 rebus
1497 707 1510 722 υ
1525 695 1550 721 d.

1346 743 1379 770 ¹3
1401 734 1451 771 qui
1469 733 1495 767 ’ψ
1509 737 1572 771 quia

1342 789 1380 794 —-
1402 781 1449 800 aut
1464 787 1477 801 v
1492 773 1596 810 aliquid

1347 822 1381 849 14
1402 812 1528 840 sontibus
1543 811 1708 849 vsumptibus

1348 861 1380 889 ις
1403 852 1544 889 quondam
1559 853 1584 884 ψ
1597 853 1708 890 quadam

1347 892 1381 919 16
1404 891 1565 918 amiciffimo
1580 905 1593 918 υ
1609 891 1776 927 amantiffi'mo

1347 940 1379 967 17
1405 931 1511 967 poss‘urn
1530 930 1652 967 abpoffim

1347 979 1384 1006 24
1405 969 1494 997 studia
1507 982 1520 996 v
1534 970 1681 1007 mastudia

1346 1019 1380 1047 25
1404 1009 1480 1047 quod
1497 1022 1509 1036 v
1523 1011 1620 1046 quidem

1342 1064 1383 1070 —-
1403 1048 1509 1086 possum
1524 1062 1536 1076 υ
1551 1049 1575 1076 d.

1347 1088 1382 1116 26
1404 1089 1575 1124 attendoque
1589 1101 1602 1116 υ
1616 1087 1762 1124 attendoque
1776 1097 1822 1114 non
1832 1085 1925 1124 peffcm
1945 1084 1970 1118 ψ

1449 1129 1594 1166 attendoque
1603 1129 1696 1164 pqffum

1366 1177 1384 1203 4
1404 1167 1507 1205 quibus
1523 1168 1542 1195 P
1557 1179 1574 1195 a
1589 1168 1678 1205 quibus

1364 1208 1381 1234 6
1403 1206 1549 1235 omiseram
1562 1207 1587 1242 ψ
1601 1207 1767 1243 commiseram

1363 1256 1380 1284 9
1403 1247 1495 1274 adhuc
1510 1260 1522 1274 υ
1537 1248 1578 1275 hic

1345 1301 1386 1308 —-
1406 1294 1481 1314 certe
1495 1287 1520 1320 ψ
1535 1296 1601 1314 certo

1350 1335 1379 1354 11
1407 1327 1514 1354 Caetera
1533 1327 1551 1354 P
1567 1328 1591 1361 ψ
1607 1327 1759 1363 Caeleraque

1349 1375 1358 1393 1
1369 1375 1382 1402 3
1407 1375 1468 1393 mea
1480 1366 1506 1399 ψ
1520 1367 1584 1394 mibi

1350 1415 1359 1433 1
1369 1415 1386 1441 4
1407 1405 1460 1432 hoc
1476 1419 1489 1433 v
1503 1408 1529 1433 d.

1349 1454 1382 1482 ις
1406 1445 1457 1472 effe
1472 1446 1491 1473 P
1507 1445 1531 1478 ψ
1547 1452 1570 1473 te
1583 1446 1624 1482 effi

1350 1486 1384 1512 16
1407 1492 1433 1512 te
1447 1493 1522 1512 orem
1540 1486 1559 1513 P
1573 1499 1597 1517 υ,
1613 1485 1638 1519 ψ
1651 1484 1734 1511 horter
1766 1496 1770 1499 -

1349 1526 1382 1552 18
1405 1524 1521 1561 ingenio
1542 1523 1568 1560 ψ
1584 1527 1681 1561 ingenio
1700 1523 1873 1560 industriaque
1886 1527 1971 1559 perce-

1349 1611 1385 1630 20
1405 1565 1550 1630 haepezlelbcc

1349 1651 1383 1679 23
1409 1642 1479 1669 Vale
1496 1643 1513 1668 P
1529 1654 1542 1668 υ
1557 1642 1582 1669 d.

1349 1691 1387 1717 24
1408 1682 1523 1709 Plancio
1538 1681 1562 1715 ψ
1577 1681 1672 1708 Planco

1349 1724 1385 1749 26
1407 1721 1584 1759 gratulabare
1599 1721 1618 1748 P
1629 1718 1840 1757 congratulabare

1349 1770 1381 1798 31
1409 1761 1487 1798 poffis
1504 1761 1523 1788 P
1538 1760 1708 1798 vpoffi‘slaed.

1369 1802 1384 1829 8
1407 1801 1596 1838 videbamque
1610 1813 1623 1828 v
1638 1799 1755 1827 videbam
1769 1805 1861 1836 quanto

1353 1849 1389 1876 ¹4
1409 1840 1466 1868 haec
1481 1853 1505 1873 v,
1519 1841 1544 1873 ψ
1558 1841 1601 1868 hoc

1353 1889 1385 1918 ¹5
1410 1880 1553 1911 timidum,
1574 1893 1587 1907 u
1602 1880 1688 1907 timidi

1350 1929 1384 1956 ²3
1410 1928 1532 1947 veterum
1547 1919 1572 1952 ψ
1583 1928 1696 1946 veterum
1710 1918 1865 1945 inimicorum

1350 1969 1388 1995 24
1409 1959 1494 1986 etiam
1509 1959 1529 1986 P
1545 1972 1558 1985 v
1569 1958 1617 1986 vel
1626 1961 1702 1985 etiam
1716 1958 1742 1991 ψ
1756 1956 1803 1985 vel

1352 2009 1385 2035 25
1409 1999 1505 2030 velim,
1532 1996 1558 2032 ψ
1572 1997 1650 2026 velim
1662 2008 1687 2025 eo

1352 2040 1387 2066 28
1411 2038 1463 2065 tibi
1478 2038 1577 2071 *Lmihi

1354 2087 1390 2115 30
1413 2077 1464 2104 effe
1484 2077 1576 2113 slafere

1352 2127 1387 2154 32
1410 2124 1484 2144 certe
1499 2130 1511 2144 u
1526 2118 1552 2145 d.

1352 2167 1389 2195 34
1411 2157 1482 2184 Vale
1497 2157 1517 2184 P
1532 2157 1558 2185 d.

1372 2207 1387 2225 2
1411 2203 1471 2224 tuas
1487 2196 1580 2223 literas
1597 2195 1618 2222 F
1632 2193 1723 2222 literas
1736 2194 1840 2231 vestras
1854 2190 1874 2219 P
1887 2191 1972 2228 φιβα-

1451 2236 1490 2263 las
1504 2243 1563 2264 tuas

1349 2291 1389 2297 —
1409 2275 1436 2303 id
1453 2289 1466 2303 v
1480 2277 1506 2303 d.

1373 2325 1386 2352 3
1410 2314 1534 2353 cognovi
1543 2321 1634 2341 autem
1650 2312 1679 2340 id
1690 2312 1767 2351 quod
1778 2309 1848 2340 mihi
1858 2307 1976 2337 dubium

1456 2364 1510 2382 non
1529 2354 1592 2381 fuit.
1607 2354 1632 2388 ᾧ
1645 2354 1672 2381 a'.

1371 2402 1387 2429 7
1411 2395 1493 2422 scribi
1510 2395 1606 2429 Fsc1re

1355 2443 1364 2461 1
1376 2442 1386 2462 1
1411 2443 1438 2462 et
1455 2435 1473 2462 F
1491 2434 1509 2461 P
1525 2442 1570 2461 aut

1355 2483 1364 2500 1
1374 2483 1387 2510 3
1415 2482 1440 2501 te
1456 2473 1481 2509 ψ
1495 2484 1531 2501 me

1350 2529 1393 2536 —
1414 2523 1458 2541 me
1474 2513 1499 2547 ψ
1512 2520 1536 2540 te

1351 2569 1391 2578 --
1412 2553 1482 2583 Vale
1497 2553 1518 2581 P
1536 2552 1562 2581 d.
