2351 2997
555 256 647 293 AD
706 250 1173 292 FAMILIARES
1235 249 1366 287 LIB.
1418 249 1534 286 XIII.
1664 262 1736 300 345

586 489 648 526 Μ.
682 490 734 526 Τ.
769 488 1009 526 C1cl-:Ro
1052 488 1258 524 BRUTO
1301 487 1337 524 S.
1373 486 1416 523 P.
1451 486 1503 523 D.

355 618 453 656 XII.
481 617 677 689 ALIA
707 614 866 667 epistola
895 613 1161 651 communiter
1189 612 1462 650 commendavi
1487 611 1561 649 tibi
1590 612 1736 663 legatos

589 681 857 733 Arpinatium,
890 687 932 716 ut
957 679 1069 730 potui
1091 677 1409 729 diligentiffime:
1442 677 1514 715 hac
1536 677 1739 728 separatim

361 747 657 800 QuFufidium,
689 758 886 796 quo-cum
909 743 1010 781 mihi
1030 756 1165 781 omnes
1187 742 1482 780 neceffitudines
1510 742 1612 786 sunt,
1645 742 1738 778 dili-

358 814 514 866 gentius
549 810 812 854 commend03
846 823 924 847 non
959 818 1003 846 ut
1037 807 1187 860 aliquid
1222 808 1268 845 de
1300 808 1368 844 illa
1399 808 1740 845 commendatione

361 878 646 921 comminuam,
678 875 741 913 sed
763 884 804 912 ut
832 874 932 911 hanc
954 873 1106 911 addam.
1154 873 1260 910 Nam
1290 881 1329 910 et
1357 873 1560 924 privignus
1591 872 1643 909 est
1674 871 1738 908 M.

363 944 489 988 Caefii,
512 943 589 980 mei
610 941 781 979 maxime
801 950 838 977 et
859 939 1061 976 familiaris
1082 947 1121 976 et
1141 937 1358 982 neceffarii3
1381 947 1419 975 et
1439 937 1517 974 fuit
1537 938 1577 974 in
1600 937 1744 974 Cilicia

362 1022 521 1047 mecum
553 1007 733 1045 tribunus
766 1005 943 1042 militum
963 1019 970 1042 ε
1004 1017 1083 1056 quo
1104 1004 1145 1041 in
1166 1016 1326 1041 munere
1347 1003 1401 1040 ita
1420 1002 1456 1040 se
1478 1003 1666 1046 tractavit,
1698 1011 1743 1039 ut

361 1073 545 1126 accepiffe
565 1073 612 1110 ab
633 1086 678 1109 eo
700 1070 936 1108 beneficium
956 1069 1118 1114 viderer,
1150 1082 1228 1106 non
1261 1068 1416 1106 dediffe.
1463 1067 1530 1105 Est
1563 1077 1744 1119 praeterea

364 1138 489 1191 (quod
510 1137 611 1190 apud
633 1146 669 1174 te
690 1136 790 1174 valet
811 1134 1049 1187 plurimum)
1068 1147 1088 1171 a
1104 1133 1240 1171 nostris
1262 1132 1396 1170 studiis
1415 1146 1492 1170 non
1514 1132 1741 1170 abhorrens.

365 1206 495 1255 Qare
515 1203 634 1240 velim
655 1215 745 1239 eum
767 1213 886 1253 quarn
908 1199 1168 1237 liberaliffime
1189 1198 1447 1250 complectare
1465 1217 1474 1241 ;
1507 1211 1744 1250 operamque

363 1269 444 1314 des,
476 1277 520 1306 ut
547 1268 587 1305 in
608 1280 651 1304 ea
670 1266 878 1318 legatione,
910 1278 1029 1316 quam
1057 1264 1223 1316 suscepit
1255 1272 1390 1301 contra
1422 1263 1534 1300 suum
1562 1276 1744 1300 commo-

365 1334 476 1377 dum,
509 1333 661 1370 secutus
683 1330 952 1369 auctoritatem
973 1342 1116 1373 meam,
1147 1342 1266 1380 quam
1287 1327 1458 1366 maxime
1478 1329 1559 1380 ejus
1580 1328 1746 1365 excellat

365 1399 566 1437 industria.
599 1397 699 1434 Vult
719 1397 840 1440 enim,
872 1394 911 1432 id
933 1394 1039 1447 quod
1060 1394 1213 1446 optimo
1234 1395 1377 1446 cuique
1396 1403 1532 1431 natura
1551 1394 1748 1431 tributum

367 1465 436 1510 est,
468 1477 587 1516 quam
617 1462 830 1500 maximam
859 1459 1030 1505 laudem,
1062 1473 1155 1497 cum
1175 1473 1195 1497 a
1215 1459 1343 1504 nobis,
1375 1459 1444 1511 qui
1470 1472 1561 1496 eum
1581 1459 1747 1511 impuli-

367 1544 472 1576 mus,
505 1539 590 1568 tum
615 1543 635 1566 a
661 1527 895 1580 municipio,
927 1526 1140 1578 consequi:
1174 1525 1280 1578 quod
1307 1525 1343 1562 ei
1368 1525 1587 1578 continget,
1618 1525 1644 1562 fi
1676 1523 1750 1562 hac

368 1609 454 1634 mea
492 1593 832 1632 commendatione
860 1600 986 1637 *tuum
1025 1604 1114 1643 erga
1152 1590 1188 1628 se
1226 1589 1398 1628 studium
1443 1590 1517 1628 erit
1562 1588 1749 1628 consecu-

368 1670 449 1700 tus.
483 1659 592 1698 Vale.

598 1860 662 1898 M.
695 1860 748 1897 T.
783 1860 1023 1897 CICERO
1066 1859 1272 1896 BRUTO
1313 1856 1350 1895 S.
1385 1857 1429 1895 P.
1463 1856 1517 1894 D.

370 1991 488 2030 XIII.
514 1987 776 2059 LUCIUS
799 1987 1022 2025 Castronius
1042 1987 1184 2030 Paetus,
1201 1986 1318 2038 longe
1340 1985 1520 2037 princeps
1542 1984 1751 2036 municipii

612 2052 812 2096 Lucenfis‚
841 2052 894 2089 est
914 2051 1111 2096 honestus,
1133 2051 1273 2103 gravis,
1296 2051 1435 2103 plenus
1457 2050 1592 2094 offici1‚
1625 2050 1752 2087 bonus

373 2122 486 2175 plane
507 2119 579 2163 vir,
610 2127 648 2155 et
668 2131 760 2155 cum
781 2117 1008 2161 virtutibus,
1042 2126 1128 2154 tum
1148 2117 1267 2153 etiam
1288 2116 1460 2160 fortuna,
1492 2115 1518 2153 fi
1548 2115 1644 2167 quid
1677 2113 1753 2151 hoc

374 2186 421 2224 ad
442 2198 523 2223 rem
544 2183 726 2236 pertinet,
759 2190 915 2220 ornatus
935 2197 944 2220 :
977 2195 1086 2219 meus
1108 2190 1237 2219 autem
1259 2180 1311 2218 est
1338 2179 1671 2224 familiariffimus,
1704 2180 1753 2216 fic

374 2251 543 2304 prorsus,
562 2258 605 2286 ut
626 2248 744 2286 nostri
765 2247 912 2285 ordinis
933 2248 1108 2285 observet
1128 2248 1328 2284 neminem
1348 2246 1593 2298 diligentius.
1624 2247 1755 2295 Qare

377 2325 420 2354 ut
441 2326 478 2354 et
499 2329 632 2352 meum
652 2314 840 2358 amicum,
866 2323 904 2351 et
925 2322 992 2352 tua
1011 2313 1176 2364 dignum
1198 2312 1384 2356 amicitia,
1407 2312 1480 2349 tibi
1501 2310 1751 2349 commende.

377 2383 456 2421 Cui
487 2380 787 2434 quibuscunque
818 2381 931 2418 rebus
964 2379 1287 2424 commodaveris,
1319 2378 1394 2416 tibi
1414 2377 1588 2431 profecto
1604 2378 1751 2428 jucun-

375 2449 489 2492 dum,
522 2445 622 2484 mihi
642 2455 746 2484 certe
765 2445 837 2484 erit
858 2456 1028 2498 gratum.
1063 2445 1172 2483 Vale.

461 2515 597 2551 ToM.
629 2512 724 2551 VII.
1365 2505 1402 2547 X
1431 2521 1456 2546 x
