2351 2997
513 246 590 286 344
883 231 1565 270 EPISTOLARUM

511 333 538 370 si
560 346 621 369 me
644 331 741 369 tanti
762 330 871 376 facis,
904 332 1040 383 quanti
1061 340 1099 368 et
1121 332 1242 368 Varro
1263 331 1469 374 existimat,
1501 338 1538 367 et
1566 329 1643 381 ipse
1676 329 1811 374 sentio,
1845 339 1888 368 ut

511 410 631 448 quam
652 397 824 447 primum
846 396 1080 447 intelligam,
1112 394 1212 432 hanc
1240 408 1366 432 meam
1394 394 1775 432 commendationem
1803 404 1889 431 tan-

513 470 599 498 tum
620 461 680 497 illi
701 461 882 497 utilitatis
905 460 1084 503 attulisse,
1117 468 1309 510 quantum
1339 468 1378 496 et
1407 458 1485 509 ipse
1515 458 1686 509 sperarit,
1718 473 1788 497 nec
1818 472 1889 510 ego

512 525 741 563 dubitarim.
775 525 885 562 Vale.

743 724 805 762 M.
839 725 891 761 T.
926 724 1165 761 CICERO
1207 724 1414 761 BRUTO
1456 725 1493 762 S.
1527 724 1571 762 P.
1605 724 1658 762 D.

513 853 586 891 XI.
612 852 735 939 Οἱ]
750 852 813 890 IA
843 852 991 903 semper
1011 849 1279 893 animadverti,
1302 850 1466 888 studiose
1488 860 1524 889 te
1544 864 1701 904 operam
1722 850 1823 895 dare,
1847 859 1890 888 ut

719 931 767 954 ne
788 916 884 968 quid
908 928 1087 953 meorum
1115 914 1191 951 tibi
1219 913 1309 951 effet
1338 915 1548 965 ignotum3
1582 925 1783 967 propterea
1811 928 1890 952 non

512 983 668 1027 dubito,
700 983 797 1034 quin
818 981 927 1025 scias,
959 994 1038 1017 non
1059 979 1185 1016 solum
1205 980 1317 1031 cujus
1339 981 1550 1032 municipii
1575 981 1658 1024 fim,
1690 980 1753 1018 sed
1773 980 1891 1018 etiam

512 1061 631 1099 quam
652 1047 861 1098 diligenter
881 1045 1021 1083 soleam
1042 1057 1148 1082 meos
1167 1044 1390 1096 municipes
1407 1046 1614 1096 Arpinates
1637 1045 1751 1082 tueri.
1776 1045 1890 1095 Qo-

513 1126 601 1151 rum
623 1113 783 1164 quidem
806 1111 938 1148 onmia
962 1109 1170 1147 commoda
1197 1109 1409 1160 omnesque
1438 1108 1657 1154 facultates,
1689 1108 1833 1161 quibus
1854 1117 1893 1146 et

512 1178 615 1214 sacra
648 1176 853 1220 conficere,
896 1184 935 1212 et
970 1175 1065 1211 farta
1099 1176 1197 1211 tecla
1229 1173 1373 1211 aedium
1409 1173 1599 1211 sacrarum
1635 1174 1893 1224 locorumque

513 1243 789 1280 communium
812 1240 925 1284 tueri,
958 1239 1112 1291 possint,
1140 1238 1351 1276 consistunt
1372 1239 1412 1275 in
1433 1238 1494 1276 his
1516 1239 1785 1290 vectigalibus,
1808 1252 1893 1290 quae

512 1307 659 1345 habent
680 1308 720 1344 in
742 1306 942 1358 provincia
963 1305 1107 1342 Gallia.
1140 1304 1205 1341 Ad
1225 1318 1267 1342 ea
1288 1304 1454 1349 visenda,
1477 1304 1751 1357 pecuniasque,
1769 1318 1853 1356 quae
1874 1317 1894 1340 a

514 1373 664 1409 colonis
687 1372 891 1415 debentur,
910 1369 1132 1421 exigendas,
1151 1378 1352 1420 totamque
1373 1383 1453 1407 rem
1470 1377 1507 1407 et
1528 1369 1834 1420 cognoscendam
1855 1377 1895 1406 et

514 1437 870 1480 administrandam,
903 1435 1049 1486 legatos
1081 1434 1232 1485 equites
1264 1435 1465 1471 Romanos
1499 1434 1672 1471 misimus
1704 1432 1892 1483 QFufi-

512 1503 626 1540 dium
648 1503 772 1553 QF.
797 1502 860 1539 M.
886 1500 1079 1538 Faucium
1100 1500 1163 1537 M.
1188 1500 1234 1537 F.
1259 1499 1588 1550 QMamercum
1609 1500 1733 1550 QP.
1758 1499 1854 1535 Peto
1874 1511 1895 1534 a

514 1577 553 1605 te
573 1569 761 1619 majorem
782 1567 821 1603 in
840 1565 1022 1609 modum,
1055 1577 1125 1616 pro
1145 1563 1271 1602 nostra
1291 1564 1582 1608 neceffitudine‚
1615 1573 1658 1600 ut
1680 1564 1753 1601 tibi
1774 1577 1815 1601 ea
1836 1577 1893 1600 res

514 1646 615 1670 curae
638 1633 695 1677 fit,
727 1645 963 1683 operamque
984 1631 1064 1674 des,
1094 1639 1138 1667 ut
1158 1643 1225 1682 per
1246 1638 1282 1666 te
1303 1643 1421 1681 quam
1441 1628 1752 1666 commodissime
1773 1642 1894 1680 nego-

514 1698 617 1734 tium
640 1697 850 1747 municipii
870 1694 1173 1738 administretur,
1206 1707 1323 1745 quam
1353 1694 1606 1746 primumque
1635 1693 1892 1738 conficiatur5

514 1762 706 1814 ipsosque,
739 1774 908 1813 quorum
930 1760 1090 1797 nomina
1111 1759 1254 1811 scripfi,
1288 1768 1330 1796 ut
1360 1773 1479 1811 quam
1508 1758 1896 1796 honorificentissime

514 1840 586 1879 pro
608 1836 672 1864 tua
693 1836 841 1870 natura,
873 1834 910 1862 et
931 1838 1048 1876 quam
1069 1824 1346 1867 liberaliffime,
1379 1825 1529 1861 tractes.
1577 1825 1704 1861 Bonos
1727 1823 1827 1860 viros
1849 1822 1895 1860 ad

515 1901 623 1929 tuam
645 1891 962 1928 necessitudinem
984 1890 1234 1940 adjunxeris,
1267 1889 1611 1940 municipiumque
1638 1888 1895 1939 gratillimum

516 1956 708 1993 beneficio
731 1964 798 1992 tuo
820 1944 1065 1991 devinxeris:
1099 1953 1199 1990 mihi
1230 1967 1319 1990 vero
1346 1953 1464 1989 etiam
1494 1966 1539 1989 eo
1569 1954 1715 2003 gratius
1742 1952 1893 1996 feceris,

515 2020 622 2071 quod
643 2033 734 2057 cum
757 2019 905 2070 semper
926 2018 1024 2055 tueri
1045 2018 1264 2069 municipes
1286 2031 1392 2054 meos
1414 2017 1610 2060 consuevi,
1634 2026 1719 2054 tum
1740 2016 1805 2054 hic
1826 2030 1895 2053 an-

515 2099 589 2123 nus
611 2085 805 2136 praecipue
825 2083 870 2120 ad
892 2096 1018 2120 meam
1035 2096 1167 2120 curam
1185 2083 1440 2133 officiumque
1457 2082 1639 2133 pertinet.
1673 2082 1777 2119 Nam
1800 2095 1896 2118 con-

515 2150 699 2188 stituendi
721 2149 931 2200 municipii
961 2148 1083 2193 causa,
1117 2148 1191 2186 hoc
1212 2161 1314 2184 anno
1336 2147 1488 2184 aedilem
1510 2147 1638 2184 filium
1661 2161 1793 2184 meum
1815 2147 1897 2184 fieri

516 2216 640 2260 volui,
658 2224 696 2252 et
717 2214 844 2252 fratris
866 2214 1009 2258 filium,
1032 2224 1069 2251 et
1091 2215 1153 2251 M.
1175 2214 1355 2257 Caesium,
1380 2212 1582 2251 hominem
1605 2211 1706 2249 mihi
1729 2213 1898 2250 maxime

517 2281 782 2325 necessarium,
818 2281 867 2331 (is
903 2281 1007 2317 enim
1044 2279 1287 2330 magistratus
1324 2280 1363 2315 in
1399 2278 1526 2315 nostro
1560 2278 1794 2329 municipio,
1827 2291 1897 2314 nec

518 2348 615 2385 alius
637 2346 757 2390 ullus,
780 2347 899 2382 creari
920 2345 1033 2394 solet)
1058 2358 1155 2396 quos
1177 2343 1452 2387 cohonestaris,
1476 2343 1515 2380 in
1538 2343 1751 2394 primisque
1772 2356 1848 2386 me,
1872 2343 1898 2380 fi

519 2412 736 2465 respublica
755 2410 962 2462 municipii
987 2420 1054 2447 tuo
1075 2410 1200 2448 studio
1221 2418 1258 2446 et
1280 2409 1484 2459 diligentia
1514 2408 1611 2445 bene
1637 2407 1899 2445 administrata

515 2479 605 2518 crit.
638 2476 757 2528 Qod
781 2484 822 2515 ut
844 2475 975 2520 facias,
1000 2484 1035 2513 te
1056 2474 1305 2513 vehementer
1325 2474 1443 2511 etiam
1465 2482 1580 2526 atque
1601 2474 1718 2511 etiam
1739 2485 1848 2524 rogo,
