2351 2997
608 297 702 336 AD
763 293 1232 333 FAMILIARES
1297 293 1430 331 LIB.
1485 292 1535 331 V.
1713 307 1785 344 109

393 401 542 452 semper
571 410 591 434 a
620 410 683 435 me
713 394 966 434 vehementer
990 392 1254 446 expetitatum‚
1288 402 1417 431 tamen
1439 393 1536 430 vicit
1556 392 1787 444 opinionem

392 478 535 508 meam,
566 476 709 514 meque
739 462 792 500 ita
822 461 881 499 vel
912 460 1032 513 cepit,
1065 460 1124 497 vel
1155 458 1347 503 incendit,
1380 469 1423 497 ut
1453 472 1637 511 cuperem
1668 472 1786 510 quam

392 530 595 568 celerrime
626 543 683 566 res
718 528 862 566 nostras
895 527 1167 565 monumentis
1201 526 1471 563 commendari
1506 525 1597 563 tuis.
1645 525 1788 576 Neque

391 597 501 634 enim
530 609 594 633 me
624 594 751 633 solum
781 593 1108 631 commemoratio
1130 591 1363 643 posteritatis
1386 591 1431 628 ad
1462 591 1567 643 spem
1590 590 1787 642 quandam

393 660 703 701 immortalitatis
726 659 847 711 rapit3
872 658 934 695 sed
956 658 1074 695 etiam
1096 657 1164 694 illa
1184 656 1395 709 cupiditas,
1414 656 1474 693 vel
1498 665 1540 693 ut
1561 657 1788 694 auetoritate

393 726 607 766 testimonii
640 726 713 770 tui,
745 725 805 763 vel
831 724 981 761 indicio
1003 722 1300 767 benevolentiae,
1333 722 1393 759 vel
1415 721 1600 759 suavitate
1621 723 1786 774 ingenii,

393 795 471 832 vivi
495 791 755 847 perfruamur.
789 791 933 842 Neque
954 798 1102 834 tamen,
1125 788 1207 826 haec
1224 802 1316 827 cum
1340 788 1572 833 scribebam,
1596 801 1698 826 eram
1718 802 1788 826 ne-

393 860 510 905 scius,
539 858 698 912 quantis
726 857 911 895 oneribus
942 869 1159 908 premerere
1190 855 1454 907 susceptarum
1485 868 1615 892 rerum
1644 863 1683 892 et
1704 856 1790 906 jam

392 930 684 969 institutarum:
710 928 772 966 sed
793 928 885 980 quia
906 926 1087 965 videbam
1109 926 1238 963 Italici
1261 925 1357 963 belli
1378 934 1416 962 et
1437 925 1565 963 civilis
1587 924 1787 963 historiam

387 997 473 1048 jam
489 1010 510 1033 a
526 1005 563 1033 te
579 1008 677 1048 pene
694 993 765 1032 effe
786 992 1014 1046 perstd'cam,
1032 992 1182 1031 dixeras
1204 1001 1337 1029 autem
1357 990 1460 1028 mihi
1482 1001 1518 1028 te
1540 991 1706 1043 reliquas
1729 1005 1787 1029 res

394 1061 544 1106 ordiri3
577 1059 699 1098 deeffe
728 1058 830 1097 mihi
856 1058 982 1102 nolui,
1014 1057 1111 1109 quin
1141 1066 1179 1096 te
1208 1056 1474 1101 admonerem,
1508 1065 1552 1094 ut
1581 1056 1787 1109 cogitares,

394 1128 657 1179 conjun&ene
677 1125 813 1162 malles
835 1138 928 1162 cum
950 1123 1111 1176 reliquis
1134 1122 1248 1161 rebus
1272 1122 1398 1160 nostra
1418 1131 1640 1167 contexere,
1658 1135 1721 1167 an,
1745 1131 1789 1160 ut

394 1192 515 1231 multi
537 1192 668 1230 Graeci
688 1190 882 1235 fecerunt,
916 1188 1175 1227 Callisthenes
1197 1189 1394 1227 Troicum
1416 1188 1582 1233 bellum,
1610 1188 1789 1226 Timaeus

396 1256 552 1310 Pyrrhi,
586 1257 776 1309 Polybius
808 1255 1135 1300 Numantinum,
1169 1255 1238 1307 qui
1268 1268 1404 1292 omnes
1435 1268 1455 1292 a
1484 1255 1682 1308 perpetuis
1712 1254 1788 1292 suis

394 1323 566 1362 historiis
601 1336 657 1368 ea,
694 1336 781 1376 quae
815 1321 914 1367 dixi,
951 1321 1054 1359 bella
1089 1321 1386 1373 separaverunt;
1420 1330 1462 1358 tu
1499 1334 1658 1374 quoque
1692 1321 1789 1360 item

394 1390 555 1428 civilem
577 1389 892 1442 conjurationem
921 1388 968 1425 ab
998 1386 1208 1425 hostilibus
1238 1386 1487 1439 externisque
1517 1387 1631 1424 bellis
1657 1386 1789 1439 sejun-

392 1470 518 1510 geres.
566 1455 767 1509 Equidem
795 1455 841 1493 ad
862 1454 1032 1493 nostram
1052 1454 1210 1492 laudem
1232 1467 1311 1491 non
1333 1453 1509 1492 multum
1529 1453 1644 1491 video
1665 1454 1788 1492 inter-

393 1523 490 1562 effe:
515 1522 578 1561 sed
599 1522 645 1560 ad
667 1522 983 1576 properationem
1004 1534 1132 1559 meam
1154 1519 1343 1573 quiddam
1365 1520 1535 1565 interest,
1559 1533 1638 1557 non
1661 1530 1698 1557 te
1718 1534 1788 1559 ex-

395 1591 546 1643 pec'tare
567 1589 663 1627 dum
687 1589 733 1626 ad
764 1588 899 1626 locum
929 1588 1075 1632 venias,
1107 1600 1150 1624 ac
1179 1586 1308 1624 statim
1340 1586 1493 1624 causam
1523 1586 1634 1624 illam
1666 1596 1790 1625 totam

395 1664 435 1693 et
467 1664 623 1708 tempus
656 1655 835 1707 arripere.
883 1655 937 1691 Et
964 1653 1078 1691 simul
1107 1653 1133 1690 fi
1155 1666 1234 1690 uno
1256 1652 1295 1689 in
1319 1661 1552 1704 argumento
1574 1666 1727 1705 unaque
1748 1654 1790 1691 in

396 1720 558 1774 persona
587 1734 697 1758 mens
729 1730 796 1757 tua
830 1728 911 1756 tota
940 1718 1168 1763 versabitur,
1201 1732 1317 1756 cerno
1347 1719 1430 1770 jam
1462 1718 1609 1763 animo,
1642 1727 1791 1770 quanto

395 1788 529 1825 omnia
550 1787 728 1824 uberiora
748 1796 864 1838 atque
881 1786 1075 1824 ornatiora
1090 1784 1222 1822 futura
1239 1785 1326 1822 fint.
1359 1785 1502 1837 Neque
1524 1794 1653 1822 tamen
1672 1785 1787 1837 igno-

396 1868 453 1898 ro,
485 1867 605 1906 quam
626 1852 878 1906 impudenter
898 1851 1056 1896 faciam,
1090 1851 1158 1904 qui
1190 1851 1366 1903 primum
1389 1851 1463 1888 tibi
1486 1861 1640 1889 tantum
1662 1851 1790 1889 oneris

397 1921 617 1972 imponam,
652 1919 795 1972 (potest
824 1920 933 1957 enim
964 1918 1065 1956 mihi
1097 1917 1285 1969 denegare
1315 1918 1523 1969 occupatio
1545 1917 1627 1968 tua)
1652 1917 1791 1956 deinde

397 1987 532 2030 etiam,
556 1995 598 2024 ut
620 1999 731 2023 ornes
753 1999 831 2030 me,
854 1985 1063 2037 postulem.
1098 1983 1222 2035 Qid,
1256 1984 1281 2022 fi
1304 1984 1371 2021 illa
1392 1984 1466 2022 tibi
1489 1997 1567 2021 non
1591 1993 1792 2036 tantopere

398 2051 581 2089 videntur
615 2051 785 2089 ornanda
804 2052 816 2088 ,Ρ
861 2051 933 2089 Sed
970 2060 1114 2095 tamen,
1158 2050 1228 2102 qui
1264 2049 1380 2087 semel
1416 2050 1658 2088 verecundia:
1694 2050 1790 2087 fines

398 2117 605 2162 transierit,
637 2131 727 2154 eum
751 2117 848 2154 bene
869 2125 906 2154 et
930 2117 1078 2154 naviter
1098 2125 1254 2168 oportet
1274 2115 1347 2153 efl'e
1373 2115 1661 2169 impudentem.
1710 2117 1790 2153 Ita-

395 2197 475 2236 que
496 2192 532 2221 te
554 2183 668 2236 plane
688 2183 806 2220 etiam
827 2192 943 2234 atque
964 2183 1083 2220 etiam
1104 2195 1214 2233 rogo,
1247 2191 1291 2219 ut
1318 2191 1356 2220 et
1381 2195 1493 2219 ornes
1515 2195 1557 2219 ea
1576 2181 1789 2220 vehemen-

400 2249 477 2287 tius
499 2249 632 2294 etiam,
665 2262 783 2301 quam
804 2248 958 2286 fortafi‘e
979 2248 1112 2292 sentis,
1140 2256 1183 2285 et
1212 2247 1252 2284 in
1274 2261 1319 2285 eo
1340 2248 1443 2300 leges
1466 2247 1633 2286 historiae
1661 2248 1790 2300 negli-

396 2328 464 2367 gas
482 2334 494 2360 ;
527 2316 771 2367 gratiamque
792 2315 917 2360 illam,
940 2315 986 2352 de
1008 2328 1085 2369 qua
1105 2314 1320 2352 suaviffime
1340 2315 1513 2367 quodam
1535 2315 1575 2352 in
1597 2316 1791 2367 prooemio

399 2380 592 2433 scripfisti,
611 2395 632 2418 a
647 2394 723 2433 qua
744 2391 781 2418 te
798 2381 949 2418 deflecti
970 2395 1050 2420 non
1072 2381 1196 2432 magis
1218 2380 1384 2433 potuiffe
1401 2380 1652 2425 demonstras,
1672 2393 1791 2432 quam

401 2446 620 2484 Herculem
642 2446 973 2499 Xenophontium
994 2447 1111 2485 illum
1138 2460 1159 2483 a
1185 2446 1402 2499 voluptate,
1434 2460 1476 2484 ea
1497 2447 1522 2484 s1
1544 2460 1607 2484 me
1629 2446 1702 2483 tibi
1723 2459 1789 2482 ve-

399 2511 624 2551 hementius
646 2512 956 2557 commendabit,
980 2527 1027 2550 ne
1047 2513 1274 2565 aspernere;
1307 2512 1510 2565 amorique
1532 2511 1660 2549 nostro
1680 2510 1789 2563 plus-

395 2579 538 2618 culum
571 2580 705 2625 etiam,
741 2592 861 2633 quam
895 2578 1086 2618 concedet
1119 2578 1275 2625 veritas,
1311 2578 1488 2631 largiare.
1536 2577 1656 2630 Qod
1690 2577 1717 2616 fi
1753 2586 1791 2615 te
