2351 2997
591 274 683 311 AD
742 272 1205 310 FAMILIARES
1265 274 1398 311 LIB.
1447 275 1541 312 VII.
1690 281 1761 329 105

382 373 555 412 hominis
577 372 732 423 meique
751 370 1001 408 amantiffimi
1024 370 1217 408 voluntati
1247 384 1337 422 erga
1363 384 1426 408 me
1457 370 1645 410 diffidere.
1692 374 1763 410 Sed

383 447 512 476 tamen
547 436 608 474 his
641 437 779 480 literis,
812 449 906 488 quas
938 436 1117 488 proxime
1149 435 1252 480 dedi,
1289 437 1422 488 putavi
1457 436 1527 474 efi‘e
1558 436 1763 475 hominem

381 501 730 540 commonendum.
778 501 823 539 Id
852 501 943 539 feci.
991 500 1101 552 Qid
1131 500 1382 553 profecerim,
1414 500 1530 539 facias
1561 516 1623 540 me
1644 503 1763 540 velim

380 567 614 612 certIOrem3
646 577 685 605 et
714 567 827 605 fimul
857 567 904 604 de
934 576 1017 604 toto
1047 566 1144 604 statu
1174 576 1256 612 tuo,
1288 567 1535 620 confiliisque
1560 568 1760 607 omnibus.

380 633 485 670 Scire
519 634 626 670 enim
660 633 778 685 cupio
811 633 907 684 quid
941 646 1043 684 agas,
1079 632 1175 683 quid
1214 634 1407 684 expectes,
1444 647 1561 684 quam
1596 634 1763 686 longum

378 697 496 736 istum
527 707 641 736 tuum
671 698 873 735 discessum
902 711 923 734 a
952 697 1065 734 nobis
1092 696 1274 734 futurum
1304 707 1431 749 putes.
1479 699 1540 736 Sic
1561 700 1666 736 enim
1690 701 1763 738 tibi

379 763 602 815 persuadeas
637 763 771 807 velim,
812 776 937 800 unum
972 761 1073 800 mihi
1111 762 1183 799 effe
1218 762 1414 807 solatium,
1455 777 1572 815 quare
1606 764 1761 803 facilius

377 829 517 881 poffim
537 830 617 881 pati
639 838 676 866 te
696 829 767 866 effe
788 829 864 866 fine
885 828 1014 873 nobis,
1033 828 1058 865 fi
1081 828 1154 866 tibi
1175 828 1246 866 effe
1267 828 1306 865 id
1327 829 1597 866 emolumento
1619 830 1758 869 sciam:

378 894 433 931 sm
467 902 598 931 autem
630 894 670 931 id
703 907 780 931 non
813 893 880 937 est,
913 892 1014 930 nihil
1046 892 1199 930 duobus
1233 893 1346 930 nobis
1379 893 1432 930 est
1467 893 1649 939 stultius;
1682 909 1760 940 me,

377 959 447 1012 qui
469 968 506 996 te
527 972 605 996 non
628 960 798 997 Romam
819 958 1038 1003 attraham3
1073 967 1123 1003 te,
1155 959 1223 1009 qui
1252 972 1329 996 non
1360 958 1438 996 huc
1459 959 1628 998 advoles.
1674 961 1763 998 Una

376 1023 602 1062 mehercule
629 1024 754 1062 nostra
779 1025 839 1062 vel
868 1024 1006 1068 severa,
1038 1024 1097 1061 vel
1115 1024 1261 1075 jocosa,
1293 1024 1506 1076 congreffio
1528 1025 1650 1076 pluris
1672 1026 1759 1070 erit,

377 1103 495 1141 quam
517 1103 594 1126 non
616 1090 735 1127 modo
756 1088 896 1134 hostes,
929 1088 991 1126 sed
1012 1089 1128 1126 etiam
1150 1088 1285 1126 fratres
1308 1089 1425 1127 nostri
1448 1090 1582 1128 AEdui.
1631 1092 1760 1142 Qare

374 1154 561 1192 omnibus
583 1154 629 1192 de
650 1155 763 1192 rebus
784 1154 845 1192 fac
867 1163 910 1192 ut
931 1167 1048 1206 quam
1069 1154 1244 1206 primum
1265 1153 1381 1191 sciam
1402 1169 1410 1192 ε

457 1220 541 1257 Aut
560 1219 775 1270 cmffolcmdo,
806 1229 872 1258 aut
891 1219 1037 1264 confilz'O‚
1068 1228 1134 1257 aut
1153 1234 1205 1263 re,
1224 1218 1374 1269 juvero.

745 1422 987 1459 CICERO
1029 1422 1386 1459 TREBATIO·

374 1549 448 1588 XI.
470 1548 554 1620 N
571 1550 589 1587 I
604 1550 625 1587 S
642 1550 659 1587 I
689 1557 777 1587 ante
798 1549 927 1588 Roma
947 1548 1143 1602 profectus
1160 1549 1266 1595 effes,
1285 1563 1390 1587 nunc
1407 1563 1490 1587 eam
1511 1559 1614 1588 certe
1636 1550 1755 1587 relin-

585 1629 720 1668 queres
741 1631 749 1653 :
782 1616 870 1667 quis
895 1617 1002 1653 enim
1023 1625 1082 1653 tot
1102 1616 1334 1668 interregnis
1351 1616 1667 1667 jureconsultum
1688 1615 1756 1653 de-

374 1679 508 1718 fiderat
527 1682 539 1718 ?
572 1682 659 1732 Ego
679 1681 880 1726 omnibus,
905 1681 1008 1719 unde
1028 1682 1189 1733 petitur,
1222 1680 1298 1719 hoc
1320 1681 1471 1719 consilii
1493 1681 1681 1725 dederim,
1714 1690 1757 1719 ut

372 1758 393 1782 a
422 1745 582 1797 fingulis
613 1746 873 1797 interregibus
908 1746 1017 1783 binas
1050 1746 1321 1783 advocationes
1354 1746 1564 1798 postulent.
1612 1746 1757 1783 Satisne

373 1811 447 1847 tibi
469 1810 601 1848 videor
620 1812 686 1849 abs
709 1820 746 1849 te
761 1813 826 1863 jus
848 1812 963 1850 civile
985 1811 1158 1849 didiciffe
1177 1812 1189 1849 ?
1223 1811 1294 1849 Sed
1315 1810 1411 1848 heus
1434 1821 1492 1856 tu,
1524 1811 1621 1864 quid
1641 1812 1722 1863 agis
1742 1813 1754 1848 ?

371 1875 514 1927 ecquid
534 1875 610 1913 fit?
642 1876 754 1914 video
782 1877 888 1914 enim
917 1885 953 1913 te
975 1878 1057 1928 jam
1085 1876 1209 1928 jocari
1241 1890 1309 1927 per
1339 1876 1483 1914 literas.
1531 1878 1628 1914 Haec
1653 1877 1757 1928 signa

370 1941 532 1979 meliora
552 1942 655 1987 sunt,
678 1956 797 1994 quam
818 1943 858 1979 in
880 1956 968 1980 meo
990 1942 1232 1980 Tusculano.
1267 1941 1338 1978 Sed
1359 1942 1455 1993 quid
1477 1942 1536 1986 sit,
1568 1943 1663 1979 scire
1683 1956 1755 1980 cu-

370 2007 450 2058 pio,
499 2008 663 2045 Consuli
691 2007 853 2060 quidem
879 2017 915 2045 te
936 2022 957 2045 a
978 2008 1125 2045 Caesare
1146 2007 1282 2045 scribis
1302 2022 1310 2045 z
1344 2007 1407 2045 sed
1427 2021 1499 2059 ego
1523 2008 1595 2044 tibi
1616 2008 1664 2044 ab
1685 2008 1756 2046 illo

370 2072 521 2110 consuli
537 2073 712 2112 mallem.
737 2073 857 2124 Qod
873 2074 899 2111 fi
916 2083 981 2111 aut
998 2073 1056 2118 fit,
1075 2083 1140 2111 aut
1156 2073 1338 2111 futurum
1354 2081 1483 2125 putas,
1501 2072 1629 2125 perfer
1645 2074 1755 2111 istam

369 2138 570 2183 militiam,
602 2148 640 2176 et
660 2152 870 2190 permane5
903 2153 976 2191 ego
1002 2140 1109 2176 enirn
1136 2139 1368 2176 defiderium
1397 2140 1469 2184 tui,
1502 2139 1566 2191 spe
1596 2148 1755 2177 tuorum

369 2204 671 2242 commodorum
693 2205 921 2242 consolabor
939 2220 948 2243 ;
981 2205 1034 2242 fin
1056 2213 1187 2242 autem
1208 2204 1276 2242 ista
1296 2205 1384 2242 sunt
1405 2206 1593 2249 inaniora,
1626 2205 1755 2258 recipe

370 2278 407 2306 te
428 2268 473 2306 ad
494 2283 579 2307 nos.
627 2270 732 2307 Nam
754 2279 819 2307 aut
839 2271 912 2307 erit
932 2268 998 2307 hic
1026 2269 1176 2321 aliquid
1201 2269 1438 2320 aliquando3
1471 2278 1536 2307 aut
1558 2270 1583 2307 fi
1606 2271 1753 2314 minus,

370 2349 445 2371 una
474 2334 698 2372 mehercule
726 2336 942 2372 collocutio
969 2334 1095 2372 nostra
1121 2335 1244 2387 pluris
1266 2335 1354 2379 erit,
1386 2349 1504 2387 quam
1526 2349 1662 2372 omnes
1686 2337 1751 2372 Sa-

369 2401 612 2438 marobrivae.
659 2401 843 2453 Denique
875 2401 900 2438 fi
933 2402 1013 2439 cito
1047 2410 1083 2438 te
1110 2401 1302 2445 retuleris,
1335 2401 1458 2438 sermo
1487 2401 1619 2438 nullus
1651 2402 1749 2439 erit:

370 2467 394 2503 si
431 2466 578 2503 diutius
614 2465 754 2503 frustra
783 2466 968 2512 abfueris,
1010 2481 1088 2504 non
1122 2467 1241 2504 modo
1278 2467 1504 2511 Laberium,
1538 2466 1600 2503 sed
1634 2468 1751 2503 etiam

369 2531 536 2569 sodalem
570 2530 744 2568 nostrum
774 2531 991 2576 Valerium,
1024 2532 1268 2583 pertimesco.
1317 2532 1423 2569 Mira
1454 2532 1561 2569 enim
1594 2531 1751 2582 persona
