2351 2997
607 231 681 269 118
950 226 1631 268 EPISTOLARUM

602 330 732 369 nullas
748 329 877 367 literas
894 327 993 372 misi,
1011 326 1074 364 sed
1094 326 1200 379 quod
1216 325 1343 377 priora
1359 334 1533 377 tempora
1554 326 1593 362 in
1616 325 1738 363 ruinis
1755 323 1979 376 reipublicae

606 394 818 447 nostrisque
832 395 1064 445 jacuerunt;
1097 391 1305 443 posteriora
1322 399 1452 427 autem
1472 404 1535 427 me
1554 404 1575 427 a
1595 389 1795 428 scribendo
1819 391 1893 427 tuis
1915 390 1979 427 in-

599 460 816 513 justissimis
847 468 963 510 atque
993 456 1241 494 acerbiffimis
1274 455 1536 492 incommodis
1568 455 1821 493 retardarunt.
1874 456 1981 494 Cum

604 539 694 563 vero
714 534 751 562 et
772 523 1022 562 intervallum
1037 523 1121 573 jam
1142 521 1228 558 satis
1250 520 1414 571 longum
1436 519 1578 564 fuiffet,
1608 530 1646 557 et
1667 529 1771 558 tuam
1793 521 1982 558 virtutem

605 590 805 641 animique
826 587 1139 639 magnitudinem
1160 586 1389 637 diligentius
1417 584 1531 622 effem
1559 598 1716 623 mecum
1743 585 1980 630 recordatus,

605 669 683 694 non
705 654 837 708 putavi
857 653 927 691 effe
947 653 1118 690 alienum
1139 651 1325 688 institutis
1342 650 1438 687 meis
1459 650 1539 688 haec
1560 650 1607 687 ad
1628 660 1664 687 te
1685 649 1862 688 scribere.
1895 651 1984 700 Ego

603 733 657 767 te,
682 723 724 760 P.
743 721 863 764 Sexti,
884 728 923 756 et
943 719 1080 771 primis
1102 717 1344 768 temporibus
1366 716 1459 760 illis,
1478 717 1622 768 quibus
1642 717 1683 753 in
1704 715 1891 753 invidiam
1912 714 1983 752 ab-

606 788 688 826 sens
705 796 743 824 et
759 787 799 823 in
816 785 964 823 crimen
981 783 1180 826 vocabare,
1199 780 1374 819 defendi:
1398 790 1436 818 et
1452 794 1544 818 cum
1560 781 1600 818 in
1619 781 1676 818 tui
1696 779 1982 817 familiariffimi

598 853 754 905 judicio
774 865 816 888 ac
837 850 1012 903 periculo
1034 858 1148 886 tuum
1169 847 1317 884 crimen
1339 847 1655 898 conjungeretur,
1687 855 1731 883 ut
1758 846 1884 898 potui,
1916 858 1981 882 ac-

605 917 839 956 curatiffime
856 925 892 953 te
910 924 1094 966 tuamque
1110 913 1260 950 causam
1279 921 1424 949 tutatus
1442 912 1526 948 sum
1541 927 1548 949 :
1573 921 1610 949 et
1624 912 1817 963 proxime,
1836 911 1982 948 recenti

605 983 773 1020 adventu
803 994 905 1024 meo,
937 993 1029 1017 cum
1051 991 1131 1015 rem
1152 977 1262 1014 aliter
1283 977 1499 1014 institutam
1521 976 1777 1019 offendissem,
1808 989 1850 1012 ac
1881 973 1982 1011 mihi

606 1047 821 1099 placuisset,
848 1046 873 1083 fi
894 1043 1111 1087 adfuissem,
1135 1052 1264 1080 tamen
1287 1041 1393 1078 nulla
1415 1054 1452 1077 re
1474 1041 1585 1077 saluti
1607 1050 1682 1077 tuae
1702 1039 1835 1076 defui:
1867 1051 1982 1076 cum-

605 1126 683 1164 que
702 1126 747 1150 eo
768 1121 942 1162 ternpore
962 1108 1109 1146 invidia
1128 1120 1304 1150 annonae,
1333 1106 1486 1143 inimici
1508 1119 1585 1143 non
1608 1106 1732 1143 solum
1754 1105 1827 1149 tui,
1850 1117 1984 1142 verum

604 1178 723 1215 etiam
758 1176 976 1213 amicorum
1011 1182 1185 1217 tuorum,
1222 1172 1408 1223 iniquitas
1443 1172 1564 1208 totius
1593 1170 1751 1222 judicii,
1782 1169 1985 1221 multaque

606 1243 680 1280 alia
700 1241 924 1293 reipublicae
944 1240 1052 1283 vitia,
1084 1237 1188 1290 plus,
1220 1250 1337 1289 quam
1359 1236 1467 1273 causa
1488 1236 1567 1288 ipsa
1586 1235 1814 1287 veritasque,
1840 1234 1982 1272 valuis-

606 1309 717 1352 sent;
751 1306 895 1344 Publio
921 1315 993 1343 tuo
1023 1317 1148 1355 neque
1177 1315 1305 1355 opera,
1338 1315 1463 1353 neque
1483 1301 1658 1345 confilio,
1691 1314 1817 1353 neque
1838 1300 1982 1344 labore,

607 1387 732 1426 neque
752 1372 887 1424 gratia,
919 1383 1044 1421 neque
1064 1368 1301 1412 testimonio,
1328 1366 1449 1405 defui.
1483 1366 1766 1418 anobrem,
1798 1366 1983 1403 omnibus

605 1439 747 1476 officiis
767 1436 950 1474 amicitiae
971 1435 1179 1486 diligenter
1195 1447 1215 1470 a
1235 1446 1297 1470 me
1317 1432 1519 1483 sancteque
1540 1432 1708 1476 servatis,
1727 1444 1773 1468 ne
1794 1430 1870 1468 hoc
1891 1431 1983 1482 qui-

607 1505 695 1541 dem
722 1500 1099 1555 praetermittendum
1129 1499 1201 1537 effe
1230 1498 1340 1543 duxi,
1373 1507 1409 1535 te
1439 1508 1482 1536 ut
1512 1497 1685 1534 hortarer
1715 1508 1981 1548 rogaremque,

607 1579 651 1606 ut
682 1579 719 1606 et
751 1568 954 1605 hominem
987 1575 1024 1603 te
1050 1574 1087 1602 et
1114 1565 1243 1602 virum
1270 1563 1341 1601 effe
1368 1562 1618 1606 meminisses,
1650 1562 1690 1599 id
1710 1562 1776 1606 est,
1808 1570 1851 1599 ut
1871 1574 1983 1598 com-

607 1646 769 1671 munem
791 1633 1063 1682 incertumque
1084 1630 1229 1673 casum,
1247 1642 1366 1680 quem
1388 1641 1512 1679 neque
1528 1628 1647 1665 vitare
1667 1626 1874 1679 quisquam
1894 1625 1982 1663 nos-

608 1710 729 1743 trum,
763 1712 832 1735 nec
855 1697 1041 1749 praestare,
1072 1695 1154 1732 ullo
1175 1696 1285 1747 pacto
1307 1693 1443 1745 potest,
1476 1693 1664 1745 sapienter
1683 1691 1816 1736 ferres,
1847 1701 1886 1729 et
1912 1691 1984 1729 do-

608 1766 680 1802 lori
714 1764 868 1802 fortiter
900 1776 941 1799 ac
973 1761 1140 1799 fortunae
1173 1759 1383 1803 refisteres3
1421 1758 1684 1810 cogitaresque
1715 1766 1753 1795 et
1785 1757 1825 1794 in
1860 1757 1987 1794 nostra

609 1831 779 1873 civitate,
811 1837 849 1866 et
870 1828 909 1864 in
931 1827 1093 1870 caeteris,
1126 1839 1211 1876 quae
1231 1838 1358 1861 rerum
1382 1824 1514 1875 potitae
1536 1823 1637 1867 sunt,
1665 1822 1801 1859 multis
1824 1820 1985 1858 fortiffi-

608 1897 682 1933 mis
708 1904 822 1945 atque
849 1893 1010 1945 optimis
1040 1892 1132 1929 viris
1163 1890 1313 1942 injustis
1340 1889 1501 1941 judiciis
1533 1889 1625 1926 tales
1656 1887 1761 1925 casus
1794 1886 1982 1924 incidifl'e.

609 1959 714 1997 Illud
736 1960 887 1996 utinam
909 1971 955 1994 ne
977 1970 1062 1994 vere
1083 1955 1304 1998 scriberem,
1336 1967 1378 1991 ea
1399 1963 1434 1991 te
1455 1953 1655 2005 republica
1675 1965 1814 1996 carere,
1847 1952 1886 1988 in
1909 1964 1985 2003 qua

608 2024 809 2062 neminem
829 2022 1062 2075 prudentem
1082 2020 1285 2058 hominem
1308 2032 1365 2056 res
1387 2019 1466 2056 ulla
1486 2018 1662 2055 delectet.
1695 2018 1756 2054 De
1774 2026 1842 2054 tuo
1857 2025 1986 2053 autem

608 2090 692 2127 filio
720 2101 865 2132 vereor,
898 2100 944 2124 ne
966 2086 991 2123 fi
1013 2084 1113 2123 nihil
1135 2085 1180 2122 ad
1201 2093 1239 2121 te
1268 2083 1497 2136 scripserim,
1530 2082 1708 2120 debitum
1737 2082 1819 2133 ejus
1849 2080 1987 2118 virtuti

608 2154 736 2192 videar
767 2152 1034 2191 testimonium
1066 2164 1143 2187 non
1174 2149 1339 2201 cepiffe;
1372 2149 1425 2186 fin
1455 2157 1585 2185 autem
1615 2147 1760 2190 omnia,
1793 2160 1877 2198 quae
1898 2145 1984 2182 sen-

611 2221 680 2265 tio,
707 2218 1005 2272 perscripserim,
1029 2230 1075 2254 ne
1097 2215 1276 2253 refricem
1297 2215 1393 2252 meis
1415 2214 1538 2251 literis
1559 2213 1788 2251 desiderium
1808 2225 1850 2248 ac
1872 2210 1985 2247 dolo-

611 2299 692 2324 rem
714 2295 841 2322 tuum.
890 2284 961 2320 Sed
982 2293 1111 2320 tamen
1133 2280 1426 2333 prudentiflime
1446 2279 1578 2323 facies,
1611 2279 1636 2316 fi
1658 2278 1764 2315 illius
1786 2278 1986 2329 pietatem,

610 2352 811 2394 virtutem,
844 2349 1086 2392 industriam,
1119 2347 1346 2399 ubicunque
1375 2345 1464 2389 eris,
1497 2354 1604 2382 tuam
1630 2343 1716 2387 effe,
1748 2352 1880 2380 tecum
1899 2340 1985 2385 effe,

610 2417 751 2454 duces:
776 2429 845 2453 nec
866 2414 973 2452 enim
993 2414 1124 2451 minus
1146 2412 1272 2449 nostra
1292 2411 1393 2455 sunt,
1415 2423 1501 2462 quae
1520 2410 1652 2447 animo
1672 2407 1986 2460 complectimur,

611 2496 730 2534 quam
747 2495 831 2533 quae
848 2480 972 2519 oculis
990 2480 1203 2517 intuemur.
1227 2477 1496 2529 Qa'mobrem
1513 2485 1550 2514 et
1571 2475 1677 2513 illius
1693 2474 1837 2512 eximia
1850 2473 1987 2514 vistim,
2031 2486 2034 2489 ·
