2351 2997
592 290 664 331 108
936 293 1622 332 EPISTOLARUM

670 526 734 564 M.
768 525 821 563 T.
855 525 903 562 C.
938 523 983 562 P.
1016 524 1282 563 VATINIO
1314 525 1722 564 IMPERATORI
1765 528 1802 566 S.
1837 529 1890 567 D.

588 654 662 692 XI.
683 652 757 724 G
773 655 809 691 R
823 654 953 692 ATA
980 654 1053 692 tibi
1073 667 1159 691 mea
1174 654 1246 691 effe
1266 654 1395 692 officia
1415 668 1494 693 non
1514 654 1656 692 miror:
1680 656 1849 707 cognovi
1870 656 1976 695 enim

789 728 827 757 te
847 719 1107 771 gratiffimum
1127 719 1335 764 omnium3
1358 719 1478 772 idque
1499 734 1703 772 nunquam
1723 721 1853 760 destiti
1874 735 1975 774 prae-

585 785 737 824 dicare:
761 799 832 823 nec
854 786 960 823 enim
982 794 1024 824 tu
1046 784 1148 823 mihi
1168 784 1337 823 habuisti
1359 785 1477 824 modo
1497 787 1677 839 gratiam,
1700 801 1835 826 verum
1856 788 1975 826 etiam

586 851 890 889 cumulatiffime
911 850 1091 889 retulisti.
1130 851 1400 903 Qamobrem
1422 852 1583 904 reliquis
1606 853 1682 890 tuis
1705 853 1819 891 rebus
1841 854 1974 891 omni-

585 917 659 955 bus
680 918 762 969 pari
784 931 846 955 me
867 916 994 954 studio
1015 930 1104 969 erga
1121 926 1157 954 te
1173 927 1211 955 et
1227 917 1360 955 eadem
1377 917 1578 956 voluntate
1599 919 1823 970 cognosces.
1853 919 1976 971 Qod

584 981 687 1019 mihi
716 981 924 1020 foeminam
957 982 1198 1034 primariam,
1231 983 1476 1034 Pompeiam,
1510 996 1673 1020 uxorem
1706 992 1828 1028 tuam,
1860 997 1973 1021 com-

584 1047 763 1091 mendas;
788 1061 881 1084 cum
899 1048 992 1084 Sura
1008 1047 1136 1085 nostro
1153 1047 1296 1092 statim,
1316 1048 1392 1085 tuis
1410 1047 1533 1085 literis
1555 1048 1680 1092 lectis,
1698 1048 1854 1087 locutus
1871 1048 1972 1094 sum,

584 1121 628 1149 ut
648 1112 683 1149 ei
703 1112 800 1149 meis
823 1112 950 1149 verbis
973 1111 1134 1157 diceret,
1152 1120 1210 1157 ut,
1229 1112 1425 1164 quidquid
1445 1126 1543 1164 opus
1566 1112 1671 1158 effet,
1693 1112 1794 1150 mihi
1818 1113 1972 1152 denun-

582 1178 721 1215 tiaret:
752 1191 815 1215 me
836 1178 982 1222 omnia,
1005 1191 1091 1230 quae
1112 1191 1155 1215 ea
1174 1178 1307 1223 vellet,
1330 1178 1486 1216 summo
1507 1178 1634 1216 studio
1655 1192 1825 1231 curaque
1845 1178 1972 1218 fadiu-

583 1257 671 1281 rum
691 1259 699 1281 ε
724 1244 855 1296 itaque
876 1242 1047 1289 faciam;
1077 1258 1254 1296 eamque,
1278 1244 1303 1281 fi
1327 1258 1424 1296 opus
1446 1244 1517 1282 effe
1538 1244 1750 1290 videbitur,
1774 1245 1853 1298 ipse
1874 1259 1973 1284 con-

582 1310 751 1347 veniam.
784 1311 851 1346 Tu
873 1318 1002 1346 tamen
1024 1309 1059 1346 ei
1080 1309 1201 1347 velim
1221 1309 1379 1354 scribas,
1403 1318 1446 1348 ut
1468 1309 1618 1348 nullam
1640 1324 1722 1348 rem
1744 1324 1870 1363 neque
1892 1319 1973 1349 tam

582 1388 780 1427 magnam,
813 1388 940 1427 neque
961 1384 1041 1413 tam
1069 1388 1240 1427 parvam,
1272 1384 1399 1428 putet,
1431 1389 1517 1428 quae
1544 1374 1647 1414 mihi
1678 1386 1745 1415 aut
1776 1377 1969 1422 difficilis,

581 1450 647 1478 aut
663 1454 802 1492 parum
819 1454 881 1477 me
898 1440 1030 1492 digna,
1049 1440 1238 1479 videatur.
1265 1441 1426 1485 Omnia,
1445 1454 1531 1493 quae
1548 1442 1587 1479 in
1611 1441 1687 1479 tuis
1706 1442 1820 1479 rebus
1841 1455 1969 1494 agam,

581 1514 619 1543 et
639 1519 719 1543 non
740 1505 929 1543 laboriosa
949 1504 1051 1543 mihi
1072 1515 1110 1543 et
1130 1505 1290 1544 honesta
1309 1506 1563 1545 videbuntur.
1611 1507 1673 1545 De
1706 1508 1910 1559 Dionyfio,
1943 1508 1971 1546 fi

580 1584 644 1608 me
675 1583 793 1616 amas,
826 1570 991 1608 confice.
1036 1572 1329 1623 Qamcunque
1356 1572 1391 1609 ei
1422 1571 1541 1610 fidem
1570 1571 1734 1617 dederis,
1766 1572 1967 1624 praestabo.

582 1637 620 1673 Si
655 1649 745 1674 vero
784 1636 989 1688 improbus
1030 1635 1164 1681 fuerit,
1210 1646 1255 1674 ut
1293 1636 1360 1681 est,
1406 1637 1524 1675 duces
1563 1651 1656 1675 eum
1690 1638 1893 1690 captivum
1927 1638 1969 1676 in

583 1700 801 1754 triumpho.
849 1701 1060 1739 Dalmatiis
1094 1702 1149 1739 dii
1181 1703 1283 1740 male
1310 1701 1469 1747 faciant,
1502 1703 1571 1755 qui
1593 1703 1668 1740 tibi
1689 1703 1842 1741 molesti
1863 1703 1966 1742 sunt.

582 1766 667 1812 Sed,
692 1777 735 1805 ut
756 1766 907 1812 scribis,
931 1766 1039 1804 brevi
1060 1768 1278 1820 capientur,
1301 1777 1339 1806 et
1360 1767 1611 1806 illustrabunt
1632 1782 1689 1807 res
1712 1778 1796 1807 tuas
1816 1768 1936 1821 gestas
1953 1788 1967 1815 3

583 1832 730 1884 semper
750 1833 855 1870 enim
878 1831 1005 1870 habiti
1026 1832 1115 1870 sunt
1138 1832 1325 1871 bellicosi.
1359 1833 1470 1871 Vale.

827 2034 889 2072 M.
925 2034 972 2072 C.
1008 2034 1055 2072 L.
1089 2035 1379 2079 Loccislo,
1422 2035 1556 2086 QF.
1591 2035 1628 2072 S.
1663 2035 1716 2073 D.

580 2164 672 2200 XII.
699 2161 765 2234 C
783 2164 819 2200 O
836 2163 921 2200 RA
937 2165 984 2202 M
1015 2177 1077 2202 me
1100 2172 1230 2200 tecum
1252 2162 1385 2201 eadem
1406 2162 1489 2202 haec
1510 2176 1620 2215 agere
1640 2163 1736 2214 saepe
1757 2173 1966 2202 conantem

797 2229 985 2267 deterruit
1006 2229 1132 2282 pudor
1152 2228 1314 2280 quidam
1334 2242 1433 2280 pene
1453 2229 1718 2273 subrusticus,·
1752 2243 1837 2281 quae
1858 2243 1966 2268 nunc

576 2308 804 2347 expromam
820 2295 953 2333 absens
970 2296 1174 2340 audacius;
1198 2294 1357 2347 epistola
1373 2295 1480 2332 enim
1497 2308 1576 2332 non
1593 2295 1800 2333 erubescit.
1833 2296 1965 2334 Ardeo

576 2360 791 2412 cupiditate
817 2360 1057 2406 incredibili,
1090 2373 1230 2412 neque,
1261 2368 1305 2397 ut
1326 2373 1398 2412 ego
1418 2360 1599 2404 arbitror,
1632 2359 1963 2413 reprehendenda,

577 2440 721 2464 nomen
744 2434 786 2464 ut
808 2426 983 2464 nostrum
1013 2426 1166 2478 scriptis
1188 2425 1404 2463 illustretur
1423 2435 1461 2464 et
1481 2426 1700 2464 celebretur
1721 2427 1798 2466 tuis
1812 2446 1825 2472 ς
1857 2426 1963 2479 quod

575 2492 641 2529 etsi
665 2490 765 2529 mihi
786 2491 882 2544 saepe
903 2492 1070 2530 ostendis
1092 2500 1130 2529 te
1151 2491 1222 2530 ess'e
1243 2490 1454 2537 faciurum,
1487 2501 1616 2530 tamen
1647 2492 1821 2544 ignoscas
1842 2492 1961 2530 velim

574 2558 669 2595 huic
690 2557 929 2597 festinationi
949 2572 1057 2598 meae.
1084 2559 1219 2597 Genus
1237 2558 1344 2597 enim
1362 2558 1597 2611 scriptorum
1617 2568 1777 2597 tuorum
1792 2558 1859 2597 etfi
1880 2567 1959 2597 erat
