2351 2997
564 280 636 331 156
902 279 1581 318 EPISTOLARUM

554 377 683 427 jurare
714 390 806 414 cum
837 377 1022 428 coepiffet,
1054 391 1127 415 vox
1159 391 1249 414 eum
1282 376 1424 414 defecit
1455 379 1494 414 in
1522 378 1591 414 illo
1622 378 1723 421 loco,
1756 375 1797 414 Si
1811 375 1929 427 sciens

546 441 659 491 fallo.
704 442 813 491 Qid
843 443 916 479 tibi
942 456 1014 493 ego
1041 443 1113 479 alia
1140 443 1319 478 narrem?
1352 442 1450 479 nosti
1476 443 1581 479 enim
1610 443 1778 494 reliquos
1800 441 1926 478 ludos.

562 506 702 556 Qid?
735 521 781 543 ne
808 507 848 544 id
872 507 1033 557 quidem
1060 507 1203 558 leporis
1222 506 1455 551 habuerunt,
1486 507 1590 557 quod
1623 507 1744 544 solent
1776 506 1927 544 medio-

561 584 642 608 cres
670 571 767 608 ludi.
813 572 1031 622 Apparatus
1052 572 1157 608 enim
1178 571 1358 623 spenstatio
1380 571 1540 608 tollebat
1567 585 1725 609 omnem
1753 571 1926 609 hilarita-

562 644 641 672 tem
661 650 669 672 :
702 648 780 685 quo
801 635 961 687 quidem
981 644 1162 687 apparatu
1192 649 1270 672 non
1292 635 1431 672 dubito
1452 636 1547 686 quin
1569 636 1698 672 animo
1720 635 1931 686 aequiffimo

561 700 742 737 carueris.
794 700 902 751 Qid
935 700 1041 737 enirn
1077 700 1339 737 delectationis
1375 700 1519 738 habent
1553 700 1722 738 sexcenti
1757 700 1855 737 muli
1890 700 1929 736 in

563 764 886 815 Clytaemnestra?
917 774 983 802 aut
1010 765 1049 801 in
1071 766 1186 816 Equo
1216 766 1389 816 Trojano
1415 774 1646 802 craterarum
1675 765 1746 801 tria
1772 764 1928 801 millia?

562 838 627 865 aut
661 838 852 866 armatura
884 829 985 866 varia
1016 829 1208 880 peditatus
1240 839 1276 866 et
1311 830 1504 880 equitatus
1537 829 1576 865 in
1608 828 1737 879 aliqua
1768 829 1926 880 pugna?

563 907 647 945 quae
679 894 905 945 popularem
936 894 1231 931 admirationem
1263 893 1496 938 habuerunt,
1529 894 1821 930 delectationem
1857 892 1930 929 tibi

563 958 714 995 nullam
747 958 973 996 attulissent.
1019 958 1137 1008 Qod
1172 959 1197 995 fi
1230 967 1271 996 tu
1304 972 1370 1010 per
1401 971 1463 995 eos
1496 958 1575 995 dies
1607 971 1763 1009 operam
1795 955 1931 994 dedisti

564 1022 774 1073 Protogeni
795 1031 877 1066 tuo,
909 1022 1123 1059 dummodo
1144 1023 1174 1059 is
1197 1022 1270 1058 tibi
1290 1022 1443 1073 quidvis
1465 1022 1610 1073 potius,
1641 1034 1759 1073 quam
1786 1019 1931 1058 oratio-

564 1099 630 1123 nes
662 1099 779 1130 meas‚
811 1086 974 1137 legerit3
1008 1100 1064 1124 nae
1097 1095 1138 1124 tu
1168 1086 1272 1124 haud
1300 1087 1415 1138 paulo
1442 1086 1545 1138 plus,
1577 1099 1695 1138 quam
1726 1085 1932 1137 quisquam

564 1150 752 1194 nostrum,
783 1150 1046 1188 delectationis
1079 1150 1261 1188 habuisti.
1311 1151 1406 1188 Non
1439 1151 1546 1188 enim
1576 1159 1614 1188 te
1644 1159 1741 1202 puto
1773 1150 1932 1187 Graecos

563 1224 628 1253 aut
650 1215 772 1252 Oscos
799 1215 910 1253 ludos
938 1215 1181 1261 defiderass'e;
1214 1215 1424 1268 praesertim
1454 1229 1546 1254 cum
1579 1215 1701 1253 Oscos
1733 1214 1845 1252 ludos
1872 1214 1932 1251 vel

563 1281 605 1318 in
639 1281 769 1318 senatu
803 1281 930 1318 nostro
965 1281 1129 1333 speetare
1163 1281 1303 1333 poffis,-
1346 1282 1502 1319 Graecos
1536 1281 1590 1318 ita
1624 1295 1700 1318 non
1735 1293 1852 1324 ames,
1889 1288 1933 1317 ut

567 1359 612 1382 ne
640 1345 686 1382 ad
713 1346 846 1383 villam
873 1346 1032 1397 quidem
1061 1355 1167 1383 tuam
1195 1347 1255 1383 via
1283 1348 1418 1384 Graeca
1445 1347 1499 1383 ire
1532 1346 1661 1383 soleas.
1709 1345 1814 1382 Nam
1835 1344 1931 1395 quid

565 1423 637 1461 ego
672 1420 707 1447 te
741 1409 902 1446 athletas
937 1420 1072 1461 putem
1107 1410 1327 1454 desiderare,
1361 1411 1428 1461 qui
1463 1410 1689 1461 gladiatores
1725 1418 1930 1459 contemp-

566 1475 686 1512 seris?
723 1475 763 1512 in
795 1475 938 1525 quibus
971 1475 1050 1526 ipse
1082 1475 1292 1526 Pompeius
1323 1475 1532 1512 confitetur
1566 1475 1600 1512 se
1634 1484 1671 1512 et
1705 1487 1859 1526 operam
1894 1482 1933 1510 et

565 1539 697 1576 oleum
736 1539 950 1591 perdidisse.
1008 1539 1184 1590 Reliquae
1224 1539 1311 1576 sunt
1349 1540 1568 1578 venationes
1609 1539 1708 1576 binae
1748 1552 1814 1590 per
1851 1537 1932 1574 dies

565 1604 755 1656 quinque,
798 1603 1027 1654 magnificae,
1069 1617 1185 1641 nemo
1219 1613 1364 1655 negat3
1408 1604 1469 1640 sed
1504 1618 1588 1655 quae
1622 1603 1744 1654 potest
1778 1602 1933 1639 homini

563 1669 635 1706 effe
655 1669 780 1720 polito
805 1668 1021 1712 delectatio,
1053 1682 1143 1705 cum
1173 1678 1238 1705 aut
1269 1668 1390 1706 homo
1422 1668 1645 1705 imbecillus
1677 1681 1697 1704 a
1723 1667 1932 1704 valentiffi-

565 1746 627 1770 ma
646 1733 763 1770 bestia
786 1733 965 1777 laniatur,
995 1742 1060 1769 aut
1088 1732 1266 1784 praeclara
1293 1733 1409 1770 bestia
1435 1733 1625 1770 venabulo
1653 1731 1930 1769 transverbera-

566 1806 627 1834 tur
646 1799 658 1834 ?
682 1799 778 1848 Qae
801 1806 943 1840 tamen,
966 1797 991 1834 fi
1013 1796 1176 1834 videnda
1195 1797 1297 1841 sunt,
1320 1797 1414 1848 saepe
1435 1797 1588 1840 vidisti;
1611 1810 1735 1848 neque
1756 1809 1840 1840 nos,
1863 1796 1931 1846 qui

566 1861 646 1899 haec
668 1861 934 1913 speetavimus,
953 1860 1167 1912 quidquam
1190 1862 1278 1897 novi
1299 1861 1482 1898 vidimus.
1516 1862 1724 1898 Extremus
1746 1859 1930 1910 elephan-

568 1930 698 1962 torum
730 1925 809 1962 dies
841 1924 932 1968 suit,
964 1925 1003 1961 in
1031 1938 1110 1974 quo
1136 1925 1339 1961 admiratio
1366 1938 1505 1976 magna
1531 1924 1639 1975 vulgi
1660 1933 1774 1975 atque
1796 1922 1931 1965 turbae,

569 1989 770 2026 deleeiatio
810 1989 930 2033 nulla,
970 1989 1114 2026 extitit.
1166 1989 1273 2039 Qin
1313 1989 1430 2026 etiam
1464 1988 1723 2026 misericordia
1756 1987 1932 2038 quaedam

569 2052 773 2090 consecuta
792 2052 857 2096 est,
889 2062 1003 2104 atque
1023 2053 1157 2104 opinio
1177 2053 1381 2104 ejusmodi,
1412 2053 1482 2090 effe
1503 2053 1695 2105 quandam
1715 2052 1775 2089 illi
1796 2052 1933 2088 belluae

569 2131 660 2154 cum
679 2130 818 2168 genere
838 2116 1009 2153 humano
1030 2117 1264 2155 societatem.
1311 2118 1387 2154 His
1408 2131 1479 2168 ego
1500 2127 1627 2154 tamen
1650 2117 1800 2159 diebus,
1831 2115 1934 2152 ludis

571 2182 744 2225 scenicis,
777 2195 823 2218 ne
844 2181 943 2218 forte
964 2182 1090 2219 videar
1111 2182 1183 2219 tibi
1205 2196 1281 2219 non
1312 2182 1429 2219 modo
1459 2183 1606 2226 beatus,
1638 2182 1699 2219 sed
1726 2182 1823 2218 liber
1844 2194 1932 2218 om-

571 2248 663 2284 nino
683 2247 808 2291 fuisse,
830 2247 958 2298 dirupi
979 2262 1040 2284 me
1061 2261 1157 2299 pene
1178 2248 1216 2284 in
1233 2247 1384 2298 judicio
1406 2248 1513 2285 Galli
1535 2247 1706 2291 Caninii,
1733 2246 1932 2284 familiaris

572 2311 644 2349 tui.
668 2311 785 2362 Qod
802 2311 827 2348 fi
846 2320 923 2348 tam
944 2311 1100 2349 facilem
1120 2312 1312 2364 populum
1332 2311 1529 2356 haberem,
1548 2326 1663 2363 quam
1680 2312 1844 2363 AEsopus
1861 2310 1932 2347 ha-

571 2376 671 2420 buit,
703 2376 869 2412 libenter
888 2375 1109 2413 mehercule
1129 2385 1250 2413 artem
1271 2376 1478 2414 desinerem
1495 2396 1506 2421 3
1540 2386 1761 2427 tecumque,
1783 2385 1821 2413 et
1841 2389 1933 2413 cum

571 2439 761 2477 similibus
781 2439 913 2484 nostri,
944 2441 1125 2478 viverem.
1172 2441 1277 2478 Nam
1304 2454 1366 2477 me
1393 2454 1484 2478 cum
1505 2450 1613 2478 antea
1633 2440 1808 2484 taedebat,
1840 2453 1932 2477 cum

571 2514 609 2544 et
628 2514 713 2544 aetas
741 2514 778 2543 et
806 2505 969 2544 ambitio
999 2520 1060 2544 me
1088 2505 1357 2551 hortabantur,
1386 2515 1424 2544 et
1444 2506 1585 2545 licebat
1605 2506 1785 2559 denique,
1815 2517 1935 2557 quem
