<?xml version="1.0" encoding="UTF-8"?>
<!DOCTYPE html PUBLIC "-//W3C//DTD XHTML 1.0 Transitional//EN"
    "http://www.w3.org/TR/xhtml1/DTD/xhtml1-transitional.dtd">
<html xmlns="http://www.w3.org/1999/xhtml" xml:lang="en" lang="en">
 <head>
  <title>
</title>
<meta http-equiv="Content-Type" content="text/html;charset=utf-8" />
  <meta name='ocr-system' content='tesseract 3.04.00' />
  <meta name='ocr-capabilities' content='ocr_page ocr_carea ocr_par ocr_line ocrx_word'/>
</head>
<body>
  <div class='ocr_page' id='page_1' title='image "./operacumindicibu07ciceuoft_0366.png"; bbox 0 0 2351 2997; ppageno 0'>
   <div class='ocr_carea' id='block_1_1' title="bbox 530 280 1567 339">
    <p class='ocr_par' dir='ltr' id='par_1_1' title="bbox 530 280 1567 339">
     <span class='ocr_line' id='line_1_1' title="bbox 530 280 1567 339; baseline -0.008 -13"><span class='ocrx_word' id='word_1_1' title='bbox 530 287 606 339; x_wconf 73' lang='lat'>346</span> <span class='ocrx_word' id='word_1_2' title='bbox 875 280 1567 324; x_wconf 80' lang='lat' dir='ltr'>EPISTOLARUM</span> 
     </span>
    </p>
   </div>
   <div class='ocr_carea' id='block_1_2' title="bbox 763 508 1681 551">
    <p class='ocr_par' dir='ltr' id='par_1_2' title="bbox 763 508 1681 551">
     <span class='ocr_line' id='line_1_2' title="bbox 763 508 1681 551; baseline -0.003 -1"><span class='ocrx_word' id='word_1_3' title='bbox 763 513 826 551; x_wconf 82' lang='lat' dir='ltr'>M.</span> <span class='ocrx_word' id='word_1_4' title='bbox 860 514 913 550; x_wconf 89' lang='grc' dir='ltr'>Τ.</span> <span class='ocrx_word' id='word_1_5' title='bbox 948 512 1188 550; x_wconf 77' lang='lat' dir='ltr'>CICERO</span> <span class='ocrx_word' id='word_1_6' title='bbox 1229 511 1436 549; x_wconf 82' lang='lat' dir='ltr'><strong>BRUTO</strong></span> <span class='ocrx_word' id='word_1_7' title='bbox 1478 509 1516 548; x_wconf 89' lang='lat' dir='ltr'>S.</span> <span class='ocrx_word' id='word_1_8' title='bbox 1550 508 1593 546; x_wconf 92' lang='lat' dir='ltr'>P.</span> <span class='ocrx_word' id='word_1_9' title='bbox 1628 509 1681 547; x_wconf 92' lang='lat' dir='ltr'>D.</span> 
     </span>
    </p>
   </div>
   <div class='ocr_carea' id='block_1_3' title="bbox 536 636 1933 1541">
    <p class='ocr_par' dir='ltr' id='par_1_3' title="bbox 536 636 1914 713">
     <span class='ocr_line' id='line_1_3' title="bbox 536 636 1914 713; baseline -0.007 -30"><span class='ocrx_word' id='word_1_10' title='bbox 536 645 648 683; x_wconf 86' lang='lat' dir='ltr'><strong>XIV.</strong></span> <span class='ocrx_word' id='word_1_11' title='bbox 674 640 916 713; x_wconf 68' lang='lat' dir='ltr'><strong>LUCIO</strong></span> <span class='ocrx_word' id='word_1_12' title='bbox 949 639 1063 679; x_wconf 80' lang='lat' dir='ltr'>Titio</span> <span class='ocrx_word' id='word_1_13' title='bbox 1090 637 1291 682; x_wconf 84' lang='lat' dir='ltr'>Strabone,</span> <span class='ocrx_word' id='word_1_14' title='bbox 1324 637 1456 689; x_wconf 86' lang='lat' dir='ltr'>equite</span> <span class='ocrx_word' id='word_1_15' title='bbox 1484 636 1751 681; x_wconf 27' lang='lat' dir='ltr'>Romano,sin</span> <span class='ocrx_word' id='word_1_16' title='bbox 1777 636 1914 689; x_wconf 64' lang='lat' dir='ltr'>primis</span> 
     </span>
    </p>

    <p class='ocr_par' dir='ltr' id='par_1_4' title="bbox 536 700 1933 1541">
     <span class='ocr_line' id='line_1_4' title="bbox 771 700 1915 748; baseline -0.005 -4"><span class='ocrx_word' id='word_1_17' title='bbox 771 706 932 744; x_wconf 86' lang='lat' dir='ltr'>honesto</span> <span class='ocrx_word' id='word_1_18' title='bbox 952 715 990 743; x_wconf 88' lang='lat' dir='ltr'>et</span> <span class='ocrx_word' id='word_1_19' title='bbox 1011 712 1161 748; x_wconf 85' lang='lat' dir='ltr'>ornato,</span> <span class='ocrx_word' id='word_1_20' title='bbox 1183 701 1476 739; x_wconf 81' lang='lat' dir='ltr'>familiariffime</span> <span class='ocrx_word' id='word_1_21' title='bbox 1498 710 1614 739; x_wconf 62' lang='lat' dir='ltr'>utor..&gt;</span> <span class='ocrx_word' id='word_1_22' title='bbox 1645 701 1793 738; x_wconf 79' lang='lat' dir='ltr'>Omnia</span> <span class='ocrx_word' id='word_1_23' title='bbox 1812 700 1915 739; x_wconf 81' lang='lat' dir='ltr'>mihi</span> 
     </span>
     <span class='ocr_line' id='line_1_5' title="bbox 536 767 1919 823; baseline -0.007 -10"><span class='ocrx_word' id='word_1_24' title='bbox 536 788 629 814; x_wconf 80' lang='lat' dir='ltr'>cum</span> <span class='ocrx_word' id='word_1_25' title='bbox 650 788 694 811; x_wconf 92' lang='lat' dir='ltr'>eo</span> <span class='ocrx_word' id='word_1_26' title='bbox 715 772 963 811; x_wconf 83' lang='lat' dir='ltr'>intercedunt</span> <span class='ocrx_word' id='word_1_27' title='bbox 985 772 1074 823; x_wconf 79' lang='lat' dir='ltr'>jura</span> <span class='ocrx_word' id='word_1_28' title='bbox 1100 769 1260 806; x_wconf 80' lang='lat' dir='ltr'>summae</span> <span class='ocrx_word' id='word_1_29' title='bbox 1292 767 1595 806; x_wconf 84' lang='lat' dir='ltr'>neceffitudinis‚</span> <span class='ocrx_word' id='word_1_30' title='bbox 1642 767 1752 804; x_wconf 87' lang='lat' dir='ltr'>Huic</span> <span class='ocrx_word' id='word_1_31' title='bbox 1783 767 1823 804; x_wconf 90' lang='lat' dir='ltr'>in</span> <span class='ocrx_word' id='word_1_32' title='bbox 1852 776 1919 804; x_wconf 75' lang='lat' dir='ltr'>tua</span> 
     </span>
     <span class='ocr_line' id='line_1_6' title="bbox 537 833 1918 894; baseline -0.007 -15"><span class='ocrx_word' id='word_1_33' title='bbox 537 840 737 894; x_wconf 79' lang='lat' dir='ltr'>provincia</span> <span class='ocrx_word' id='word_1_34' title='bbox 757 838 963 891; x_wconf 84' lang='lat' dir='ltr'>pecuniam</span> <span class='ocrx_word' id='word_1_35' title='bbox 985 836 1099 873; x_wconf 84' lang='lat' dir='ltr'>debet</span> <span class='ocrx_word' id='word_1_36' title='bbox 1120 835 1164 872; x_wconf 91' lang='lat' dir='ltr'>P.</span> <span class='ocrx_word' id='word_1_37' title='bbox 1190 834 1413 871; x_wconf 81' lang='lat' dir='ltr'>Cornelius.</span> <span class='ocrx_word' id='word_1_38' title='bbox 1446 834 1503 871; x_wconf 87' lang='lat' dir='ltr'>Ea</span> <span class='ocrx_word' id='word_1_39' title='bbox 1524 847 1579 870; x_wconf 82' lang='lat' dir='ltr'>res</span> <span class='ocrx_word' id='word_1_40' title='bbox 1597 846 1617 870; x_wconf 81' lang='lat' dir='ltr'>a</span> <span class='ocrx_word' id='word_1_41' title='bbox 1633 833 1829 877; x_wconf 81' lang='lat' dir='ltr'>Volcatio,</span> <span class='ocrx_word' id='word_1_42' title='bbox 1847 833 1918 884; x_wconf 81' lang='lat' dir='ltr'>qui</span> 
     </span>
     <span class='ocr_line' id='line_1_7' title="bbox 540 897 1917 957; baseline -0.007 -13"><span class='ocrx_word' id='word_1_43' title='bbox 540 907 677 944; x_wconf 78' lang='lat' dir='ltr'>Romae</span> <span class='ocrx_word' id='word_1_44' title='bbox 693 907 757 957; x_wconf 82' lang='lat' dir='ltr'>jus</span> <span class='ocrx_word' id='word_1_45' title='bbox 780 904 891 947; x_wconf 85' lang='lat' dir='ltr'>dicit,</span> <span class='ocrx_word' id='word_1_46' title='bbox 923 903 1059 953; x_wconf 63' lang='lat' dir='ltr'>rejeeta</span> <span class='ocrx_word' id='word_1_47' title='bbox 1078 901 1118 937; x_wconf 90' lang='lat' dir='ltr'>in</span> <span class='ocrx_word' id='word_1_48' title='bbox 1141 899 1313 937; x_wconf 80' lang='lat' dir='ltr'>Galliam</span> <span class='ocrx_word' id='word_1_49' title='bbox 1335 898 1401 936; x_wconf 87' lang='lat' dir='ltr'>est.</span> <span class='ocrx_word' id='word_1_50' title='bbox 1435 899 1531 935; x_wconf 92' lang='lat' dir='ltr'>Peto</span> <span class='ocrx_word' id='word_1_51' title='bbox 1552 911 1571 935; x_wconf 83' lang='lat' dir='ltr'><strong>a</strong></span> <span class='ocrx_word' id='word_1_52' title='bbox 1592 907 1629 935; x_wconf 82' lang='lat' dir='ltr'>te</span> <span class='ocrx_word' id='word_1_53' title='bbox 1649 897 1725 935; x_wconf 84' lang='lat' dir='ltr'>hoc</span> <span class='ocrx_word' id='word_1_54' title='bbox 1745 897 1917 949; x_wconf 85' lang='lat' dir='ltr'>diligen-</span> 
     </span>
     <span class='ocr_line' id='line_1_8' title="bbox 540 961 1917 1022; baseline -0.008 -14"><span class='ocrx_word' id='word_1_55' title='bbox 540 971 632 1015; x_wconf 80' lang='lat' dir='ltr'>tius,</span> <span class='ocrx_word' id='word_1_56' title='bbox 655 983 773 1022; x_wconf 85' lang='lat' dir='ltr'>quam</span> <span class='ocrx_word' id='word_1_57' title='bbox 795 968 820 1005; x_wconf 88' lang='lat' dir='ltr'><strong>fi</strong></span> <span class='ocrx_word' id='word_1_58' title='bbox 842 981 926 1004; x_wconf 80' lang='lat' dir='ltr'>mea</span> <span class='ocrx_word' id='word_1_59' title='bbox 947 979 1003 1004; x_wconf 78' lang='lat' dir='ltr'>res</span> <span class='ocrx_word' id='word_1_60' title='bbox 1024 965 1127 1009; x_wconf 76' lang='lat' dir='ltr'>esset,</span> <span class='ocrx_word' id='word_1_61' title='bbox 1149 977 1229 1015; x_wconf 86' lang='lat' dir='ltr'>quo</span> <span class='ocrx_word' id='word_1_62' title='bbox 1250 963 1302 1000; x_wconf 89' lang='lat' dir='ltr'>est</span> <span class='ocrx_word' id='word_1_63' title='bbox 1322 961 1520 1000; x_wconf 78' lang='lat' dir='ltr'>honestius</span> <span class='ocrx_word' id='word_1_64' title='bbox 1542 961 1588 999; x_wconf 88' lang='lat' dir='ltr'>de</span> <span class='ocrx_word' id='word_1_65' title='bbox 1608 962 1825 999; x_wconf 83' lang='lat' dir='ltr'>amicorum</span> <span class='ocrx_word' id='word_1_66' title='bbox 1846 976 1917 1013; x_wconf 84' lang='lat' dir='ltr'>pe-</span> 
     </span>
     <span class='ocr_line' id='line_1_9' title="bbox 539 1024 1918 1082; baseline -0.007 -10"><span class='ocrx_word' id='word_1_67' title='bbox 539 1035 655 1072; x_wconf 85' lang='lat' dir='ltr'>cunia</span> <span class='ocrx_word' id='word_1_68' title='bbox 674 1033 859 1076; x_wconf 77' lang='lat' dir='ltr'>laborare,</span> <span class='ocrx_word' id='word_1_69' title='bbox 883 1044 1000 1082; x_wconf 78' lang='lat' dir='ltr'>quam</span> <span class='ocrx_word' id='word_1_70' title='bbox 1022 1030 1068 1066; x_wconf 93' lang='lat' dir='ltr'>de</span> <span class='ocrx_word' id='word_1_71' title='bbox 1090 1029 1169 1073; x_wconf 82' lang='lat' dir='ltr'>sua,</span> <span class='ocrx_word' id='word_1_72' title='bbox 1190 1036 1234 1064; x_wconf 87' lang='lat' dir='ltr'>ut</span> <span class='ocrx_word' id='word_1_73' title='bbox 1254 1027 1458 1078; x_wconf 81' lang='lat' dir='ltr'>negotium</span> <span class='ocrx_word' id='word_1_74' title='bbox 1479 1024 1771 1063; x_wconf 84' lang='lat' dir='ltr'>conficiendum</span> <span class='ocrx_word' id='word_1_75' title='bbox 1792 1039 1918 1070; x_wconf 83' lang='lat' dir='ltr'>cures,</span> 
     </span>
     <span class='ocr_line' id='line_1_10' title="bbox 539 1090 1928 1151; baseline -0.008 -14"><span class='ocrx_word' id='word_1_76' title='bbox 539 1100 619 1151; x_wconf 86' lang='lat' dir='ltr'>ipse</span> <span class='ocrx_word' id='word_1_77' title='bbox 639 1098 835 1149; x_wconf 81' lang='lat' dir='ltr'>suscipias,</span> <span class='ocrx_word' id='word_1_78' title='bbox 859 1096 1055 1147; x_wconf 59' lang='lat' dir='ltr'>transigam,</span> <span class='ocrx_word' id='word_1_79' title='bbox 1086 1105 1321 1145; x_wconf 82' lang='lat' dir='ltr'>operamque</span> <span class='ocrx_word' id='word_1_80' title='bbox 1341 1091 1422 1135; x_wconf 64' lang='lat' dir='ltr'>dee,</span> <span class='ocrx_word' id='word_1_81' title='bbox 1454 1090 1582 1142; x_wconf 82' lang='lat' dir='ltr'>quoad</span> <span class='ocrx_word' id='word_1_82' title='bbox 1603 1090 1677 1127; x_wconf 91' lang='lat' dir='ltr'>tibi</span> <span class='ocrx_word' id='word_1_83' title='bbox 1705 1103 1861 1142; x_wconf 81' lang='lat' dir='ltr'>aequum</span> <span class='ocrx_word' id='word_1_84' title='bbox 1881 1100 1928 1128; x_wconf 88' lang='lat' dir='ltr'>et·</span> 
     </span>
     <span class='ocr_line' id='line_1_11' title="bbox 540 1155 1920 1212; baseline -0.008 -10"><span class='ocrx_word' id='word_1_85' title='bbox 540 1166 690 1202; x_wconf 60' lang='lat' dir='ltr'>reetum</span> <span class='ocrx_word' id='word_1_86' title='bbox 710 1162 921 1206; x_wconf 84' lang='lat' dir='ltr'>videbitur,</span> <span class='ocrx_word' id='word_1_87' title='bbox 953 1170 997 1198; x_wconf 87' lang='lat' dir='ltr'>ut</span> <span class='ocrx_word' id='word_1_88' title='bbox 1017 1172 1136 1212; x_wconf 85' lang='lat' dir='ltr'>quam</span> <span class='ocrx_word' id='word_1_89' title='bbox 1164 1156 1476 1195; x_wconf 78' lang='lat' dir='ltr'>commodiffima</span> <span class='ocrx_word' id='word_1_90' title='bbox 1501 1155 1728 1193; x_wconf 67' lang='lat' dir='ltr'>conditione</span> <span class='ocrx_word' id='word_1_91' title='bbox 1755 1155 1920 1193; x_wconf 77' lang='lat' dir='ltr'>libertus</span> 
     </span>
     <span class='ocr_line' id='line_1_12' title="bbox 543 1219 1933 1278; baseline -0.008 -11"><span class='ocrx_word' id='word_1_92' title='bbox 543 1228 756 1272; x_wconf 77' lang='lat' dir='ltr'>Strabonis,</span> <span class='ocrx_word' id='word_1_93' title='bbox 783 1227 851 1278; x_wconf 87' lang='lat' dir='ltr'>qui</span> <span class='ocrx_word' id='word_1_94' title='bbox 872 1227 953 1278; x_wconf 83' lang='lat' dir='ltr'>ejus</span> <span class='ocrx_word' id='word_1_95' title='bbox 976 1225 1030 1262; x_wconf 87' lang='lat' dir='ltr'>rei</span> <span class='ocrx_word' id='word_1_96' title='bbox 1050 1223 1160 1261; x_wconf 82' lang='lat' dir='ltr'>causa</span> <span class='ocrx_word' id='word_1_97' title='bbox 1179 1222 1311 1260; x_wconf 81' lang='lat' dir='ltr'>miffus</span> <span class='ocrx_word' id='word_1_98' title='bbox 1332 1221 1399 1267; x_wconf 89' lang='lat' dir='ltr'>est,</span> <span class='ocrx_word' id='word_1_99' title='bbox 1431 1221 1635 1272; x_wconf 87' lang='lat' dir='ltr'>negotium</span> <span class='ocrx_word' id='word_1_100' title='bbox 1656 1220 1852 1265; x_wconf 80' lang='lat' dir='ltr'>conficiat,</span> <span class='ocrx_word' id='word_1_101' title='bbox 1874 1219 1933 1257; x_wconf 70' lang='lat' dir='ltr'>ad.⁴</span> 
     </span>
     <span class='ocr_line' id='line_1_13' title="bbox 542 1285 1922 1345; baseline -0.007 -13"><span class='ocrx_word' id='word_1_102' title='bbox 542 1293 802 1345; x_wconf 79' lang='lat' dir='ltr'>nummosque</span> <span class='ocrx_word' id='word_1_103' title='bbox 823 1292 1034 1344; x_wconf 80' lang='lat' dir='ltr'>perveniat.</span> <span class='ocrx_word' id='word_1_104' title='bbox 1068 1289 1111 1327; x_wconf 92' lang='lat' dir='ltr'>Id</span> <span class='ocrx_word' id='word_1_105' title='bbox 1133 1298 1171 1327; x_wconf 88' lang='lat' dir='ltr'>et</span> <span class='ocrx_word' id='word_1_106' title='bbox 1190 1288 1291 1326; x_wconf 85' lang='lat' dir='ltr'>mihi</span> <span class='ocrx_word' id='word_1_107' title='bbox 1312 1287 1569 1339; x_wconf 84' lang='lat' dir='ltr'>gratiffimum</span> <span class='ocrx_word' id='word_1_108' title='bbox 1590 1287 1687 1331; x_wconf 83' lang='lat' dir='ltr'>erit;</span> <span class='ocrx_word' id='word_1_109' title='bbox 1720 1295 1758 1324; x_wconf 84' lang='lat' dir='ltr'>et</span> <span class='ocrx_word' id='word_1_110' title='bbox 1779 1295 1820 1323; x_wconf 88' lang='lat' dir='ltr'>tu</span> <span class='ocrx_word' id='word_1_111' title='bbox 1842 1285 1922 1337; x_wconf 86' lang='lat' dir='ltr'>ipse</span> 
     </span>
     <span class='ocr_line' id='line_1_14' title="bbox 543 1351 1922 1409; baseline -0.007 -12"><span class='ocrx_word' id='word_1_112' title='bbox 543 1361 591 1398; x_wconf 93' lang='lat' dir='ltr'>L.</span> <span class='ocrx_word' id='word_1_113' title='bbox 616 1360 774 1397; x_wconf 80' lang='lat' dir='ltr'>Titium</span> <span class='ocrx_word' id='word_1_114' title='bbox 796 1357 1004 1409; x_wconf 80' lang='lat' dir='ltr'>cognosces</span> <span class='ocrx_word' id='word_1_115' title='bbox 1025 1355 1198 1393; x_wconf 83' lang='lat' dir='ltr'>amicitia</span> <span class='ocrx_word' id='word_1_116' title='bbox 1217 1363 1283 1392; x_wconf 86' lang='lat' dir='ltr'>tua</span> <span class='ocrx_word' id='word_1_117' title='bbox 1302 1353 1585 1404; x_wconf 84' lang='lat' dir='ltr'>digniffimum.</span> <span class='ocrx_word' id='word_1_118' title='bbox 1632 1352 1752 1403; x_wconf 86' lang='lat' dir='ltr'>Qod</span> <span class='ocrx_word' id='word_1_119' title='bbox 1777 1359 1820 1388; x_wconf 89' lang='lat' dir='ltr'>ut</span> <span class='ocrx_word' id='word_1_120' title='bbox 1848 1351 1922 1388; x_wconf 84' lang='lat' dir='ltr'>tibi</span> 
     </span>
     <span class='ocr_line' id='line_1_15' title="bbox 543 1415 1919 1472; baseline -0.007 -9"><span class='ocrx_word' id='word_1_121' title='bbox 543 1439 643 1463; x_wconf 76' lang='lat' dir='ltr'>curae</span> <span class='ocrx_word' id='word_1_122' title='bbox 666 1425 723 1469; x_wconf 83' lang='lat' dir='ltr'>fit,</span> <span class='ocrx_word' id='word_1_123' title='bbox 756 1433 799 1461; x_wconf 88' lang='lat' dir='ltr'>ut</span> <span class='ocrx_word' id='word_1_124' title='bbox 819 1423 951 1461; x_wconf 87' lang='lat' dir='ltr'>omnia</span> <span class='ocrx_word' id='word_1_125' title='bbox 971 1422 1095 1460; x_wconf 88' lang='lat' dir='ltr'>solent</span> <span class='ocrx_word' id='word_1_126' title='bbox 1115 1420 1201 1464; x_wconf 81' lang='lat' dir='ltr'>effe,</span> <span class='ocrx_word' id='word_1_127' title='bbox 1223 1433 1309 1472; x_wconf 85' lang='lat' dir='ltr'>quae</span> <span class='ocrx_word' id='word_1_128' title='bbox 1329 1432 1392 1457; x_wconf 87' lang='lat' dir='ltr'>me</span> <span class='ocrx_word' id='word_1_129' title='bbox 1411 1417 1511 1457; x_wconf 90' lang='lat' dir='ltr'>velle</span> <span class='ocrx_word' id='word_1_130' title='bbox 1530 1417 1617 1463; x_wconf 78' lang='lat' dir='ltr'>scis,</span> <span class='ocrx_word' id='word_1_131' title='bbox 1650 1427 1687 1455; x_wconf 91' lang='lat' dir='ltr'>te</span> <span class='ocrx_word' id='word_1_132' title='bbox 1707 1415 1919 1456; x_wconf 78' lang='lat' dir='ltr'>vehemen==</span> 
     </span>
     <span class='ocr_line' id='line_1_16' title="bbox 543 1485 1284 1541; baseline -0.009 -12"><span class='ocrx_word' id='word_1_133' title='bbox 543 1501 601 1529; x_wconf 73' lang='lat' dir='ltr'>tex·</span> <span class='ocrx_word' id='word_1_134' title='bbox 621 1492 737 1528; x_wconf 78' lang='lat' dir='ltr'>etiam</span> <span class='ocrx_word' id='word_1_135' title='bbox 759 1500 874 1541; x_wconf 82' lang='lat' dir='ltr'>atque</span> <span class='ocrx_word' id='word_1_136' title='bbox 894 1489 1142 1539; x_wconf 68' lang='lat' dir='ltr'>etiamsogo.</span> <span class='ocrx_word' id='word_1_137' title='bbox 1173 1485 1284 1523; x_wconf 81' lang='lat' dir='ltr'>Vale,</span> 
     </span>
    </p>
   </div>
   <div class='ocr_carea' id='block_1_4' title="bbox 618 1683 1857 1729">
    <p class='ocr_par' dir='ltr' id='par_1_5' title="bbox 618 1683 1857 1729">
     <span class='ocr_line' id='line_1_17' title="bbox 618 1683 1857 1729; baseline -0.009 0"><span class='ocrx_word' id='word_1_138' title='bbox 618 1692 680 1729; x_wconf 83' lang='lat' dir='ltr'>M.</span> <span class='ocrx_word' id='word_1_139' title='bbox 714 1693 767 1729; x_wconf 76' lang='lat' dir='ltr'>T.</span> <span class='ocrx_word' id='word_1_140' title='bbox 801 1690 1040 1727; x_wconf 77' lang='lat' dir='ltr'>CICERO</span> <span class='ocrx_word' id='word_1_141' title='bbox 1084 1688 1131 1724; x_wconf 94' lang='lat' dir='ltr'>C.</span> <span class='ocrx_word' id='word_1_142' title='bbox 1166 1686 1418 1723; x_wconf 82' lang='lat' dir='ltr'>CAESARI</span> <span class='ocrx_word' id='word_1_143' title='bbox 1462 1685 1594 1721; x_wconf 75' lang='lat' dir='ltr'><strong>IMP.</strong></span> <span class='ocrx_word' id='word_1_144' title='bbox 1636 1684 1674 1720; x_wconf 84' lang='lat' dir='ltr'>S.</span> <span class='ocrx_word' id='word_1_145' title='bbox 1708 1683 1751 1721; x_wconf 81' lang='lat' dir='ltr'>P.</span> <span class='ocrx_word' id='word_1_146' title='bbox 1785 1683 1857 1722; x_wconf 75' lang='lat' dir='ltr'>D..</span> 
     </span>
    </p>
   </div>
   <div class='ocr_carea' id='block_1_5' title="bbox 546 1809 1946 2322">
    <p class='ocr_par' dir='ltr' id='par_1_6' title="bbox 546 1809 1921 1890">
     <span class='ocr_line' id='line_1_18' title="bbox 546 1809 1921 1890; baseline -0.008 -33"><span class='ocrx_word' id='word_1_147' title='bbox 546 1819 638 1857; x_wconf 68' lang='lat' dir='ltr'>XV.</span> <span class='ocrx_word' id='word_1_148' title='bbox 663 1818 716 1890; x_wconf 80' lang='lat' dir='ltr'>P</span> <span class='ocrx_word' id='word_1_149' title='bbox 733 1819 828 1856; x_wconf 83' lang='lat' dir='ltr'>RAE</span> <span class='ocrx_word' id='word_1_150' title='bbox 845 1817 877 1854; x_wconf 93' lang='lat' dir='ltr'>C</span> <span class='ocrx_word' id='word_1_151' title='bbox 894 1817 910 1854; x_wconf 95' lang='lat' dir='ltr'>I</span> <span class='ocrx_word' id='word_1_152' title='bbox 926 1816 986 1852; x_wconf 95' lang='lat' dir='ltr'>LI</span> <span class='ocrx_word' id='word_1_153' title='bbox 1003 1816 1040 1852; x_wconf 93' lang='lat' dir='ltr'>U</span> <span class='ocrx_word' id='word_1_154' title='bbox 1055 1814 1104 1852; x_wconf 91' lang='lat' dir='ltr'>M</span> <span class='ocrx_word' id='word_1_155' title='bbox 1134 1812 1208 1851; x_wconf 87' lang='lat' dir='ltr'>tibi</span> <span class='ocrx_word' id='word_1_156' title='bbox 1229 1811 1466 1850; x_wconf 89' lang='lat' dir='ltr'>commendo</span> <span class='ocrx_word' id='word_1_157' title='bbox 1486 1811 1614 1856; x_wconf 86' lang='lat' dir='ltr'>unice,</span> <span class='ocrx_word' id='word_1_158' title='bbox 1634 1809 1692 1848; x_wconf 88' lang='lat' dir='ltr'>tui</span> <span class='ocrx_word' id='word_1_159' title='bbox 1713 1809 1921 1855; x_wconf 71' lang='lat' dir='ltr'>necessarii,</span> 
     </span>
    </p>

    <p class='ocr_par' dir='ltr' id='par_1_7' title="bbox 547 1875 1946 2322">
     <span class='ocr_line' id='line_1_19' title="bbox 735 1875 1922 1928; baseline -0.008 -8"><span class='ocrx_word' id='word_1_160' title='bbox 735 1882 813 1920; x_wconf 88' lang='lat' dir='ltr'>mei</span> <span class='ocrx_word' id='word_1_161' title='bbox 834 1879 1133 1922; x_wconf 82' lang='lat' dir='ltr'>familiariffimi,</span> <span class='ocrx_word' id='word_1_162' title='bbox 1150 1878 1224 1915; x_wconf 83' lang='lat' dir='ltr'>viri</span> <span class='ocrx_word' id='word_1_163' title='bbox 1244 1878 1387 1928; x_wconf 85' lang='lat' dir='ltr'>optimi</span> <span class='ocrx_word' id='word_1_164' title='bbox 1407 1876 1557 1914; x_wconf 87' lang='lat' dir='ltr'>filium:</span> <span class='ocrx_word' id='word_1_165' title='bbox 1581 1888 1700 1927; x_wconf 89' lang='lat' dir='ltr'>quem</span> <span class='ocrx_word' id='word_1_166' title='bbox 1717 1888 1808 1913; x_wconf 87' lang='lat' dir='ltr'>cum</span> <span class='ocrx_word' id='word_1_167' title='bbox 1828 1875 1922 1912; x_wconf 80' lang='lat' dir='ltr'>ado-</span> 
     </span>
     <span class='ocr_line' id='line_1_20' title="bbox 548 1940 1924 1999; baseline -0.009 -11"><span class='ocrx_word' id='word_1_168' title='bbox 548 1951 756 1988; x_wconf 85' lang='lat' dir='ltr'>lescentem</span> <span class='ocrx_word' id='word_1_169' title='bbox 784 1947 911 1999; x_wconf 85' lang='lat' dir='ltr'>ipsum</span> <span class='ocrx_word' id='word_1_170' title='bbox 936 1954 1094 1997; x_wconf 85' lang='lat' dir='ltr'>propter</span> <span class='ocrx_word' id='word_1_171' title='bbox 1120 1944 1202 1994; x_wconf 89' lang='lat' dir='ltr'>ejus</span> <span class='ocrx_word' id='word_1_172' title='bbox 1233 1941 1474 1985; x_wconf 74' lang='lat' dir='ltr'>modestiam,</span> <span class='ocrx_word' id='word_1_173' title='bbox 1506 1940 1806 1984; x_wconf 85' lang='lat' dir='ltr'>humanitatem,</span> <span class='ocrx_word' id='word_1_174' title='bbox 1838 1940 1924 1977; x_wconf 83' lang='lat' dir='ltr'>ani-</span> 
     </span>
     <span class='ocr_line' id='line_1_21' title="bbox 547 2006 1924 2062; baseline -0.009 -8"><span class='ocrx_word' id='word_1_175' title='bbox 547 2030 661 2054; x_wconf 87' lang='lat' dir='ltr'>mum</span> <span class='ocrx_word' id='word_1_176' title='bbox 692 2024 730 2052; x_wconf 87' lang='lat' dir='ltr'>et</span> <span class='ocrx_word' id='word_1_177' title='bbox 761 2025 933 2051; x_wconf 83' lang='lat' dir='ltr'>amorem</span> <span class='ocrx_word' id='word_1_178' title='bbox 966 2024 1055 2062; x_wconf 79' lang='lat' dir='ltr'>erga</span> <span class='ocrx_word' id='word_1_179' title='bbox 1082 2023 1146 2047; x_wconf 89' lang='lat' dir='ltr'>me</span> <span class='ocrx_word' id='word_1_180' title='bbox 1179 2008 1424 2060; x_wconf 74' lang='lat' dir='ltr'>singularem,</span> <span class='ocrx_word' id='word_1_181' title='bbox 1456 2006 1621 2044; x_wconf 86' lang='lat' dir='ltr'>mirifice</span> <span class='ocrx_word' id='word_1_182' title='bbox 1653 2006 1776 2056; x_wconf 85' lang='lat' dir='ltr'>diligo</span> <span class='ocrx_word' id='word_1_183' title='bbox 1793 2023 1804 2049; x_wconf 90' lang='lat'>;</span> <span class='ocrx_word' id='word_1_184' title='bbox 1838 2013 1924 2042; x_wconf 88' lang='lat' dir='ltr'>tum</span> 
     </span>
     <span class='ocr_line' id='line_1_22' title="bbox 549 2069 1925 2134; baseline -0.009 -15"><span class='ocrx_word' id='word_1_185' title='bbox 549 2090 699 2134; x_wconf 84' lang='lat' dir='ltr'>patrem</span> <span class='ocrx_word' id='word_1_186' title='bbox 730 2081 828 2131; x_wconf 87' lang='lat' dir='ltr'>ejus,</span> <span class='ocrx_word' id='word_1_187' title='bbox 859 2091 898 2115; x_wconf 93' lang='lat' dir='ltr'>re</span> <span class='ocrx_word' id='word_1_188' title='bbox 929 2076 1080 2120; x_wconf 52' lang='lat' dir='ltr'>donus,</span> <span class='ocrx_word' id='word_1_189' title='bbox 1111 2073 1289 2112; x_wconf 86' lang='lat' dir='ltr'>intellexi</span> <span class='ocrx_word' id='word_1_190' title='bbox 1317 2082 1355 2110; x_wconf 91' lang='lat' dir='ltr'>et</span> <span class='ocrx_word' id='word_1_191' title='bbox 1382 2072 1504 2109; x_wconf 84' lang='lat' dir='ltr'>didici</span> <span class='ocrx_word' id='word_1_192' title='bbox 1523 2070 1624 2109; x_wconf 89' lang='lat' dir='ltr'>mihi</span> <span class='ocrx_word' id='word_1_193' title='bbox 1645 2069 1756 2108; x_wconf 85' lang='lat' dir='ltr'>fuiffe</span> <span class='ocrx_word' id='word_1_194' title='bbox 1777 2069 1925 2122; x_wconf 87' lang='lat' dir='ltr'>semper</span> 
     </span>
     <span class='ocr_line' id='line_1_23' title="bbox 549 2135 1927 2188; baseline -0.01 -3"><span class='ocrx_word' id='word_1_195' title='bbox 549 2146 838 2185; x_wconf 77' lang='lat' dir='ltr'>amiciffimum.</span> <span class='ocrx_word' id='word_1_196' title='bbox 872 2143 994 2187; x_wconf 88' lang='lat' dir='ltr'>Hem,</span> <span class='ocrx_word' id='word_1_197' title='bbox 1022 2141 1092 2179; x_wconf 87' lang='lat' dir='ltr'>hie</span> <span class='ocrx_word' id='word_1_198' title='bbox 1110 2140 1177 2178; x_wconf 84' lang='lat' dir='ltr'>ille</span> <span class='ocrx_word' id='word_1_199' title='bbox 1197 2139 1264 2184; x_wconf 91' lang='lat' dir='ltr'>est,</span> <span class='ocrx_word' id='word_1_200' title='bbox 1296 2138 1342 2176; x_wconf 91' lang='lat' dir='ltr'>de</span> <span class='ocrx_word' id='word_1_201' title='bbox 1362 2138 1441 2176; x_wconf 85' lang='lat' dir='ltr'>illis</span> <span class='ocrx_word' id='word_1_202' title='bbox 1463 2138 1647 2181; x_wconf 87' lang='lat' dir='ltr'>maxime,</span> <span class='ocrx_word' id='word_1_203' title='bbox 1679 2136 1747 2188; x_wconf 85' lang='lat' dir='ltr'>qui</span> <span class='ocrx_word' id='word_1_204' title='bbox 1769 2135 1927 2173; x_wconf 87' lang='lat' dir='ltr'>irridere</span> 
     </span>
     <span class='ocr_line' id='line_1_24' title="bbox 548 2199 1946 2264; baseline -0.009 -15"><span class='ocrx_word' id='word_1_205' title='bbox 548 2222 664 2264; x_wconf 80' lang='lat' dir='ltr'>atque</span> <span class='ocrx_word' id='word_1_206' title='bbox 685 2211 889 2261; x_wconf 80' lang='lat' dir='ltr'>objurgare</span> <span class='ocrx_word' id='word_1_207' title='bbox 908 2220 971 2244; x_wconf 91' lang='lat' dir='ltr'>me</span> <span class='ocrx_word' id='word_1_208' title='bbox 991 2206 1095 2244; x_wconf 88' lang='lat' dir='ltr'>soliti</span> <span class='ocrx_word' id='word_1_209' title='bbox 1114 2205 1218 2250; x_wconf 87' lang='lat' dir='ltr'>sunt,</span> <span class='ocrx_word' id='word_1_210' title='bbox 1236 2203 1341 2256; x_wconf 87' lang='lat' dir='ltr'>quod</span> <span class='ocrx_word' id='word_1_211' title='bbox 1362 2216 1425 2241; x_wconf 90' lang='lat' dir='ltr'>me</span> <span class='ocrx_word' id='word_1_212' title='bbox 1447 2217 1524 2240; x_wconf 86' lang='lat' dir='ltr'>non</span> <span class='ocrx_word' id='word_1_213' title='bbox 1547 2211 1692 2246; x_wconf 83' lang='lat' dir='ltr'>tecum,</span> <span class='ocrx_word' id='word_1_214' title='bbox 1714 2199 1946 2253; x_wconf 56' lang='lat' dir='ltr'>praesertim-</span> 
     </span>
     <span class='ocr_line' id='line_1_25' title="bbox 549 2269 1735 2322; baseline -0.008 -7"><span class='ocrx_word' id='word_1_215' title='bbox 549 2291 642 2315; x_wconf 87' lang='lat' dir='ltr'>cum</span> <span class='ocrx_word' id='word_1_216' title='bbox 661 2277 727 2314; x_wconf 78' lang='lat' dir='ltr'>abs</span> <span class='ocrx_word' id='word_1_217' title='bbox 750 2285 787 2313; x_wconf 85' lang='lat' dir='ltr'>te</span> <span class='ocrx_word' id='word_1_218' title='bbox 806 2271 1193 2312; x_wconf 71' lang='lat' dir='ltr'>honorificentissime</span> <span class='ocrx_word' id='word_1_219' title='bbox 1211 2271 1408 2315; x_wconf 81' lang='lat' dir='ltr'>invitarer,</span> <span class='ocrx_word' id='word_1_220' title='bbox 1440 2269 1735 2322; x_wconf 84' lang='lat' dir='ltr'>conjungerem.</span> 
     </span>
    </p>
   </div>
  </div>
 </body>
</html>
