2351 2997
563 232 653 270 AD
712 217 1181 266 FAMILIARES
1241 214 1372 254 LIB.
1423 212 1515 250 XV.
1652 223 1728 262 425

627 464 690 502 M.
723 464 776 500 T.
810 461 858 498 C.
892 459 941 496 C.
975 457 1205 494 CAss10
1250 451 1287 488 S.
1321 449 1365 486 P.
1401 447 1454 485 D.

351 596 488 635 XVII.
513 591 566 664 P
582 593 676 629 RAE
691 589 848 628 POST
862 588 893 624 E
908 584 1025 623 ROS
1056 580 1174 619 habes
1197 576 1416 614 tabellarios
1435 593 1445 618 ;
1469 572 1534 610 etfi
1557 583 1618 608 me
1639 568 1730 619 qui-

592 657 681 693 dem
711 667 788 691 non
819 648 1052 688 offendunt:
1086 643 1148 681 sed
1175 650 1321 683 tamen,
1353 651 1445 676 cum
1472 650 1493 673 a
1519 648 1581 672 me
1609 632 1732 669 disce-

352 727 466 770 dunt,
498 724 674 775 flagitant
705 719 863 759 literas;
895 726 988 751 curn
1020 710 1067 748 ad
1099 722 1162 746 me
1193 706 1371 748 veniunt,
1405 701 1529 739 nullas
1551 698 1731 736 afferunt.

352 792 486 840 Atque
514 788 553 825 id
581 785 709 838 ipsum
729 775 901 820 facerent
922 774 1186 816 commodius,
1218 770 1243 808 fi
1265 767 1366 806 mihi
1386 764 1536 817 aliquid
1557 763 1669 815 spatii
1690 761 1737 797 ad

355 853 604 893 scribendum
627 850 787 887 darent:
821 845 882 882 sed
911 841 1067 895 petasati
1097 838 1287 876 veniunt:
1319 832 1484 871 comites
1512 829 1558 866 ad
1587 836 1739 880 portam

355 921 554 973 expeCRare
575 916 727 953 dicunt.
774 913 880 962 Ergo
903 907 1075 960 ignosces
1095 919 1104 941 :
1137 902 1272 940 alteras
1302 896 1464 936 habebis
1486 895 1553 932 has
1575 895 1708 930 breves
1728 905 1736 927 :

357 985 419 1023 sed
451 984 611 1035 expeehz
635 976 759 1013 πάντα
777 974 844 1027 περὶ
872 967 1006 1008 πάντων.
1053 969 1134 1007 Etfi
1168 965 1264 1018 quid
1293 977 1367 1016 ego
1396 975 1460 999 me
1492 959 1566 997 tibi
1598 970 1738 1010 purg0‚

357 1065 450 1089 cum
472 1049 531 1087 tui
551 1047 597 1085 ad
618 1060 679 1084 me
700 1045 831 1080 inanes
852 1039 1023 1081 veniant,
1046 1035 1091 1073 ad
1113 1043 1150 1072 te
1170 1045 1262 1070 cum
1283 1028 1453 1082 epistolis
1476 1023 1738 1063 revertantur?

359 1117 445 1155 Nos
477 1114 558 1158 hic,
593 1114 742 1163 (tamen
772 1106 818 1144 ad
849 1114 886 1143 te
916 1102 1081 1141 scribam
1115 1096 1283 1149 aliquid)
1322 1096 1376 1132 D.
1412 1092 1558 1143 Syllam
1592 1098 1742 1141 patrem

361 1190 564 1218 mortuum
585 1175 840 1214 habebamus.
886 1169 969 1206 Alii
999 1181 1019 1204 a
1046 1163 1278 1206 latronibus,
1310 1160 1376 1197 alii
1396 1156 1602 1199 cruditate,
1635 1154 1742 1191 dice-

363 1248 471 1284 bant.
505 1242 678 1295 Populus
702 1252 779 1276 non
801 1234 987 1277 curabat3
1021 1228 1272 1269 combustum
1300 1226 1408 1263 enim
1434 1222 1505 1260 effe
1532 1219 1743 1258 constabat.

364 1313 456 1350 Hoc
479 1320 520 1347 tu
542 1321 610 1361 pro
633 1303 816 1358 sapientia
837 1310 902 1338 tua
922 1298 1019 1336 feres
1041 1309 1152 1347 aequo
1173 1293 1303 1330 animo
1322 1306 1330 1327 :
1355 1300 1580 1341 quanquam
1608 1281 1745 1331 πράσω-

364 1389 422 1410 mu
455 1369 569 1408 πόλεως
599 1370 811 1408 amifimus.
860 1362 1048 1400 Caesarem
1074 1358 1263 1412 putabant
1283 1353 1442 1392 moleste
1462 1352 1650 1393 laturum,
1680 1360 1747 1384 ve-

365 1448 516 1479 rentem
538 1451 584 1475 ne
604 1435 708 1474 hasta
728 1428 947 1471 refrixifl'et.
1000 1424 1181 1465 Mindius
1204 1420 1419 1459 Marcellus
1441 1427 1479 1456 et
1500 1416 1635 1454 Attius
1657 1412 1747 1465 pig-

365 1505 579 1544 mentarius
600 1501 709 1539 valde
730 1496 964 1550 gaudebant,
983 1493 1018 1530 se
1038 1488 1295 1529 adversarium
1318 1483 1535 1538 perdidisse.
1568 1482 1631 1518 De
1653 1478 1750 1516 His-

368 1570 481 1623 pania
501 1567 591 1605 novi
615 1564 741 1607 nihil;
774 1560 836 1599 sed
856 1557 1072 1610 expedhztio
1092 1552 1202 1592 valde
1222 1563 1384 1602 magna:
1408 1559 1582 1586 rumores
1604 1542 1750 1582 tristio-

369 1649 442 1680 res,
476 1633 538 1671 sed
557 1624 725 1667 &ew-Hm.
758 1625 877 1664 Pansa
897 1622 1022 1660 noster
1042 1618 1247 1673 paludatus
1268 1630 1302 1653 a.
1325 1615 1364 1653 d.
1390 1627 1445 1651 111
1471 1609 1637 1650 Kalend.
1661 1610 1750 1659 Jan.

372 1699 568 1754 profedms
589 1695 656 1739 est,
674 1702 718 1732 ut
739 1691 867 1745 quivis
888 1688 1107 1738 intelligere
1129 1682 1248 1736 poffet
1270 1680 1323 1725 id,
1341 1679 1447 1732 quod
1470 1688 1511 1716 tu
1534 1688 1657 1727 nuper
1678 1674 1753 1711 du-

371 1767 493 1805 bitare
525 1760 691 1814 coepisti,
721 1756 756 1792 rb
777 1752 880 1791 καλὲιν
901 1748 931 1789 δ’
955 1746 1028 1787 adn}
1057 1745 1167 1799 αἱρεῖ-ἑν
1197 1747 1283 1785 effe.
1331 1746 1437 1784 Nam
1469 1742 1574 1795 quod
1606 1739 1754 1778 multos

373 1829 537 1870 miseriis
565 1824 720 1867 levavit,
752 1830 790 1859 et
821 1817 927 1871 quod
962 1816 996 1853 se
1028 1815 1068 1851 in
1099 1813 1160 1850 his
1193 1811 1305 1849 malis
1337 1809 1542 1847 hominem
1572 1804 1755 1857 praebuit,

372 1893 564 1935 mirabilis
595 1903 687 1928 eum
716 1888 890 1924 virorum
923 1883 1118 1919 bonorum
1149 1876 1420 1915 benevolentia
1453 1872 1655 1926 prosecuta
1688 1868 1755 1906 est.

374 1963 440 2000 Tu
462 1957 567 2011 quod
588 1954 716 1993 adhuc
739 1947 945 1990 Brundufii
967 1954 1138 1984 moratus
1160 1956 1214 1986 ες,
1245 1940 1355 1979 valde
1375 1939 1499 1992 probo
1519 1946 1557 1974 et
1578 1933 1727 1986 gaudeo
1743 1952 1756 1978 ;

375 2036 414 2064 et
435 2020 659 2063 mehercule
688 2026 784 2070 puto
814 2025 852 2053 te
879 2014 1067 2066 sapienter
1094 2008 1303 2050 sansturum,
1335 2005 1361 2043 fi
1390 1994 1597 2038 οἰκενόαπεὸος
1623 1998 1758 2036 fueris,

377 2090 508 2131 Nobis
539 2085 715 2139 quidem,
747 2082 817 2134 qui
844 2090 881 2117 te
911 2089 1100 2118 amamus,
1133 2074 1206 2111 erit
1232 2080 1401 2124 gratum.
1448 2068 1517 2110 Et,
1549 2065 1687 2103 amabo
1708 2073 1760 2108 te,

378 2169 470 2194 cum
492 2152 600 2191 dabis
622 2147 779 2203 posthac
800 2143 949 2197 aliquid
979 2142 1144 2179 domum
1172 2138 1389 2179 literarum,
1420 2132 1499 2171 mei
1519 2130 1760 2168 memineris.

381 2224 468 2273 Ego
489 2229 693 2269 nunquam
720 2223 962 2266 quemquam
988 2207 1035 2246 ad
1061 2215 1112 2251 te,
1144 2217 1235 2242 cum
1257 2203 1388 2246 sciam,
1421 2199 1498 2237 fine
1519 2197 1616 2235 meis
1637 2195 1760 2233 literis

378 2289 434 2325 ire
453 2284 589 2337 patiar.
622 2280 733 2318 Vale.

466 2491 610 2528 ToM.
643 2485 738 2524 VII.
1314 2473 1355 2510 H
1387 2471 1413 2508 h
1442 2468 1470 2506 h
