2351 2997
632 310 709 349 134
974 295 1656 334 EPISTOLARUM

628 406 694 436 aut
716 396 927 449 temporis;
957 396 1122 447 gratiam
1141 404 1271 432 autem
1292 403 1408 446 atque
1427 395 1710 440 auctoritatem,
1734 408 1825 432 cum
1845 393 1918 433 hac
1938 408 2007 434 ex*

628 464 824 516 ceptione,
843 471 1036 514 quantum
1056 461 1218 504 valeam,
1241 469 1513 511 quantumque
1533 461 1684 511 poffim.
1718 462 1839 498 Liber
1860 470 1949 499 tuus
1971 471 2009 499 et

628 530 750 566 lec‘tus
778 527 845 572 est,
876 536 915 564 et
945 527 1090 578 legitur
1121 539 1140 563 a
1172 539 1235 563 me
1267 524 1490 577 diligenter,
1521 535 1559 562 et
1590 525 1805 564 custoditur
1836 527 2007 579 diligen-

627 593 783 631 tiffime.
816 593 895 630 Res
911 601 949 629 et
966 591 1132 629 fortunae
1149 599 1224 628 tuae
1241 589 1341 628 mihi
1363 591 1544 627 maximae
1560 604 1661 628 curae
1678 590 1786 635 sunt;
1811 605 1896 642 quae
1916 592 2008 644 qui—

627 660 718 697 dem
746 659 924 711 quotidie
954 658 1148 696 faciliores
1181 656 1282 695 mihi
1309 666 1348 694 et
1368 657 1547 695 meliores
1569 656 1764 701 videntur,
1797 657 2010 709 multisque

627 725 741 763 video
761 738 910 776 magnae
931 723 1001 761 effe
1023 737 1142 761 curae:
1167 735 1337 774 quorum
1354 722 1399 759 de
1421 722 1561 765 studio,
1579 731 1617 759 et
1634 722 1679 759 de
1701 721 1765 759 sua
1785 722 1863 774 spe,
1881 721 2010 759 filium

626 789 674 827 ad
696 799 732 828 te
752 789 1004 841 perscripfiffe
1024 798 1130 826 certo
1151 788 1242 825 scio.
1277 788 1353 824 His
1374 797 1504 824 autern
1526 786 1572 824 de
1593 787 1722 840 rebus,
1741 800 1834 839 quas
1851 788 2009 839 conjec-

627 865 714 893 tura
734 854 919 905 consequi
940 853 1154 905 poffumus,
1189 866 1266 890 non
1288 851 1389 890 mihi
1410 851 1535 896 sumo,
1568 861 1610 889 ut
1635 852 1723 904 plus
1751 852 1830 904 ipse
1857 852 2009 905 prospi-

628 921 744 964 ciam,
777 933 894 971 quam
918 928 954 956 te
974 918 1103 956 videre
1123 927 1239 969 atque
1264 916 1483 968 intelligere
1510 916 1610 954 mihi
1637 917 1915 968 persuaserim:
1949 917 2010 954 sed

628 995 773 1029 tamen,
805 985 895 1035 quia
916 983 999 1020 fieri
1020 983 1158 1035 potest,
1191 992 1234 1020 ut
1262 991 1304 1019 tu
1328 996 1370 1019 ea
1390 982 1673 1033 perturbatiore
1693 982 1824 1018 animo
1845 982 2007 1033 cogites,

626 1060 725 1104 puto
754 1049 826 1088 effe
856 1063 1005 1093 meum,
1037 1049 1133 1100 quid
1168 1048 1345 1091 sentiam,
1377 1061 1584 1099 exponere.
1631 1049 1687 1084 Ea
1716 1056 1852 1084 natura
1880 1061 2008 1085 rerum

626 1116 694 1159 est,
726 1123 764 1152 et
784 1114 815 1151 is
839 1123 1062 1165 temporum
1084 1112 1232 1157 cursus,
1266 1121 1308 1149 ut
1329 1125 1407 1149 non
1428 1112 1541 1164 poffit
1562 1111 1630 1148 ista
1649 1120 1715 1149 aut
1736 1112 1824 1156 tibi,
1847 1121 1912 1150 aut
1933 1126 2006 1150 (τεε-

626 1181 734 1225 teris,
766 1179 925 1217 fortuna
944 1178 1015 1215 effe
1036 1178 1247 1222 diuturna;
1281 1191 1407 1229 neque
1433 1176 1575 1215 haerere
1600 1177 1640 1214 in
1662 1186 1742 1214 tam
1763 1177 1864 1214 bona
1884 1177 2008 1222 causa,

626 1256 665 1284 et
682 1247 723 1283 in
739 1254 818 1282 tam
836 1245 948 1281 bonis
966 1244 1133 1288 civibus,
1153 1253 1232 1281 tam
1248 1243 1384 1280 acerba
1399 1243 1555 1294 injuria.
1580 1244 1708 1294 Qare
1724 1242 1770 1279 ad
1786 1255 1870 1280 eam
1887 1242 2007 1294 spem,

625 1325 745 1364 quam
775 1320 882 1348 extra
910 1309 1090 1347 ordinem
1119 1309 1165 1346 de
1196 1318 1232 1346 te
1262 1308 1344 1360 ipso
1368 1307 1573 1353 habemus,
1605 1321 1683 1346 non
1706 1307 1830 1345 solum
1851 1318 2010 1360 propter

626 1376 861 1429 dignitatem
887 1384 926 1412 et
954 1375 1142 1412 virtutem
1172 1383 1296 1418 tuam,
1331 1372 1432 1425 (haec
1452 1374 1559 1411 enim
1580 1382 1805 1411 ornamenta
1825 1373 1914 1412 sunt
1935 1373 2009 1411 tibi

625 1444 744 1480 etiam
776 1454 869 1478 curn
903 1440 988 1477 aliis
1020 1439 1264 1489 communia)
1297 1438 1489 1476 accedunt
1519 1448 1583 1477 tua
1612 1439 1819 1491 praecipua,
1851 1448 2011 1491 propter

625 1507 819 1545 eximium
852 1505 1057 1558 ingenium
1089 1505 1361 1557 summamque
1389 1504 1604 1542 virtutem:
1638 1506 1716 1549 cui,
1749 1504 2008 1549 mehercules,

624 1572 707 1617 hic,
726 1573 837 1623 cujus
860 1571 900 1608 in
916 1570 1101 1623 potestate
1118 1571 1264 1615 sumus,
1284 1570 1458 1608 multum
1475 1569 1629 1607 tribuit.
1664 1571 1799 1622 Itaque
1817 1583 1864 1607 ne
1879 1583 2008 1622 punc-

624 1647 713 1676 tum
735 1636 897 1689 quidem
918 1637 1105 1688 temporis
1128 1637 1167 1673 in
1190 1636 1257 1673 ista
1278 1634 1435 1672 fortuna
1455 1633 1600 1679 fuisses,
1633 1635 1702 1672 nisi
1729 1649 1774 1672 eo
1802 1634 1884 1687 ipso
1905 1635 2010 1672 bono

624 1712 709 1748 tuo,
741 1716 821 1755 quo
841 1702 1067 1746 delectatur,
1100 1702 1135 1739 se
1154 1702 1345 1739 violatum
1375 1700 1552 1753 putaffet.
1599 1700 1719 1751 Qod
1748 1701 1877 1752 ipsum
1906 1700 2009 1738 leni-

623 1778 690 1808 tur
710 1768 907 1821 quotidie:
932 1768 1249 1820 significaturque
1266 1767 1379 1805 nobis
1400 1767 1447 1803 ab
1469 1768 1531 1811 iis,
1550 1768 1619 1819 qui
1641 1766 1753 1804 fimul
1776 1780 1868 1804 cum
1884 1780 1929 1804 eo
1949 1767 2009 1805 vi-

623 1843 737 1879 vunt,
757 1834 831 1872 tibi
852 1833 952 1870 hanc
970 1833 1090 1885 ipsam
1107 1833 1335 1884 opinionem
1353 1832 1501 1883 ingenii
1523 1831 1625 1884 apud
1647 1832 1775 1883 ipsum
1790 1832 2010 1883 plurimum

624 1898 887 1951 profuturam.
922 1899 1171 1949 Qapropter
1190 1898 1365 1949 primum
1387 1895 1447 1933 fac
1468 1897 1599 1934 animo
1620 1895 1715 1934 forti
1734 1905 1851 1948 atque
1866 1910 2010 1949 magno

626 1963 696 2008 ὗες
720 1963 774 2000 ita
789 1964 896 2000 enim
918 1972 1044 2005 natus,
1063 1963 1116 1999 ita
1136 1961 1336 2006 educatus,
1356 1962 1409 1998 ita
1428 1960 1563 1999 doftus
1585 1974 1639 2006 es,
1658 1962 1711 1998 ita
1730 1948 1849 1998 etia'm
1869 1962 2009 2013 cogni-

624 2037 704 2072 tus,
737 2037 781 2065 ut
803 2027 877 2065 tibi
903 2026 942 2063 id
964 2026 1187 2064 faciendum
1210 2027 1254 2064 fit
1273 2042 1281 2064 ε
1315 2026 1454 2064 deinde
1476 2026 1581 2078 spem
1603 2039 1759 2078 quoque
1779 2025 1919 2064 habeas
1942 2026 2010 2064 fir-

626 2092 834 2131 mifl‘imam
857 2101 1014 2144 propter
1034 2105 1094 2129 eas
1116 2092 1258 2137 causas,
1281 2105 1375 2143 quas
1397 2091 1542 2143 scripsi.
1574 2093 1611 2128 A
1632 2105 1695 2129 me
1716 2104 1805 2129 vero
1826 2092 1900 2129 tibi
1921 2105 2010 2129 om-

627 2159 692 2195 nia
718 2157 926 2208 liberisque
957 2157 1033 2194 tuis
1063 2157 1295 2209 paratissima
1323 2156 1394 2194 effe
1414 2156 1585 2194 confidas
1606 2156 1725 2193 velim
1745 2171 1753 2193 :
1787 2156 1827 2193 id
1847 2157 1952 2194 enim
1973 2166 2011 2193 et

626 2223 790 2261 vetustas
826 2222 944 2260 nostri
978 2223 1134 2268 amoris,
1170 2233 1208 2261 et
1243 2237 1328 2261 mea
1361 2221 1602 2260 consuetudo
1637 2223 1677 2259 in
1712 2235 1835 2267 meos,
1871 2231 1909 2260 et
1944 2231 2010 2259 tua

626 2289 752 2328 multa
771 2302 860 2341 erga
879 2302 941 2327 me
962 2289 1090 2326 officia
1110 2289 1320 2341 postulant.
1354 2287 1465 2326 Vale.
