2351 2997
652 235 744 273 AD
803 230 1270 271 FAMILIARES
1330 230 1462 270 LIB.
1515 233 1568 270 ΙΙ.
1751 246 1797 280 41

516 469 580 508 M.
605 470 657 508 T.
684 470 732 508 C.
759 470 861 508 ΙΜΡ.
885 469 948 507 Μ.
974 470 1151 514 CAEL10,
1183 469 1338 507 AEmm
1365 480 1555 513 CURULx,
1589 469 1625 506 S.
1651 468 1705 506 D.

416 598 530 637 XIV.
553 599 691 672 MA
705 600 742 636 R
758 599 790 636 C
808 599 843 636 O
876 598 1014 642 Fabio,
1046 597 1129 635 viro
1153 597 1308 650 optimo
1328 606 1367 634 et
1387 596 1549 636 homine
1570 596 1803 644 doetiffimo,

675 663 969 702 familiarissime
998 673 1110 701 utor:
1144 662 1390 714 mirificeque
1418 676 1510 701 eum
1540 663 1680 716 diligo,
1712 676 1807 701 cum

415 736 575 781 propter
596 728 796 767 summum
817 729 1024 781 ingenium
1045 729 1127 780 ejus
1158 727 1433 779 summamque
1453 727 1686 772 doctrinam,
1719 737 1806 766 tum

414 803 575 847 propter
596 794 830 848 fingularem
851 794 1094 832 modestiam.
1125 795 1223 845 Ejus
1245 793 1451 845 negotium
1473 794 1523 831 fic
1544 793 1665 831 velim
1686 793 1805 831 susci-

414 861 512 912 pias,
544 869 588 898 ut
609 861 635 898 fi
657 861 746 899 effet
768 875 825 899 res
848 875 947 899 mea.
988 860 1095 899 Novi
1117 873 1190 912 ego
1210 873 1277 898 vos
1299 873 1462 911 magnos
1484 868 1668 912 patronos
1688 875 1696 897 :
1729 858 1804 897 ho-

416 927 567 963 minem
588 927 741 964 occidat
762 936 932 979 oportet,
965 927 1033 979 qui
1056 925 1176 963 vestra
1196 937 1311 977 opera
1331 925 1391 962 uti
1410 925 1519 963 velit.
1565 924 1638 962 Sed
1667 925 1708 962 in
1730 924 1806 962 hoc

415 990 579 1030 homine
600 992 751 1030 nullam
773 994 924 1045 accipio
945 992 1251 1030 excusationem.
1286 991 1436 1028 Omnia
1455 991 1668 1043 relinques,
1696 991 1723 1028 fi
1745 1004 1807 1028 me

416 1048 580 1103 amabis,
598 1072 691 1097 cum
714 1068 779 1097 tua
799 1072 914 1111 opera
936 1059 1080 1096 Fabius
1103 1059 1162 1096 uti
1182 1057 1301 1096 volet.
1336 1058 1423 1109 Ego
1445 1071 1502 1095 res
1520 1058 1717 1095 Romanas
1739 1071 1806 1094 ve-

417 1123 622 1162 hementer
642 1126 804 1176 expecto
825 1134 862 1162 et
888 1124 1084 1162 desidero:
1118 1125 1158 1161 in
1190 1123 1419 1176 primisque,
1452 1123 1549 1175 quid
1578 1136 1681 1175 agas,
1714 1123 1807 1160 scire

416 1189 550 1241 cupio.
584 1189 690 1226 Nam
706 1190 876 1241 jamdiu,
895 1199 1055 1241 propter
1075 1189 1218 1226 hiemis
1236 1187 1568 1240 magnitudinem,
1592 1187 1693 1226 nihil
1716 1189 1808 1226 novi

418 1254 464 1292 ad
485 1267 555 1293 nos
577 1253 822 1293 afferebatur.
857 1254 967 1293 Vale.

1763 1350 1801 1358 0-

483 1447 545 1487 M.
571 1450 624 1487 T.
650 1450 698 1487 C.
723 1449 827 1487 ΙΜΡ.
852 1447 916 1486 Μ.
941 1448 1119 1492 CAELIO,
1151 1446 1306 1484 AEDILI
1334 1457 1524 1491 CURULI,
1558 1447 1595 1484 S.
1621 1446 1664 1485 P.
1690 1418 1743 1485 D.

420 1577 512 1616 XV.
533 1576 730 1649 NON
765 1577 898 1630 potuit
931 1576 1149 1615 accuratius
1183 1575 1261 1628 agi,
1298 1589 1369 1614 nec
1404 1574 1652 1628 prudentius,
1689 1588 1809 1627 quam

651 1645 782 1680 aetum
809 1643 862 1681 est
893 1657 913 1680 a
946 1652 983 1680 te
1010 1656 1103 1680 cum
1132 1641 1306 1679 Curione
1334 1641 1381 1679 de
1409 1641 1721 1694 supplicatione:
1754 1651 1807 1685 et,

416 1707 657 1753 mehercule,
688 1707 866 1746 confecta
895 1721 952 1745 res
982 1721 1029 1745 ex
1061 1707 1250 1744 sententia
1275 1720 1360 1744 mea
1380 1706 1447 1752 est,
1478 1720 1571 1744 curn
1593 1707 1805 1750 celeritate,

418 1783 506 1812 tum
526 1774 632 1827 quod
653 1775 700 1818 is,
732 1774 802 1826 qui
822 1782 903 1811 erat
923 1773 1058 1818 iratus,
1091 1772 1329 1824 competitor
1357 1781 1446 1810 tuus
1475 1780 1514 1809 et
1547 1771 1651 1810 idem
1680 1785 1805 1817 meus,

416 1840 580 1879 assensus
602 1840 654 1878 est
675 1841 724 1885 ei,
756 1840 826 1893 qui
847 1840 1000 1878 ornavit
1020 1853 1078 1877 res
1100 1838 1244 1876 nostras
1266 1838 1409 1876 divinis
1432 1837 1629 1876 laudibus.
1720 1851 1809 1876 uare

418 1907 515 1945 scito
536 1920 599 1955 me
620 1907 767 1960 sperare
787 1920 830 1944 ea
850 1921 935 1959 quae
957 1905 1173 1958 sequuntur
1191 1919 1200 1943 :
1232 1905 1280 1942 ad
1300 1919 1386 1957 quae
1408 1912 1450 1942 tu
1472 1913 1510 1942 te
1530 1918 1632 1956 para.
1680 1904 1807 1943 Dola-

416 1973 563 2010 bellam
584 1986 604 2009 a
625 1982 661 2010 te
682 1972 831 2024 gaudeo
852 1972 1027 2024 primum
1049 1971 1210 2015 laudari,
1234 1970 1374 2008 deinde
1394 1970 1513 2007 etiam
1534 1970 1668 2008 amari.
1702 1971 1810 2009 Nam

417 2052 472 2083 ea,
505 2052 590 2090 quae
622 2038 745 2090 speras
777 2039 924 2076 Tulliae
957 2052 1051 2076 meae
1085 2037 1292 2089 prudentia
1323 2037 1530 2088 temperari
1563 2036 1680 2089 poffe,
1713 2037 1806 2082 scio,

417 2106 482 2142 cui
505 2113 578 2142 tuae
598 2104 767 2156 epistolae
788 2103 1058 2156 respondeant.
1092 2102 1218 2154 Qid,
1251 2102 1278 2140 fi
1300 2116 1428 2141 meam
1450 2102 1569 2154 legas,
1596 2116 1715 2155 quam
1736 2117 1808 2155 ego

420 2181 505 2208 tum
527 2184 574 2208 ex
597 2172 673 2208 tuis
695 2171 818 2208 literis
842 2171 925 2208 mifi
947 2170 993 2207 ad
1016 2170 1194 2222 Appium
1214 2170 1226 2206 ?
1259 2169 1331 2206 Sed
1354 2169 1450 2221 quid
1472 2170 1588 2220 agas?
1622 2169 1684 2206 Sic
1706 2169 1807 2206 vivi-

420 2246 496 2274 tur.
531 2236 650 2288 Qod
671 2237 801 2274 actum
823 2236 890 2281 est,
909 2236 963 2273 dii
985 2235 1217 2288 approbent.
1252 2236 1370 2287 Spero
1391 2233 1475 2272 fore
1491 2234 1717 2286 jucundum
1738 2248 1807 2286 ge-

420 2316 558 2339 nerum
579 2303 691 2339 nobis
713 2317 720 2340 :
755 2302 1009 2354 multumque
1040 2303 1079 2339 in
1101 2315 1146 2339 eo
1168 2311 1232 2339 tua
1254 2315 1323 2338 nos
1346 2300 1570 2338 humanitas
1593 2300 1806 2352 adjuvabit.

421 2367 659 2420 Respublica
687 2381 751 2405 me
775 2368 885 2405 valde
914 2368 1126 2405 sollicitat:
1159 2366 1270 2404 faveo
1292 2366 1487 2404 Curioni:
1523 2367 1711 2404 Cresarem
1732 2365 1807 2403 ho-

420 2433 571 2471 nestum
593 2431 664 2469 effe
685 2433 827 2485 cupio:
854 2447 923 2486 pro
945 2433 1136 2485 Pompeio
1151 2433 1276 2470 emori
1299 2432 1463 2485 possum.
1490 2432 1561 2469 Sed
1584 2441 1712 2468 tamen
1731 2430 1809 2481 ipsa

422 2498 622 2551 republica
644 2497 745 2535 nihil
768 2498 869 2537 mihi
891 2499 943 2537 est
963 2499 1088 2538 carius
1109 2514 1117 2537 :
1151 2499 1191 2536 in
1220 2512 1298 2550 qua
1325 2508 1366 2536 tu
1389 2511 1466 2535 non
1491 2497 1599 2535 valde
1622 2505 1657 2534 te
1673 2497 1806 2547 jaCtas.

503 2565 569 2601 To
584 2576 635 2602 M.
669 2563 763 2602 VII.
1478 2563 1509 2599 F
