2351 2997
588 240 659 266 102
927 229 1609 269 EPISTOLARUM

582 326 686 364 testis
707 326 772 364 est.
797 327 862 365 Tu
879 341 996 379 quam
1012 336 1141 379 gratus
1158 341 1246 379 erga
1261 342 1323 366 me
1339 328 1473 374 suem,
1491 331 1568 383 ipse
1584 330 1799 369 existimare
1819 341 1950 383 potes:

582 401 774 444 quantum
795 391 895 429 mihi
915 393 1066 436 debeas,
1098 393 1223 430 caeteri
1250 393 1485 433 existiment.
1529 397 1616 447 Ego
1643 411 1727 449 quae
1754 406 1819 435 tua
1844 398 1954 436 causa

581 466 690 494 antea
710 457 800 500 feci,
833 458 1031 494 voluntate
1053 457 1136 494 sum
1156 457 1357 502 adductus,
1388 459 1592 510 posteaque
1611 463 1835 501 constantia.
1880 464 1952 501 Sed

580 521 740 572 reliqua,
773 520 873 557 mihi
905 521 1028 565 crede,
1061 522 1188 558 multo
1216 523 1339 573 majus
1367 536 1500 561 meum
1525 523 1709 571 studium,
1742 529 1951 578 majorem-

579 599 656 637 que
675 585 902 637 gravitatem
924 595 960 623 et
982 586 1168 630 laborem,
1188 586 1412 625 desiderant.
1437 589 1535 639 Qae
1555 602 1626 640 ego
1643 590 1667 627 sl
1686 604 1763 628 non
1785 591 1951 643 profun-

579 649 667 686 dere
694 661 736 687 ac
764 650 920 702 perdere
947 651 1120 695 videbor,
1152 652 1336 688 omnibus
1358 653 1454 690 meis
1476 653 1623 690 viribus
1646 655 1864 693 sustinebo:
1898 657 1953 694 sm

579 723 707 752 autem
728 716 877 766 ingrata
896 715 966 753 effe
988 716 1162 760 sentiam,
1195 730 1273 753 non
1301 718 1548 755 committam
1576 729 1618 755 ut
1647 720 1719 756 tibi
1747 721 1825 772 ipse
1850 720 1950 758 infa-

579 780 661 816 nire
689 779 830 817 videar.
875 781 931 817 Ea
951 795 1036 832 quae
1058 781 1144 824 sint,
1174 790 1212 818 et
1234 781 1466 832 cujusmodi,
1498 784 1641 834 poteris
1663 797 1710 821 ex
1732 785 1953 836 Pomponio

577 844 820 895 cognoscere.
866 846 997 895 Atque
1018 845 1144 896 ipsum
1167 845 1239 882 tibi
1266 846 1530 897 Pomponium
1551 848 1603 884 ita
1623 850 1875 893 commendo,
1908 859 1951 887 ut

578 922 801 960 quanquam
829 909 944 960 ipfius
973 910 1082 947 causa
1104 910 1258 947 confido
1281 918 1317 947 te
1337 910 1529 948 sansturum
1552 912 1622 948 effe
1642 913 1789 957 omnia,
1820 923 1950 951 tamen

577 974 643 1011 abs
666 984 702 1011 te
727 974 802 1011 hoc
830 983 974 1026 petam,
1007 986 1064 1020 ut,
1096 976 1121 1013 fi
1143 976 1238 1027 quid
1260 976 1299 1011 in
1323 986 1358 1013 te
1379 977 1512 1013 residet
1533 978 1673 1014 amoris
1695 991 1782 1028 erga
1802 993 1879 1023 me,
1911 980 1948 1016 id

577 1053 693 1076 omne
714 1040 753 1076 in
776 1040 985 1091 Pomponii
1008 1041 1165 1091 negotio
1186 1040 1372 1078 ostendas.
1418 1043 1508 1079 Hoc
1542 1040 1642 1079 mihi
1670 1042 1772 1080 nihil
1801 1044 1949 1095 gratius

577 1103 700 1141 facere
721 1113 844 1155 potes.
878 1105 986 1141 Vale„

590 1303 653 1343 Μ.
688 1305 735 1342 C.
770 1305 813 1342 P.
853 1304 1095 1350 ΞΕΧΤΙΟ,
1137 1307 1185 1344 L.
1220 1308 1264 1344 F.
1301 1306 1765 1356 PRoQUAEs'roR1,
1807 1309 1844 1346 S.
1878 1308 1931 1346 D.

574 1430 646 1468 VI.
669 1429 735 1501 C
752 1433 853 1470 UM
882 1432 928 1470 ad
955 1446 1018 1470 me
1045 1433 1192 1471 Decius
1220 1433 1398 1472 librarius
1426 1435 1599 1480 veniffet,
1630 1436 1838 1488 egissetque
1862 1450 1947 1474 me⁶

767 1511 874 1541 cum,
898 1506 940 1535 ut
961 1511 1116 1549 operam
1138 1498 1281 1543 darem,
1311 1512 1358 1536 ne
1380 1499 1453 1536 tibi
1475 1499 1550 1537 hoc
1572 1509 1745 1552 tempore
1766 1500 1948 1538 succede-

573 1569 691 1606 retur,
708 1575 930 1614 quanquam
947 1563 1063 1600 illum
1078 1562 1282 1600 hominem
1298 1563 1404 1615 frugi
1420 1573 1457 1601 et
1474 1565 1548 1601 tibi
1563 1565 1735 1602 amicum
1751 1565 1948 1603 existima-

575 1625 679 1671 bam,
712 1637 855 1672 tamen,
887 1627 993 1679 quod
1020 1629 1208 1665 memoria
1232 1629 1410 1666 tenebam
1431 1629 1651 1681 cujusmodi
1671 1630 1717 1667 ad
1737 1643 1801 1667 me
1820 1631 1949 1668 literas

573 1701 682 1729 antea
714 1692 883 1738 mififfes,
915 1706 994 1730 non
1026 1693 1112 1731 satis
1145 1693 1293 1731 credidi
1323 1693 1478 1732 homini
1511 1695 1707 1747 prudenti,
1739 1704 1819 1733 tam
1840 1696 1950 1734 valde

572 1756 643 1794 effe
664 1766 855 1794 mutatam
881 1758 1122 1795 voluntatem
1153 1768 1272 1796 tuam.
1322 1759 1393 1796 Sed
1422 1759 1668 1811 posteaquam
1697 1769 1735 1798 et
1766 1762 1950 1798 Cornelia

572 1831 638 1858 tua
659 1823 885 1859 Terentiam
908 1824 1104 1866 convenit,
1122 1831 1160 1860 et
1181 1836 1252 1874 ego
1273 1836 1364 1860 cum
1387 1824 1643 1874 QCornelio
1663 1824 1818 1862 locutus
1840 1825 1945 1870 sum,

572 1886 734 1924 adhibui
756 1887 1017 1938 diligentiam,
1049 1887 1357 1939 quotiescunque
1384 1888 1533 1925 senatus
1561 1887 1652 1932 fuit,
1686 1898 1728 1925 ut
1754 1889 1945 1934 adeffem3

572 1952 869 2004 plurimumque
902 1952 941 1989 in
974 1966 1019 1989 eo
1049 1953 1197 2004 negotii
1227 1952 1361 1998 habui,
1394 1963 1437 1990 ut
1459 1954 1710 2004 QFufium,
1742 1955 1948 1993 tribunum

573 2018 715 2070 plebis,
746 2028 783 2055 et
804 2026 975 2062 caeteros,
1006 2017 1052 2054 ad
1073 2031 1170 2069 quos
1193 2027 1235 2055 tu
1257 2018 1469 2070 scripseras,
1495 2032 1675 2071 cogerem
1695 2020 1825 2071 potius
1847 2019 1949 2058 mihi

572 2083 739 2127 credere,
756 2096 876 2134 quam
896 2082 973 2120 tuis
996 2082 1133 2120 literis.
1167 2084 1346 2120 Omnino
1367 2097 1424 2121 res
1447 2093 1527 2122 tota
1547 2085 1587 2121 in
1607 2084 1779 2122 mensem
1800 2086 1947 2135 Janua-

572 2148 676 2185 rium
697 2149 834 2199 rejecta
854 2157 946 2192 erat,
978 2147 1040 2185 sed
1062 2147 1176 2185 facile
1196 2149 1460 2199 obtinebat-ur.
1499 2151 1586 2201 Ego
1607 2159 1672 2187 tua
1691 2150 1950 2200 gratulatione

572 2222 811 2257 commotuS,
844 2212 949 2264 quod
979 2212 1025 2249 ad
1056 2226 1118 2250 me
1148 2213 1300 2264 pridem
1331 2213 1527 2265 scripseras
1556 2214 1654 2251 velle
1682 2223 1718 2252 te
1740 2214 1837 2252 bene
1858 2229 1946 2252 eve-

572 2278 668 2322 nire,
702 2277 809 2329 quod
843 2277 889 2314 de
924 2277 1053 2315 Craffo
1086 2278 1252 2315 domum
1282 2279 1471 2323 emissem,
1503 2279 1581 2316 emi
1610 2292 1694 2316 eam
1724 2279 1844 2331 ipsam
1875 2281 1946 2317 do·

571 2356 684 2380 mum
707 2356 841 2386 xxxv,
873 2342 1072 2394 aliquanto
1092 2342 1175 2394 post
1196 2352 1303 2380 tuam
1324 2343 1639 2395 gratulationem.
1684 2345 1820 2396 Itaque
1841 2358 1946 2382 nunc

572 2421 635 2445 me
665 2407 761 2444 scito
791 2415 946 2445 tantum
975 2406 1115 2445 habere
1146 2407 1228 2445 aeris
1256 2408 1386 2453 alieni,
1418 2417 1461 2445 ut
1490 2409 1648 2460 cupiam
1673 2410 1887 2460 conjurare,
1918 2409 1944 2446 fi

572 2471 778 2524 quisquam
806 2472 994 2524 recipiat:
1027 2472 1089 2511 sed
1116 2473 1259 2525 partim
1279 2472 1369 2511 odio
1389 2473 1539 2511 induiti
1560 2487 1623 2512 me
1643 2473 1873 2517 excludunt,
1905 2483 1943 2510 et
