2351 2997
535 298 608 351 398
877 295 1561 335 EPISTOLARUM

787 528 851 565 M.
884 529 936 564 T.
971 527 1018 565 C.
1052 528 1407 566 TERENTIAE
1450 527 1488 565 S.
1522 527 1566 564 P.
1598 527 1652 566 D.

533 657 652 696 XIII.
677 654 856 742 QUO
873 655 911 692 D
943 653 1070 706 scripfi
1099 653 1146 691 ad
1173 663 1211 692 te
1239 652 1429 704 proximis
1462 653 1584 691 literis
1615 653 1662 691 de
1686 654 1825 692 nuntio
1844 668 1905 693 ree

782 719 1004 763 mittend03
1037 733 1122 771 quae
1155 719 1200 756 fit
1227 717 1334 755 istius
1362 719 1418 755 vis
1447 717 1522 755 hoc
1544 728 1732 771 tempore,
1763 728 1801 757 et
1822 734 1906 772 quae

534 786 746 826 concitatio
767 783 1050 828 multitudinis,
1073 785 1225 835 ignoro.
1259 783 1297 820 Si
1318 783 1549 820 metuendus
1570 785 1688 821 iratus
1709 784 1776 829 est,
1798 786 1906 836 quies

535 862 665 891 tamen
686 851 733 888 ab
754 850 824 888 illo
844 849 996 887 fortaffe
1017 849 1204 886 nascetur.
1248 849 1400 885 Totum
1415 848 1610 900 judicabis
1632 849 1745 901 quale
1765 850 1837 895 fit;
1869 858 1908 888 et

534 917 642 970 quod
663 917 703 953 in
724 915 949 953 miserrimis
971 914 1084 952 rebus
1112 914 1277 951 minime
1297 913 1482 951 miserum
1503 914 1673 965 putabis,
1704 914 1744 951 id
1773 914 1905 953 facies.

536 981 646 1019 Vale.
680 994 723 1018 vr
747 980 838 1018 Idus
860 979 1074 1030 Qintiles.

550 1183 758 1220 TULLlus
791 1181 1073 1222 TERENT1AE‚
1116 1189 1173 1214 ET
1207 1177 1369 1215 PATER
1402 1177 1676 1222 TULLIOLAE,
1715 1190 1894 1216 DUABUS

681 1257 851 1284 ANIMIS
888 1256 1010 1281 suls:
1055 1255 1113 1279 ET
1147 1242 1321 1279 CICERO
1355 1243 1526 1280 MATR1
1562 1255 1774 1289 OPTIMAE,

895 1322 1093 1347 SUAVISS.
1145 1308 1310 1345 SORORI
1353 1309 1390 1346 S.
1424 1309 1467 1347 P.
1501 1310 1555 1347 D.

538 1439 652 1478 XIV.
678 1438 758 1510 SI
788 1451 854 1476 vos
881 1437 1031 1482 valetis,
1063 1450 1132 1474 nos
1153 1437 1340 1474 valemus.
1386 1435 1566 1473 Vestrum
1594 1437 1677 1488 jam
1707 1437 1912 1474 confilium

755 1504 822 1548 est,
854 1517 931 1540 non
954 1502 1079 1540 solum
1099 1515 1247 1546 meum,
1280 1500 1376 1553 quid
1397 1501 1442 1538 fit
1461 1501 1570 1538 vobis
1593 1500 1831 1540 faciendum.
1876 1503 1914 1540 Si

538 1570 606 1608 ille
628 1571 798 1607 Romam
818 1568 986 1606 modeste
1006 1576 1190 1605 venturus
1212 1567 1278 1610 est,
1310 1568 1419 1604 reete-
1435 1567 1474 1603 in
1496 1567 1694 1618 praesentia
1714 1567 1823 1604 dorni
1842 1568 1914 1605 effe

540 1635 699 1687 potestis
719 1651 727 1673 :
760 1635 813 1672 fin
835 1633 955 1671 homo
981 1646 1112 1670 amens
1133 1632 1392 1684 diripiendam
1413 1632 1550 1669 urbem
1572 1632 1729 1670 daturus
1749 1633 1815 1677 est,
1847 1647 1914 1670 ve—

540 1714 625 1739 reor
646 1709 689 1737 ut
710 1698 916 1738 Dolabella
942 1698 1020 1750 ipse
1040 1698 1126 1735 satis
1153 1698 1267 1734 nobis
1297 1695 1468 1749 prodcffe
1487 1697 1613 1750 poffit.
1655 1698 1787 1735 Etiam
1815 1697 1917 1735 illud

541 1774 688 1809 metuo,
730 1778 776 1801 ne
805 1764 888 1815 jam
923 1762 1244 1807 intercludamus,
1287 1772 1345 1807 ut,
1388 1776 1480 1799 cum
1514 1763 1642 1800 velitis
1676 1763 1794 1807 exire,
1837 1776 1917 1800 non

540 1829 668 1867 liceat.
720 1828 937 1879 Reliquum
966 1827 1032 1872 est,
1064 1827 1170 1878 quod
1191 1827 1279 1879 ipsae
1300 1827 1449 1878 optimc
1470 1827 1774 1871 considerabitis,
1806 1827 1919 1865 vestri

541 1894 683 1932 slmiles
704 1893 876 1932 foeminae
906 1894 1028 1930 sintne
1057 1894 1209 1930 Romae.
1256 1893 1294 1929 Si
1323 1893 1429 1930 enim
1461 1906 1538 1929 non
1571 1893 1673 1937 sunt,
1704 1892 1917 1930 videndum

541 1959 609 2003 est,
641 1968 684 1996 ut
703 1958 859 1996 honeste
880 1972 945 1995 vos
968 1957 1038 1994 effe
1059 1957 1219 2008 poffitis.
1261 1956 1474 2008 Qomodo
1495 1957 1654 2008 quidem
1676 1945 1780 1995 nunc
1802 1957 1838 1994 se
1859 1970 1916 1995 res

542 2023 675 2068 habet,
706 2023 824 2060 modo
859 2031 902 2060 ut
936 2021 1017 2059 haec
1046 2022 1155 2059 vobis
1187 2022 1273 2058 loca
1302 2031 1431 2059 tenere
1464 2022 1592 2067 liceat,
1625 2023 1827 2060 belliffime
1857 2023 1918 2060 vel

543 2102 716 2132 mecum,
747 2088 807 2125 vel
830 2087 869 2124 in
891 2086 1026 2123 nostris
1048 2086 1215 2138 praediis,
1247 2085 1318 2123 effe
1339 2087 1531 2138 poteritis.
1578 2087 1710 2124 Etiam
1730 2087 1830 2124 illud
1851 2101 1916 2124 ve—

544 2154 709 2193 rendum
730 2153 797 2198 est,
829 2166 876 2189 ne
897 2152 1003 2190 brevi
1026 2161 1198 2203 tempore
1218 2151 1339 2190 fames
1361 2152 1400 2189 in
1424 2152 1517 2189 urbe
1538 2152 1596 2190 fit.
1638 2153 1715 2190 His
1738 2152 1783 2189 de
1804 2153 1918 2190 rebus

541 2220 663 2259 velim
683 2231 775 2256 cum
797 2218 1031 2270 Pomponio,
1061 2231 1154 2255 cum
1177 2217 1362 2261 Camillo,
1395 2231 1487 2255 cum
1512 2217 1655 2268 quibus
1676 2217 1786 2255 vobis
1808 2218 1917 2255 vide-

544 2285 665 2329 bitur,
697 2283 956 2321 confideretis.
989 2283 1052 2319 Ad
1073 2283 1278 2327 summam,
1310 2283 1442 2320 animo
1462 2282 1556 2320 forti
1578 2283 1669 2320 fitis.
1720 2283 1916 2321 Labienus

545 2363 627 2387 rem
647 2349 851 2387 meliorem
871 2348 979 2386 fecit.
1021 2347 1193 2400 Adjuvat
1213 2349 1329 2385 etiam
1351 2347 1452 2392 Piso,
1484 2347 1589 2400 quod
1611 2348 1657 2384 ab
1679 2348 1773 2385 urbe
1793 2348 1917 2385 disce-

545 2415 618 2459 dit,
650 2424 687 2452 et
708 2414 857 2452 sceleris
879 2413 1114 2451 condemnat
1134 2427 1321 2465 generum
1342 2413 1469 2451 suum.
1506 2414 1587 2451 Vos
1609 2427 1702 2451 meae
1723 2414 1919 2451 cariffimae

544 2480 698 2526 animae,
730 2493 847 2533 quam
876 2479 1073 2531 saepiffime
1102 2478 1148 2516 ad
1169 2492 1231 2517 me
1252 2478 1422 2525 scribite,
1453 2487 1491 2516 et
1511 2492 1578 2518 vos
1599 2479 1695 2532 quid
1715 2478 1849 2531 agatis,
1880 2487 1919 2515 et
