2351 2997
561 228 612 266 94
909 211 1589 251 EPISTOLARUM

563 324 610 347 ne
642 309 846 361 vestigium
879 308 1038 360 quidem
1073 307 1201 344 ullum
1235 306 1287 344 est
1321 307 1516 358 reliquum
1552 307 1663 344 nobis
1699 306 1899 358 dignitatis
1916 324 1929 351 ;

562 376 766 426 agiturque
787 373 977 425 praeclare,
1000 373 1025 409 fi
1048 371 1299 422 nosmetipsos
1322 385 1450 422 regere
1470 371 1682 423 poffumus,
1705 381 1749 409 ut
1768 385 1823 417 ea,
1847 386 1932 424 quae

563 441 703 492 partim
732 440 815 490 jam
854 437 1004 480 adsunt,
1046 436 1187 487 partim
1222 436 1464 486 impendent,
1505 436 1699 474 moderate
1733 436 1900 475 feramus
1920 451 1930 475 :

562 504 668 556 quod
703 503 755 539 est
789 501 949 538 difficile
983 501 1023 537 in
1058 499 1248 551 ejusmodi
1281 499 1399 544 bello,
1431 501 1542 551 cujus
1576 502 1702 538 exitus
1737 515 1784 539 ex
1818 503 1934 539 altera

562 576 668 619 parte
689 566 831 604 caedem
853 565 1030 609 ostentat,
1061 578 1107 601 ex
1135 565 1251 601 altera
1277 563 1515 602 servitutem.
1563 566 1654 615 Qo
1686 565 1726 602 in
1759 566 1933 616 periculo

563 631 745 670 nonnihil
778 644 840 668 me
871 630 1104 673 consolatur,
1135 642 1228 666 cum
1260 629 1452 673 recordor,
1483 628 1565 667 haec
1597 643 1659 666 me
1687 638 1772 667 tum
1802 629 1935 666 vidiffe

562 711 655 735 cum
676 696 857 735 secundas
879 697 994 734 etiarn
1016 709 1072 732 res
1096 694 1251 739 nostras,
1282 708 1358 732 non
1380 695 1496 732 modo
1517 695 1700 739 adversas,
1730 695 1933 746 pertimes-

563 763 725 807 cebam3
757 761 1028 813 videbamque,
1059 768 1205 811 quanto
1232 760 1406 811 periculo
1432 759 1477 797 de
1493 761 1580 811 jure
1600 760 1762 812 publico
1783 759 1933 811 discep-

564 837 708 865 taretur
728 828 857 864 armis.
882 826 1037 875 Qibus
1059 825 1085 862 fi
1107 824 1281 862 viciffent
1302 825 1343 869 ii,
1361 824 1407 862 ad
1428 838 1523 877 quos
1541 838 1613 876 ego
1633 826 1737 877 pacis
1759 825 1837 876 spe,
1856 838 1935 862 non

564 893 659 930 belli
679 892 907 944 cupiditate,
938 890 1123 928 adductus
1148 889 1398 934 accefferam3
1432 899 1560 927 tamen
1582 890 1865 941 intelligebam,
1897 899 1935 928 et

562 957 750 995 iratorum
771 957 995 1001 hominum,
1026 965 1064 993 et
1085 955 1332 1007 cupidorum,
1356 964 1393 992 et
1414 955 1680 999 insolentium,
1704 968 1821 1006 quam
1843 969 1933 992 cru-

557 1023 659 1060 delis
681 1023 770 1060 effet
790 1022 921 1060 futura
941 1022 1099 1059 victoria
1117 1036 1124 1058 ε
1150 1021 1202 1058 sin
1224 1030 1354 1058 autem
1375 1021 1466 1057 victi
1487 1019 1618 1063 essent,
1642 1029 1809 1071 quantus
1830 1020 1933 1057 inte-

564 1088 660 1124 ritus
682 1087 770 1124 esset
791 1086 946 1124 futurus
963 1086 1125 1128 civium,
1143 1085 1284 1136 partim
1301 1084 1638 1135 amplissimorum,
1657 1084 1798 1136 partim
1819 1084 1936 1121 etiam

562 1152 830 1203 optimoru1n;
854 1151 923 1202 qui
944 1163 1007 1187 me
1027 1148 1108 1187 haec
1125 1149 1414 1201 praedicentem,
1433 1158 1547 1200 atque
1563 1149 1713 1200 optime
1729 1149 1935 1186 consulen-

564 1227 645 1255 tem
667 1217 778 1254 saluti
799 1217 885 1260 suae,
905 1216 1100 1253 malebant
1121 1215 1290 1252 nimium
1307 1214 1507 1258 timidum,
1526 1228 1644 1266 quam
1660 1214 1746 1252 satis
1763 1214 1933 1266 pruden-

564 1292 658 1326 tem,
681 1282 904 1320 existimari.
929 1281 1047 1332 Qod
1068 1289 1197 1317 autem
1213 1279 1313 1317 mihi
1335 1279 1380 1316 de
1401 1293 1445 1316 eo
1461 1279 1565 1330 quod
1586 1280 1746 1331 egerim,
1765 1280 1935 1330 gratula-

563 1348 615 1384 ris
634 1366 643 1391 ;
677 1357 713 1385 te
734 1348 787 1384 ita
807 1347 904 1384 velle
925 1356 1027 1384 certe
1049 1345 1126 1382 scio
1144 1360 1152 1382 :
1186 1344 1248 1382 sed
1278 1358 1350 1395 ego
1381 1354 1459 1382 tam
1481 1345 1619 1382 misero
1640 1354 1813 1397 tempore
1834 1344 1935 1382 nihil

564 1413 655 1450 novi
676 1412 825 1450 consilii
846 1411 1040 1463 cepiffem,
1073 1410 1141 1447 nifi
1173 1410 1213 1446 in
1246 1410 1371 1447 reditu
1404 1423 1491 1447 meo
1523 1409 1650 1446 nihilo
1677 1410 1854 1447 meliores
1877 1423 1934 1447 res

564 1477 805 1521 domesticas,
840 1490 958 1528 quam
991 1475 1289 1527 rempublicam,
1321 1474 1576 1512 offendissem.
1623 1474 1779 1526 Qibus
1813 1475 1934 1519 enim,

563 1556 634 1594 pro
662 1543 758 1580 meis
791 1541 1078 1579 immortalibus
1112 1540 1325 1585 beneficiis,
1357 1540 1543 1577 cariffima
1562 1553 1647 1577 mea
1666 1540 1763 1578 salus
1785 1550 1823 1578 et
1843 1554 1937 1578 meae

563 1607 729 1646 fortunae
760 1607 831 1645 effe
863 1607 1082 1651 debebant3
1114 1619 1206 1643 cum
1233 1614 1391 1658 propter
1410 1619 1545 1642 eorum
1567 1605 1688 1642 scelus
1711 1605 1811 1642 nihil
1833 1604 1935 1642 mihi

563 1673 665 1711 intra
684 1686 790 1710 meos
811 1672 972 1724 parietes
995 1678 1140 1715 tutum,
1163 1670 1263 1708 nihil
1284 1670 1430 1708 infidiis
1452 1683 1632 1715 vacuum,
1655 1670 1840 1715 viderem,
1862 1684 1936 1708 no-

562 1751 697 1775 varum
718 1751 781 1775 me
802 1735 1125 1774 neceffitudinum
1157 1735 1343 1772 fidelitate
1368 1744 1503 1773 contra
1532 1745 1706 1773 veterum
1734 1735 1937 1787 perfidiam

564 1803 824 1841 muniendum
846 1803 992 1854 putavi.
1031 1801 1102 1838 Sed
1123 1800 1168 1838 de
1190 1801 1324 1838 nostris
1347 1801 1461 1838 rebus
1483 1801 1585 1845 satis,
1616 1801 1733 1838 etiam
1766 1801 1936 1838 nimium

564 1870 702 1907 multa.
738 1870 799 1906 De
820 1868 896 1905 tuis
918 1867 1051 1911 velim,
1083 1875 1126 1903 ut
1146 1879 1191 1903 eo
1212 1866 1256 1903 fis
1278 1866 1422 1911 animo,
1455 1880 1533 1918 quo
1554 1866 1668 1904 debes
1690 1866 1774 1910 effe,
1806 1867 1846 1903 id
1867 1866 1933 1911 est,

565 1943 609 1971 ut
631 1947 677 1970 ne
698 1934 793 1985 quid
815 1933 888 1970 tibi
909 1932 1102 1984 praecipue
1124 1931 1344 1969 timendum
1365 1940 1491 1983 putes.
1536 1931 1573 1967 Si
1601 1931 1706 1968 enim
1728 1930 1843 1968 status
1864 1932 1937 1968 erit

565 1999 706 2051 aliqui8
729 1999 911 2042 civitatis,
931 1998 1156 2049 quicunque
1177 1997 1262 2041 erit,
1283 2006 1318 2034 te
1339 1997 1519 2034 omnium
1539 1997 1803 2048 periculorum
1824 1996 1936 2034 video

564 2074 763 2117 expertem
785 2064 881 2102 fore.
928 2064 1032 2101 Nam
1062 2062 1200 2099 alteros
1231 2062 1304 2099 tibi
1329 2064 1411 2114 jam
1443 2063 1611 2114 placatos
1642 2062 1712 2099 effe
1741 2062 1934 2113 intelligo,

565 2130 703 2168 alteros
734 2142 933 2180 nunquam
965 2129 1079 2166 iratos
1110 2126 1234 2165 fuiffe.
1282 2129 1343 2165 De
1363 2141 1449 2165 mea
1467 2136 1596 2164 autem
1618 2128 1656 2164 in
1680 2137 1716 2164 te
1737 2127 1936 2164 voluntate

566 2196 615 2233 fic
638 2195 756 2232 velim
781 2194 948 2246 judices,
980 2207 1056 2237 me,
1087 2192 1386 2244 quibuscunque
1416 2193 1529 2230 rebus
1558 2205 1654 2243 opus
1685 2192 1755 2229 effe
1784 2191 1935 2228 intelli-

565 2273 669 2312 gam,
702 2272 923 2309 quanquam
953 2258 1103 2295 videam
1124 2258 1193 2309 qui
1214 2257 1283 2294 sim
1303 2256 1379 2296 hoc
1401 2265 1574 2308 tempore
1595 2265 1632 2293 et
1653 2256 1749 2308 quid
1768 2256 1905 2308 poffim
1921 2274 1934 2301 ς

563 2338 680 2377 opera
700 2333 829 2362 tamen
849 2332 886 2361 et
908 2323 1082 2367 consilio,
1112 2322 1239 2360 studio
1259 2323 1419 2374 quidem
1440 2331 1556 2365 certe,
1579 2322 1647 2365 rei,
1669 2320 1795 2366 famae,
1825 2321 1936 2358 saluti

567 2399 655 2434 tuae‚
674 2389 806 2442 praesto
827 2387 1021 2427 futurum.
1045 2389 1112 2425 Tu
1133 2387 1264 2432 velim,
1288 2397 1326 2426 et
1346 2387 1442 2440 quid
1462 2400 1563 2438 agas,
1586 2387 1740 2439 etquid
1760 2388 1935 2424 acturum

567 2463 604 2493 te
623 2464 750 2507 putes,
781 2453 898 2493 facias
918 2468 981 2493 me
1002 2467 1118 2507 quam
1140 2452 1429 2505 diligentiffime
1449 2452 1669 2491 certiorem.
1702 2451 1810 2489 Vale.
