2351 2997
609 252 701 289 AD
760 249 1228 287 FAMILIARES
1288 248 1569 287 LIB.X11.
1704 263 1777 301 323

533 483 595 520 M.
629 484 682 520 T.
716 484 957 520 CICERO
999 482 1390 520 CORNIFICIO
1431 482 1469 521 S.
1503 483 1547 521 P.
1581 482 1636 521 D.

392 611 529 649 XXII.
555 610 640 682 N
655 611 690 648 O
705 612 726 648 S
753 609 819 648 hic
841 623 934 647 cum
954 609 1116 647 homine
1136 609 1362 661 gladiatore,
1385 610 1567 648 omnium
1590 607 1775 661 nequisti-

662 689 743 719 mo,
766 675 916 726 collega
937 675 1080 718 nostro,
1104 674 1297 719 Antonio,
1320 675 1471 712 bellum
1492 675 1690 726 gerimus;
1714 672 1777 709 sed

395 757 473 780 non
496 742 577 795 pari
598 741 838 784 conditione,
871 748 1006 777 contra
1025 752 1129 776 arma
1149 739 1291 777 verbis.
1337 741 1392 777 At
1413 741 1531 777 etiam
1552 739 1598 777 de
1622 748 1658 776 te
1679 752 1776 775 con-

393 808 599 845 cionatur:
644 819 715 843 nec
750 805 912 856 impune
927 823 940 849 3
982 817 1072 841 nam
1107 803 1259 848 sentiet,
1295 818 1393 856 quos
1430 804 1644 842 laceffierit.
1691 804 1778 854 Ego

392 882 524 910 autem
545 872 625 909 aeta
644 870 691 908 ad
713 879 749 908 te
769 870 902 908 omnia
921 870 1087 907 arbitror
1106 869 1293 921 perscribi
1313 870 1360 907 ab
1381 870 1491 907 aliis:
1524 883 1544 907 a
1564 883 1627 907 me
1646 868 1780 906 futura

393 938 510 976 debes
537 936 797 988 cognoscere;
829 948 1000 987 quorum
1027 934 1188 987 quidem
1219 949 1297 972 non
1330 935 1383 973 est
1411 935 1585 973 difficilis
1618 934 1777 985 conjec-

393 1013 493 1041 tura.
527 1000 714 1054 Oppreffa
733 1001 867 1038 omnia
886 1000 997 1038 sunt:
1030 1013 1101 1037 nec
1122 999 1267 1037 habent
1288 1000 1428 1038 ducem
1450 1000 1560 1044 boni,
1583 999 1780 1050 nostrique

393 1066 620 1113 wngombvoc
641 1066 757 1118 longe
778 1066 958 1118 gentium
979 1065 1132 1104 absunt.
1181 1065 1299 1103 Pansa
1318 1075 1357 1103 et
1378 1066 1494 1103 sentit
1514 1066 1626 1110 bene,
1657 1074 1696 1102 et
1717 1065 1778 1101 lo-

394 1132 533 1184 quitur
552 1130 733 1169 fortiter:
761 1131 920 1168 Hirtius
941 1130 1067 1168 noster
1087 1130 1232 1168 tardius
1254 1131 1502 1169 convalescit.
1535 1129 1645 1182 Qid
1665 1129 1777 1167 futu-

394 1211 484 1235 rum
505 1197 564 1241 fit,
593 1196 707 1248 plane
728 1196 871 1234 nescio.
905 1197 996 1248 Spes
1019 1205 1150 1234 tamen
1171 1209 1247 1234 una
1266 1196 1333 1241 est,
1354 1195 1564 1249 aliquando
1584 1194 1781 1247 populum

395 1263 626 1300 Romanurn
645 1263 841 1314 majorum
861 1261 1030 1300 similem
1050 1261 1148 1300 fore.
1195 1263 1284 1314 Ego
1310 1271 1413 1300 certe
1442 1261 1668 1314 reipublicae
1699 1274 1780 1298 non

394 1327 523 1372 deero,
554 1337 608 1372 et,
639 1327 834 1379 quidquid
863 1327 1063 1371 acciderit,
1094 1341 1114 1364 a
1143 1340 1223 1379 quo
1251 1340 1337 1365 mea
1366 1327 1483 1379 culpa
1506 1326 1616 1371 abfit,
1647 1325 1781 1363 animo

393 1392 489 1430 forti
509 1392 646 1431 feram.
680 1392 787 1429 Illud
806 1391 997 1444 profecto,
1014 1392 1142 1444 quoad
1162 1402 1313 1445 potero,
1337 1402 1444 1431 tuam
1464 1391 1611 1430 famam
1630 1400 1669 1430 et
1689 1391 1779 1443 dig-

394 1459 560 1497 nitatem
580 1458 735 1496 tuebor.
767 1459 819 1497 A.
838 1458 876 1496 d.
898 1472 987 1496 XIII
1006 1458 1096 1496 Kal.
1115 1459 1205 1509 Jan.
1229 1458 1379 1496 senatus
1400 1458 1583 1510 frequens
1605 1456 1707 1496 mihi
1727 1457 1782 1495 est

393 1525 573 1570 assensus,
605 1538 698 1562 cum
719 1524 765 1562 de
786 1525 933 1563 caeteris
959 1524 1073 1563 rebus
1103 1524 1256 1576 magnis
1286 1533 1325 1562 et
1354 1524 1583 1569 necessariis,
1614 1533 1702 1561 tum
1733 1523 1783 1561 de

394 1590 623 1643 provinciis,
654 1590 702 1626 ab
732 1590 780 1627 iis
810 1590 881 1642 qui
906 1589 1146 1634 obtinerent,
1178 1589 1407 1635 retinendis,
1438 1603 1564 1641 neque
1593 1590 1781 1642 cuiquam

396 1654 607 1699 tradendis,
639 1654 709 1692 nis1
740 1655 809 1706 qui
840 1668 888 1692 ex
918 1654 1275 1692 senatus-consulto
1302 1655 1542 1693 succeffiffet.
1590 1655 1682 1693 Hoc
1708 1668 1782 1706 ego

395 1734 490 1758 cum
511 1719 738 1771 reipublicae
759 1719 869 1757 causa
888 1718 1034 1764 censui,
1067 1728 1169 1764 turn,
1200 1719 1439 1764 mehercule,
1462 1720 1504 1757 in
1523 1720 1662 1772 primis
1684 1719 1778 1756 reti-

397 1785 531 1823 nendae
553 1785 755 1836 dignitatis
777 1794 866 1823 tuae.
891 1785 1161 1836 Qarnobrem
1184 1794 1220 1822 te
1236 1785 1377 1823 amoris
1400 1785 1518 1823 nostri
1539 1785 1649 1823 causa
1669 1798 1779 1836 rogo,

396 1851 622 1904 reipublicae
642 1850 753 1888 causa
771 1849 922 1895 hortor,
959 1860 1002 1888 ut
1022 1864 1070 1888 ne
1090 1851 1156 1888 cui
1176 1851 1395 1903 quidquam
1409 1852 1510 1903 juris
1539 1851 1579 1888 in
1602 1861 1667 1888 tua
1686 1864 1779 1903 pro—

395 1917 524 1954 vincia
543 1915 615 1953 effe
635 1915 806 1968 patiare3
841 1925 956 1967 atque
978 1925 1021 1953 ut
1042 1916 1176 1953 omnia
1195 1915 1334 1953 referas
1356 1916 1402 1953 ad
1423 1916 1671 1968 dignitatem,
1705 1929 1782 1968 qua

395 1982 497 2019 nihil
516 1980 641 2034 potest
661 1981 732 2019 effe
751 1981 1007 2034 praestantius.
1047 1982 1147 2019 Vere
1168 1990 1299 2020 tecum
1321 1995 1447 2034 agam,
1480 1992 1522 2020 ut
1544 1982 1780 2020 neceffitudo

395 2047 519 2085 nostra
544 2046 727 2099 postulat.
778 2048 825 2084 In
854 2047 1099 2099 Sempronio,
1132 2047 1158 2084 fi
1186 2048 1283 2084 meis
1314 2048 1437 2085 literis
1463 2046 1776 2099 offlemperaffcs,

394 2113 606 2151 maximam
628 2112 674 2148 ab
696 2112 882 2150 omnibus
904 2112 1059 2150 laudem
1081 2112 1242 2164 adeptus
1263 2113 1369 2151 effes.
1405 2113 1477 2151 Sed
1497 2113 1598 2151 illud
1619 2123 1657 2150 et
1677 2126 1777 2165 prae-

393 2179 514 2223 teriit,
545 2187 583 2215 et
604 2177 726 2215 levius
748 2177 814 2215 est.
862 2179 959 2215 Haec
982 2191 1121 2230 magna
1142 2192 1199 2215 res
1220 2178 1286 2216 est.
1334 2180 1426 2224 Fac,
1459 2189 1503 2217 ut
1532 2179 1776 2231 provinciam

395 2243 557 2281 retineas
578 2243 618 2280 in
640 2243 824 2295 potestate
845 2243 1086 2295 reipublicae.
1120 2244 1237 2281 Plura
1257 2244 1496 2296 scripfiffem,
1530 2245 1598 2283 nifi
1622 2245 1679 2282 tui
1700 2244 1775 2282 fes·

397 2310 579 2347 tinarent.
612 2309 749 2362 Itaque
770 2307 972 2362 Cherippo
994 2310 1122 2348 nostro
1143 2323 1206 2348 me
1226 2310 1346 2348 velim
1367 2310 1538 2348 excuses.
