2351 2997
567 273 622 312 40
913 256 1597 322 EPISToLARUM

569 374 763 400 meorum.
797 361 891 398 Mea
905 373 995 397 vero
1011 359 1140 396 officia
1154 359 1189 396 ei
1210 372 1289 396 non
1310 358 1484 404 defuiffe,
1503 368 1546 396 tu
1562 372 1600 397 es
1618 357 1721 396 testis
1731 377 1742 403 3
1766 358 1953 411 quoniam

567 424 716 475 κωμικὶς
735 422 860 475 μάρτυς
883 428 945 477 (ut
971 424 1129 476 opinor)
1153 425 1299 462 occidit
1328 423 1502 462 Phania:
1533 434 1572 462 et
1592 424 1816 462 mehercule
1836 425 1952 462 etiam

569 487 694 539 pluris
714 499 806 523 eum
826 484 920 530 feci,
951 484 1057 537 quod
1089 493 1127 521 te
1159 485 1277 522 amari
1308 485 1356 521 ab
1388 499 1434 522 eo
1465 484 1572 523 senfi.
1616 486 1705 535 Jam
1730 498 1793 523 me
1826 486 1948 523 Pom-2

569 551 649 603 peii
671 559 799 588 totum
819 549 891 587 effe
912 549 983 587 scis
1002 564 1011 587 ι
1046 549 1214 587 Brutum
1235 563 1255 586 a
1274 563 1338 587 me
1364 550 1482 587 amari
1509 549 1715 601 intelligis.
1762 550 1871 600 Qid
1900 549 1953 588 est

569 615 704 660 causae,
736 628 806 653 cur
825 614 926 652 mihi
948 627 1027 652 non
1048 614 1094 651 fit
1114 614 1155 651 in
1175 615 1318 666 optatis
1339 614 1550 666 complecti
1576 613 1782 652 hominem
1809 614 1951 652 floren-

568 689 653 719 tem
691 690 815 725 aetate,
846 680 1003 732 opibus,
1035 679 1274 724 honoribus,
1305 680 1479 731 ingenio,
1510 679 1666 725 liberis,
1697 679 1951 732 propinquis,

570 746 770 791 affinibus,
801 746 952 790 amicis,
983 745 1176 796 collegam
1203 758 1338 782 meum
1364 744 1589 797 praesefflm,
1621 754 1660 782 et
1690 745 1732 782 in
1759 745 1838 797 ipsa
1868 744 1953 782 col-

568 812 665 864 legii
684 811 797 849 laude
817 820 856 849 et
876 811 1038 848 scientia
1056 810 1269 848 studiosum
1290 810 1367 847 mei
1384 811 1396 847 ?
1421 811 1519 848 Haec
1537 824 1583 847 eo
1603 810 1784 862 pluribus
1806 809 1949 862 scripsi,

570 876 678 929 quod
711 875 812 914 mihi
847 875 1117 928 significabant
1152 883 1226 913 tuae
1260 875 1396 920 literae,
1431 875 1696 919 subdubitare,
1727 888 1804 927 qua
1836 874 1951 912 effem

570 955 661 994 erga
687 942 803 979 illum
830 941 1045 980 voluntate.
1093 939 1222 978 Credo
1254 949 1293 978 te
1323 940 1466 977 audiffe
1492 940 1656 992 aliquid.
1701 940 1859 978 Falsum
1885 939 1952 984 est,

569 1006 819 1052 mihicrede,
851 1008 877 1044 fi
905 1007 1001 1056 quid
1027 1005 1180 1044 audisti.
1227 1007 1364 1043 Genus
1392 1005 1661 1043 institutorum
1692 1014 1731 1042 et
1757 1005 1955 1042 rationum

569 1086 747 1111 mearum
768 1071 1124 1109 dissimilitudinem
1146 1070 1378 1107 nonnullam
1397 1068 1515 1107 habet
1531 1083 1624 1107 cum
1644 1069 1752 1107 illius
1768 1069 1955 1108 adminis-

569 1139 737 1176 tratione
768 1137 979 1189 provinciae
997 1151 1006 1174 ε
1039 1149 1087 1173 ex
1111 1148 1157 1172 eo
1178 1135 1339 1188 quidam
1361 1134 1541 1186 suspicati
1560 1134 1713 1173 fortass‘e
1734 1134 1837 1179 sunt,
1868 1135 1954 1172 ani-

569 1216 728 1241 morum
748 1202 1016 1246 contentione,
1043 1214 1122 1238 non
1143 1200 1377 1252 opinionum
1399 1199 1636 1244 dsssenfione,
1659 1213 1722 1237 me
1741 1201 1788 1237 ab
1809 1213 1854 1237 eo
1875 1199 1954 1237 dis-

571 1282 739 1321 crepare.
786 1266 905 1306 Nihil
927 1276 1057 1305 autem
1078 1265 1156 1303 feci
1177 1279 1367 1317 unquam,
1400 1278 1525 1316 neque
1555 1264 1653 1309 dixi,
1685 1265 1792 1316 quod
1821 1273 1957 1303 contra

569 1333 679 1371 illius
700 1332 1029 1370 existimationem
1050 1330 1121 1368 effe
1142 1330 1300 1368 vellem.
1334 1329 1422 1367 Post
1443 1329 1519 1367 hoc
1541 1329 1747 1381 negotium
1766 1339 1897 1368 autern
1916 1338 1957 1368 et

571 1399 833 1437 temeritatem
856 1397 975 1435 nostri
1007 1396 1240 1441 Dolabellae,
1272 1395 1561 1447 deprecatorem
1582 1408 1644 1433 me
1666 1408 1735 1447 pro
1755 1395 1862 1433 illius
1884 1409 1954 1448 pe-

571 1463 699 1502 riculo
719 1464 886 1516 praebeo.
916 1463 1011 1500 Erat
1031 1462 1071 1499 in
1092 1460 1226 1499 eadem
1247 1460 1407 1513 epistola
1426 1469 1605 1498 veternus
1626 1460 1811 1499 civitatis.
1841 1461 1954 1499 Gau-

573 1529 714 1567 debam
735 1529 835 1573 sane,
867 1537 905 1566 et
925 1526 1138 1580 congelasse
1160 1526 1333 1564 nostrum
1353 1526 1525 1563 amicum
1555 1526 1709 1563 laetabar
1728 1526 1825 1564 otio.
1870 1527 1954 1563 Ex·-

572 1603 697 1632 trema
716 1593 868 1646 pagella
887 1593 1059 1645 pupugit
1078 1606 1141 1630 me
1163 1601 1232 1629 tuo
1251 1590 1529 1643 chirographo.
1571 1591 1681 1641 Qid
1709 1591 1762 1628 ais
1783 1592 1795 1628 ?
1828 1591 1954 1628 Caesa-

571 1674 655 1698 rem
676 1673 781 1697 nunc
803 1658 978 1696 defendit
1000 1658 1151 1695 Curio?
1176 1656 1277 1708 Qis
1298 1655 1374 1694 hoc
1394 1665 1547 1708 putaret
1562 1665 1700 1708 praeter
1720 1657 1809 1694 me?
1833 1657 1955 1702 Nam,

571 1725 626 1763 ita
645 1725 789 1769 vivam,
820 1722 969 1776 putavi.
1015 1722 1086 1760 Dii
1115 1720 1371 1765 immortales,
1403 1734 1522 1773 quam
1545 1734 1618 1773 ego
1638 1720 1759 1758 risum
1780 1720 1955 1759 nostrum

572 1789 743 1828 defidero
762 1789 770 1827 l
803 1787 913 1827 Mihi
934 1796 1013 1825 erat
1041 1788 1083 1825 in
1103 1787 1249 1831 animo,
1281 1786 1467 1838 quoniam
1482 1785 1796 1837 jurisdictionem
1817 1786 1955 1824 confe-

571 1868 701 1893 ceram
715 1883 727 1899 ,
768 1853 943 1891 civitates
983 1851 1263 1904 locupletaram
1279 1879 1290 1895 ,
1330 1849 1552 1902 publicanis
1591 1851 1709 1888 etiam
1749 1850 1955 1902 superioris

572 1919 685 1958 lustri
711 1919 861 1971 reliqua
888 1918 964 1955 fine
996 1917 1190 1954 sociorum
1222 1916 1301 1953 ulla
1333 1915 1487 1968 querela
1515 1915 1792 1960 conservaram,
1824 1917 1954 1968 priva-

573 1984 640 2029 tis,
672 1983 851 2028 summis,
884 1981 1046 2026 infimis,
1078 1979 1460 2033 fueramjucundus,
1492 1979 1685 2031 proficisci
1706 1980 1747 2017 in
1770 1980 1956 2018 Ciliciam

572 2049 688 2088 nonis
723 2049 853 2093 Maii;
885 2056 948 2092 et,
981 2061 1073 2084 cum
1107 2047 1232 2100 prima
1266 2045 1391 2083 aestiva
1423 2045 1630 2097 attigiffem
1664 2045 1957 2098 militaremque

574 2128 657 2153 rem
678 2113 936 2158 collocassem,
968 2112 1149 2150 decedere
1169 2126 1215 2150 ex
1237 2111 1606 2149 senatus-consulto.
1652 2112 1781 2164 Cupio
1803 2120 1839 2149 te
1860 2111 1955 2149 aedi-

574 2180 656 2218 lem
675 2178 818 2224 videre,
850 2178 1030 2230 miroque
1059 2177 1244 2215 defiderio
1273 2190 1336 2214 me
1368 2174 1459 2214 urbs
1480 2176 1614 2220 afficit,
1645 2184 1682 2213 et
1703 2189 1838 2214 omnes
1861 2176 1954 2221 mei,

576 2255 703 2300 tuque
722 2245 763 2284 in
784 2244 937 2297 primis.
970 2243 1081 2282 Vale.
