2351 2997
621 269 712 306 AD
770 268 1235 309 FAMILIARES
1296 273 1427 313 LIB.
1482 277 1554 315 iv.
1731 255 1784 334 ᾖ

396 366 462 404 sed
481 374 611 404 tamen
630 365 736 404 idem
760 368 850 418 (nec
869 366 947 406 hoc
967 365 1202 418 εἰρωνευὸμῖυος)
1225 370 1341 411 facile
1361 375 1457 413 cedo
1479 386 1638 416 tuorum
1658 379 1779 433 scrip-

397 439 529 468 torum
549 430 758 469 subtilitati
779 441 817 470 et
836 433 1051 486 elegantiae.
1097 437 1318 476 Confilium
1348 448 1477 486 tuum,
1509 457 1589 495 quo
1609 453 1647 483 te
1667 445 1781 484 usum

396 495 533 533 scribis
563 495 640 534 hoc
670 496 893 536 Achaicum
924 501 1129 552 negotium
1149 516 1228 540 non
1250 505 1485 552 recusaviffe,
1518 522 1610 547 cum
1632 510 1782 564 semper

392 561 666 613 probavissem,
699 572 786 601 tum
818 564 947 603 multo
980 567 1104 618 magis
1138 569 1301 619 probavi
1335 571 1444 609 leffis
1480 575 1557 612 tuis
1588 578 1779 627 proximis

395 626 535 665 literis.
588 629 738 666 Omnes
777 630 884 667 enim
924 632 1058 675 causae,
1099 647 1194 685 quas
1232 647 1531 683 commemoras,
1566 641 1781 691 justiffimae

392 691 498 737 sunt,
539 701 683 745 tuaque
716 702 755 732 et
789 695 1016 733 auctoritate
1050 706 1088 734 et
1122 698 1329 750 prudentia
1363 701 1607 754 digniffimae.
1659 709 1779 758 Qod

392 757 505 794 aliter
525 757 702 795 cecidiffe
723 772 804 797 rem
825 760 1036 806 existimas,
1067 771 1183 815 atque
1203 765 1384 817 opinatus
1406 768 1467 812 fis,
1499 769 1539 806 id
1570 771 1643 808 tibi
1669 773 1780 810 nullo

390 822 512 860 modo
549 822 742 862 affentior.
794 825 865 862 Sed
900 827 992 878 quia
1026 836 1131 865 tanta
1163 831 1406 880 perturbatio
1440 843 1478 871 et
1513 835 1690 874 confufio
1723 838 1776 875 est

391 900 537 933 rerum,
569 888 623 926 ita
641 889 816 941 perculsa
836 899 875 928 et
896 891 1080 943 prostrata
1099 893 1310 934 fcediffimo
1342 897 1446 935 bello
1469 901 1603 951 jacent
1630 904 1776 949 omnia,

392 961 437 990 ut
468 953 501 991 is
534 954 678 1005 cuique
709 954 820 993 locus
854 956 923 994 ubi
954 957 1034 1009 ipse
1067 959 1126 1004 fit,
1157 969 1196 997 et
1227 961 1296 999 fibi
1327 963 1505 1016 quisque,
1537 967 1776 1007 miserrimus

388 1017 463 1056 effe
482 1018 685 1065 videatur3
719 1030 920 1074 propterea
940 1032 979 1061 et
1000 1024 1058 1062 tui
1081 1034 1117 1063 te
1138 1027 1290 1064 consilii
1311 1030 1505 1080 poenitet;
1538 1040 1576 1069 et
1597 1046 1683 1079 nos,
1707 1036 1776 1087 qui

390 1083 501 1122 domi
521 1084 669 1130 sumus,
693 1086 766 1124 tibi
789 1086 890 1125 beati
911 1088 1111 1128 videmur:
1143 1100 1181 1129 at
1202 1103 1337 1131 contra
1357 1095 1486 1141 nobis,
1519 1110 1597 1135 non
1620 1108 1661 1136 tu
1683 1101 1775 1151 qui-

390 1148 481 1186 dem
502 1163 644 1188 vacuus
665 1151 868 1197 molestiis,
899 1153 963 1191 sed
983 1168 1060 1206 prae
1084 1156 1198 1194 nobis
1227 1158 1375 1197 beatus.
1421 1162 1553 1213 Atque
1584 1162 1660 1201 hoc
1692 1165 1775 1217 ipso

387 1215 531 1253 melior
551 1215 604 1253 est
625 1226 704 1262 tua,
736 1231 854 1270 quam
876 1219 1015 1264 nostra,
1047 1222 1250 1269 conditi03
1284 1226 1390 1276 quod
1418 1235 1475 1272 tu,
1507 1229 1603 1280 quid
1631 1230 1773 1276 doleat,

386 1280 554 1318 scribere
570 1282 701 1327 aude5‚
720 1296 789 1320 nos
807 1297 855 1321 ne
876 1284 915 1321 id
936 1286 1098 1336 quidem
1116 1296 1202 1325 tuto
1217 1290 1417 1341 pofl'umus
1432 1311 1443 1337 3
1467 1307 1539 1331 nec
1560 1295 1600 1332 id
1617 1296 1773 1335 vietoriS

388 1347 501 1393 vitio,
533 1361 613 1399 quo
634 1348 736 1386 nihil
757 1350 1009 1396 moderatius,
1042 1353 1104 1390 sed
1124 1354 1242 1406 ipfius
1264 1357 1447 1403 victoriae,
1479 1375 1564 1412 quae
1589 1363 1773 1402 civilibus

389 1412 504 1450 bellis
527 1413 676 1466 semper
695 1414 748 1452 est
768 1415 951 1455 insolens,
993 1419 1085 1456 Uno
1107 1427 1144 1456 te
1164 1420 1347 1467 vicimus,
1379 1425 1485 1475 quod
1506 1426 1552 1463 de
1572 1427 1771 1475 Marcelli,

385 1477 548 1530 collegae
569 1479 643 1523 tui,
676 1479 796 1518 salute
817 1482 934 1533 paulo
955 1492 1057 1528 ante,
1089 1498 1208 1537 quam
1230 1495 1287 1531 tu,
1320 1490 1578 1540 cognovimus
1598 1507 1606 1530 :
1639 1495 1778 1540 etiam„

387 1543 628 1589 mehercule,
664 1546 785 1598 quod,
821 1549 1155 1599 quemadmodum
1189 1566 1232 1589 ea
1265 1567 1322 1591 res
1357 1565 1547 1606 ageretur,
1584 1558 1769 1599 vidimus.

386 1609 494 1647 Nam
516 1610 565 1647 fic
586 1609 648 1647 fac
669 1611 864 1650 existimes
882 1632 894 1657 ;
926 1614 1010 1665 post
1030 1614 1098 1653 has
1119 1616 1305 1662 miserias,
1337 1619 1376 1656 id
1397 1620 1463 1666 est,
1485 1622 1688 1675 postquam
1711 1640 1770 1664 ar-

386 1674 462 1711 mis
493 1674 697 1727 disceptari
728 1687 905 1729 coeptum
934 1679 987 1716 est
1017 1680 1063 1717 de
1087 1682 1176 1732 jure
1202 1684 1380 1734 publico,
1414 1686 1515 1724 nihil
1543 1689 1614 1726 effe
1642 1693 1771 1729 aecum

382 1740 492 1777 aliud
524 1755 617 1779 oum
650 1742 854 1794 dignitate.
899 1746 1005 1783 Nam
1027 1756 1065 1784 et
1089 1748 1168 1799 ipse
1191 1749 1327 1794 Caesar,
1361 1747 1535 1790 accusata‘
1562 1757 1769 1795 acerbitate

386 1806 583 1851 Nlarcelli,
620 1807 688 1858 (fic
719 1810 826 1846 enim
859 1811 1096 1862 appellabat)
1126 1813 1356 1866 laudataque
1383 1816 1768 1860 honorificentiffime

384 1879 422 1907 et
444 1872 625 1923 aequitate
647 1881 712 1910 tua
732 1883 769 1911 et
790 1875 1010 1926 prudentia,
1043 1888 1199 1929 repente
1220 1890 1358 1930 praeter
1378 1882 1484 1934 spem
1506 1884 1622 1930 dixit,
1656 1887 1689 1924 se
1711 1888 1766 1925 se-

384 1937 507 1981 natui,
540 1940 691 1989 roganti
724 1939 770 1976 de
802 1941 1009 1987 Nlarcello,
1043 1956 1089 1980 ne
1122 1943 1295 1983 hominis
1324 1948 1485 1999 quidem
1513 1951 1622 1988 causa
1650 1966 1765 2005 nega-

384 2010 533 2040 turum.
566 2004 726 2042 Fecerat
746 2015 875 2043 autem
896 2005 972 2044 hoc
993 2008 1158 2054 senatus,
1192 2020 1248 2055 ut,
1273 2025 1364 2049 cum
1385 2027 1405 2050 a
1426 2015 1474 2051 L.
1494 2015 1631 2054 Pisone
1652 2032 1765 2057 men-

384 2066 440 2103 tio
461 2067 551 2104 effet
571 2066 670 2105 faeta
690 2068 735 2106 de
757 2071 964 2117 Marcello,
997 2083 1034 2111 et
1056 2087 1146 2112 cum
1171 2077 1218 2113 C.
1242 2077 1457 2116 Marcellus
1480 2080 1515 2117 se
1535 2081 1580 2118 ad
1610 2083 1767 2123 Caesaris

382 2131 497 2182 pedes
519 2132 728 2184 abjecisset,
759 2138 923 2175 cun&us
949 2139 1211 2191 consurgeret,
1243 2151 1281 2179 et
1310 2143 1357 2181 ad
1388 2145 1575 2183 Caesarem
1603 2148 1767 2201 supplex

384 2197 596 2236 accederet.
620 2199 718 2236 Noli
741 2215 928 2252 quaerere:
953 2205 1007 2241 ita
1022 2205 1122 2243 mihi
1143 2206 1309 2259 pulcher
1325 2208 1390 2247 hic
1412 2210 1493 2248 dies
1515 2213 1615 2250 visus
1637 2214 1703 2259 est,
1723 2226 1765 2254 ut

382 2262 549 2313 speciem
579 2264 751 2316 aliquam
781 2267 930 2306 viderer
960 2270 1087 2309 videre
1115 2273 1218 2324 quasi
1240 2275 1502 2314 reviviscentis
1524 2279 1761 2331 reipublicae.

382 2328 532 2379 Itaque,
551 2342 643 2366 cum
659 2344 793 2370 omnes
815 2343 904 2372 ante
920 2349 983 2373 me
1004 2339 1127 2389 rogati
1151 2339 1289 2377 Caesari
1309 2342 1449 2392 gratias
1466 2343 1639 2394 egissent,
1663 2360 1760 2398 prse-

381 2401 438 2429 ter
473 2394 716 2440 Volcatium,
751 2398 801 2448 (is
836 2400 958 2447 enim,
990 2402 1016 2440 fi
1047 2417 1092 2440 eo
1121 2403 1210 2442 loco
1240 2405 1344 2451 effet,
1376 2409 1530 2460 negavit
1566 2410 1600 2447 se
1635 2410 1760 2449 faetu-

379 2471 468 2495 rum
488 2457 617 2509 fuiffe)
641 2473 713 2512 ego
735 2474 890 2515 rogatus
912 2469 1061 2506 mutavi
1081 2483 1215 2508 meum
1237 2472 1458 2512 consilium.
1493 2475 1598 2513 Nam
1619 2476 1759 2515 statue-

380 2537 476 2569 ram,
509 2539 588 2563 non
617 2526 841 2567 mehercule
869 2531 1023 2579 inertia,
1055 2535 1119 2573 sed
1148 2536 1332 2577 defiderio
1352 2539 1520 2591 pristinae
1542 2541 1757 2592 dignitatis„
