2351 2997
623 345 697 387 372
967 332 1651 372 EPIST'OLARUM

727 565 790 603 M.
825 566 877 603 T.
912 564 1152 603 CICERO
1194 565 1467 603 THERMO
1509 564 1730 603 PROPR.
1772 566 1812 604 S.
1843 566 1895 605 D.

623 692 712 730 LV.
738 692 802 763 E
817 693 854 730 T
871 693 892 729 S
911 693 928 730 Ι
958 692 1060 730 mihi
1081 692 1213 730 videor
1242 691 1486 736 intellexiffe,
1517 705 1609 730 cum
1632 701 1764 731 tecum
1784 692 1927 745 Ephesi
1957 692 2011 731 de

834 771 873 794 re
894 758 957 795 M.
975 757 1135 801 Anneii,
1159 757 1275 808 legati
1297 757 1392 802 mei,
1408 757 1563 795 locutus
1585 757 1685 802 sum,
1703 766 1740 795 te
1760 758 1877 810 ipsius
1894 758 2005 796 causa

620 822 870 861 vehementer
890 823 1023 860 omnia
1043 822 1166 866 velle;
1190 831 1317 859 tamen
1339 831 1376 859 et
1398 822 1460 859 M.
1478 823 1680 860 Anneium
1701 823 1799 861 tanti
1820 822 1936 868 facio,
1959 832 2007 861 ut

621 888 723 926 mihi
744 888 845 925 nihil
867 897 1003 939 putem
1024 886 1420 938 praetermittendum,
1438 887 1543 938 quod
1565 887 1672 925 illius
1689 888 1858 932 interfit;
1882 897 1920 926 et
1940 901 2004 925 me

622 966 642 991 a
663 963 699 990 te
721 953 818 990 tanti
840 952 922 989 fieri
944 961 1055 1003 puto,
1074 960 1117 988 ut
1138 965 1217 988 non
1239 952 1433 996 dubitem,
1451 952 1548 1003 quin
1569 952 1615 988 ad
1637 961 1745 990 tuam
1761 953 2004 991 voluntatem

621 1031 787 1070 magnus
808 1017 991 1055 cumulus
1009 1016 1163 1054 accedat
1184 1016 1538 1054 commendationis
1555 1030 1663 1054 meae.
1696 1017 1803 1055 Nam
1819 1019 2006 1069 cumjam

621 1085 688 1121 diu
710 1084 915 1135 diligerem
937 1083 999 1120 M.
1025 1083 1243 1126 Anneium,
1273 1081 1397 1133 deque
1427 1096 1471 1119 eo
1502 1082 1550 1119 fic
1576 1082 1850 1127 existimarem,
1882 1091 1925 1120 ut
1947 1096 2003 1120 res

621 1149 803 1193 declarat,
835 1147 941 1199 quod
962 1148 1067 1184 ultro
1087 1147 1122 1184 ei
1143 1146 1351 1184 detulerim
1372 1146 1623 1198 legationem,
1656 1161 1748 1184 cum
1770 1147 1906 1185 multis
1934 1161 2003 1199 pe-

622 1215 798 1252 tentibus
819 1212 1086 1264 denegaffem,
1120 1220 1206 1249 tum
1226 1225 1330 1256 vero,
1361 1211 1489 1264 postea
1509 1225 1626 1263 quam
1649 1226 1806 1250 mecum
1837 1213 1876 1250 in
1900 1212 2004 1250 bello

621 1290 737 1331 atque
758 1280 798 1316 in
821 1292 859 1316 re
881 1278 1042 1315 militari
1062 1276 1154 1322 fuit,
1188 1286 1335 1315 tantam
1365 1277 1405 1314 in
1436 1291 1481 1314 eo
1506 1277 1708 1322 virtutem,
1740 1277 2003 1329 prudentiam,

624 1345 757 1389 fidem,
790 1353 1014 1395 tantamque
1035 1356 1124 1394 erga
1144 1356 1206 1380 me
1227 1342 1553 1386 benevolentiam,
1586 1343 1768 1394 cognovi,
1801 1352 1843 1380 ut
1870 1342 2004 1380 homi-

624 1424 713 1447 nem
735 1409 935 1447 neminem
954 1408 1078 1461 pluris
1098 1407 1254 1445 faciam.
1292 1408 1397 1444 Eum
1419 1420 1510 1444 cum
1534 1407 1724 1444 Sardianis
1745 1406 1886 1444 habere
1907 1420 2008 1444 con-

623 1474 844 1512 troverfiam
865 1473 936 1510 scis
956 1488 965 1510 ε
999 1472 1150 1509 causam
1171 1471 1244 1509 tibi
1265 1471 1515 1523 exposuimus
1538 1470 1708 1523 Ephefi3
1741 1484 1858 1522 quam
1880 1481 1921 1509 tu
1945 1481 2005 1509 ta-

622 1553 712 1577 men
744 1552 875 1576 coram
905 1537 1060 1575 facilius
1095 1537 1311 1588 meliusque
1342 1536 1564 1588 cognosces.
1612 1537 1673 1573 De
1704 1537 1856 1588 reliquo
1886 1536 2001 1581 mihi,

623 1604 860 1648 mehercule,
884 1603 950 1641 diu
972 1603 1140 1640 dubium
1160 1600 1252 1645 fuit,
1275 1601 1372 1653 quid
1392 1601 1437 1638 ad
1460 1610 1496 1638 te
1517 1601 1758 1653 potiffimum
1780 1601 2001 1639 scriberem„

624 1672 694 1720 Jus
729 1670 836 1706 enim
870 1667 1203 1720 quemadmodum
1239 1666 1357 1710 dicas,
1390 1666 1539 1703 clarum
1572 1675 1610 1702 et
1642 1679 1781 1716 magna
1815 1679 1907 1703 cum
1940 1675 2006 1703 tua

623 1734 734 1772 laude
764 1744 904 1772 notum
933 1732 999 1770 est.
1046 1732 1177 1770 Nobis
1204 1741 1334 1768 autem
1366 1732 1405 1768 in
1434 1730 1506 1768 hac
1528 1731 1637 1768 causa
1658 1730 1758 1768 nihil
1780 1730 1884 1768 aliud
1906 1744 2003 1783 opus

623 1799 689 1844 cst,
723 1800 791 1837 nifi
814 1809 850 1836 te
866 1800 931 1850 jus
953 1797 1132 1835 instituto
1154 1807 1222 1834 tuo
1243 1797 1384 1834 dicere.
1433 1796 1503 1834 Sed
1533 1804 1676 1840 tamen,
1709 1809 1801 1833 cum
1831 1810 1902 1833 me·
1926 1810 2004 1833 non

622 1865 748 1917 fugiat
769 1874 913 1917 quanta
934 1864 978 1901 fit
1008 1864 1048 1901 in
1077 1871 1238 1915 praetore
1259 1862 1479 1906 auctoritas,
1510 1862 1720 1913 praesertim
1751 1861 1818 1898 ista
1839 1862 2004 1913 integri-

624 1941 715 1974 tate,
746 1930 948 1982 gravitate,
979 1928 1201 1971 clementia,
1234 1941 1311 1978 qua
1345 1936 1381 1963 te
1416 1927 1486 1964 effe
1521 1927 1623 1963 inter
1656 1939 1791 1964 omnes
1826 1926 2001 1970 constat3

624 2005 715 2047 peto
736 1996 802 2032 abs
831 2003 867 2031 te
888 2007 957 2045 pro
986 1993 1111 2030 nostra
1139 1991 1450 2043 conjunctiffima
1480 1991 1769 2035 neceffitudine,
1802 1991 2003 2042 plurimis-

623 2075 699 2112 que
720 2060 859 2097 officiis
881 2059 1038 2111 paribus
1060 2072 1101 2095 ac
1124 2058 1287 2102 mutuis,
1315 2067 1358 2094 ut
1380 2057 1593 2101 voluntate,
1616 2058 1855 2101 auctoritate,
1878 2056 2004 2093 studio

626 2138 708 2171 tuo,
733 2126 922 2178 perficias,
941 2135 984 2162 ut
1005 2126 1067 2162 M.
1088 2126 1265 2162 Anneius
1288 2124 1497 2175 intelligat,
1517 2133 1553 2160 te
1574 2132 1611 2161 et
1633 2123 1702 2160 fibi
1723 2123 1895 2160 amicum
1917 2124 2002 2168 effe,

625 2193 731 2244 quod
753 2205 830 2229 non
854 2191 1020 2234 dubitat,
1056 2190 1169 2241 (saepe
1196 2190 1302 2227 enim
1336 2202 1493 2226 mecum
1524 2189 1678 2226 locutus
1709 2188 1779 2237 est)
1812 2197 1849 2225 et
1877 2189 2005 2225 multo

624 2259 851 2295 amiciorem
873 2256 933 2294 his
956 2257 1051 2293 meis
1082 2256 1206 2292 literis
1237 2255 1307 2292 effe
1338 2254 1499 2292 fadum.
1546 2255 1592 2291 In
1625 2263 1694 2291 tuo
1728 2263 1810 2291 toto
1840 2254 2006 2305 imperio

624 2332 740 2374 atque
760 2322 959 2373 provincia
980 2320 1080 2358 nihil
1102 2321 1153 2357 est
1175 2321 1279 2372 quod
1303 2319 1403 2357 mihi
1423 2320 1569 2371 gratius
1590 2318 1713 2356 facere
1735 2319 1862 2370 poffis.
1900 2320 2003 2368 Jam‚

624 2387 725 2440 apud
766 2387 892 2439 ipsum
933 2386 1190 2437 gratiffimum
1230 2385 1434 2422 hominem
1473 2395 1589 2437 atque
1627 2385 1825 2436 optimum
1861 2385 2002 2428 virum,

625 2466 742 2505 quam
765 2453 860 2489 bene
885 2452 1073 2503 positurus
1097 2451 1140 2487 fis
1172 2450 1342 2488 studium
1374 2459 1488 2487 tuum
1518 2460 1633 2502 atque
1660 2450 1853 2494 officium,
1885 2448 2004 2486 dubi-

626 2528 702 2556 tare
726 2526 760 2556 te
783 2530 858 2555 non
881 2516 1073 2554 existimo.
1107 2515 1216 2552 Vale.
