2351 2997
545 289 619 340 196
884 288 1566 328 EPISTOLARUM

541 386 686 440 confidis
704 386 886 439 designati.
930 389 976 426 In
1007 387 1079 425 kal.
1113 387 1242 437 rejeoJa
1266 401 1319 431 re,
1349 401 1391 424 ne
1406 385 1657 439 frequentiam
1686 384 1821 439 quidem
1839 385 1913 437 effi*

542 466 620 491 cere
631 461 844 504 potuerunt.
887 454 971 489 Has
990 451 1116 489 literas
1142 465 1179 488 a.
1209 449 1244 488 d.
1275 468 1311 490 IV
1325 451 1424 489 Non.
1447 450 1624 502 Septemb.
1652 450 1741 496 dedi,
1771 464 1848 489 cum
1867 448 1929 489 ad

542 531 618 555 eam
637 515 725 554 diem
743 530 785 554 ne
804 515 1038 568 profligatum
1067 513 1201 566 quidem
1230 513 1418 566 quidquam
1446 523 1541 552 erat.
1589 515 1640 553 Ut
1668 514 1779 560 video,
1809 516 1917 567 calfit

542 582 619 619 haec
636 581 781 632 integra
799 580 837 618 in
850 579 1052 631 proximum
1071 592 1203 617 annum
1221 579 1470 630 transferetur
1484 594 1497 617 .·
1518 587 1567 622 et,
1588 588 1758 631 quantum
1777 578 1916 622 divino,

542 644 787 699 relinquendus
806 644 877 683 tibi
891 645 962 683 erit
981 644 1044 697 qui
1051 644 1278 697 provinciam
1295 643 1468 682 obtineat.
1507 646 1608 683 Nam
1627 659 1694 683 non
1712 643 1915 696 expedietur

529 710 716 765 stcccffm
746 709 883 763 quando
904 709 1046 754 Gallice,
1077 723 1155 762 quae
1173 708 1304 747 habent
1320 707 1585 760 intercefforem,
1614 708 1650 747 in
1670 708 1810 747 eandem
1828 721 1912 746 con-

543 776 720 821 ditionem,
751 789 856 828 quam
874 784 1016 814 caeterae
1027 774 1241 827 provinciae,
1271 783 1464 813 vocantur.
1494 776 1575 813 Hoc
1594 774 1681 812 mihi
1695 788 1762 813 non
1781 773 1826 824 est
1844 772 1913 812 du-

544 842 637 881 bium
653 857 667 879 .·
698 856 762 894 quo
782 840 851 879 tibi
866 841 979 892 magis
983 840 1125 893 scripsi,
1155 849 1197 878 ut
1215 838 1266 878 ad
1279 840 1371 878 hunc
1389 850 1554 878 eventum
1573 849 1608 878 te
1619 849 1789 892 parares.
1819 839 1916 878 Fere

544 907 659 945 literis
678 907 831 945 omnibus
850 905 920 944 tibi
934 905 974 944 de
987 905 1176 958 pantheris
1181 905 1323 957 strtpst
1367 903 1487 957 Turpe
1506 905 1575 943 tibi
1591 905 1675 949 erit,
1706 904 1916 958 Patg'sbhum

545 973 700 1012 Curioni
713 971 823 1010 decem
838 971 1038 1022 pantheras
1057 969 1191 1022 mg'szſje5
1213 979 1249 1008 te
1266 983 1334 1008 non
1349 970 1468 1008 multis
1480 969 1649 1022 partibus
1657 970 1782 1022 plures
1793 984 1806 1006 .-
1828 982 1916 1021 quas

543 1038 634 1091 ipsas
655 1037 764 1076 Curio
784 1036 883 1080 mihi,
903 1046 939 1074 et
957 1037 1048 1074 alias
1066 1035 1270 1087 Africanas
1290 1034 1414 1079 decem,
1435 1034 1607 1078 donavit3
1638 1049 1681 1073 ne
1693 1044 1800 1088 putes
1818 1036 1916 1073 illum

544 1112 688 1142 tantum
700 1101 843 1155 praedia
861 1101 990 1151 rzstica
1010 1101 1212 1153 darestire.
1258 1098 1328 1144 Tu,
1351 1101 1385 1145 li
1408 1100 1501 1139 modo
1520 1100 1684 1138 memoria
1703 1109 1851 1145 teneres,
1881 1109 1918 1139 et

546 1168 738 1221 Cybiratas
757 1165 958 1217 arceffieris,
988 1167 1137 1218 itemque
1155 1165 1192 1203 in
1212 1165 1459 1218 Pamphyliam
1482 1166 1605 1204 literas
1633 1164 1777 1218 mfiris,
1808 1167 1918 1220 (nam

543 1234 595 1272 ibi
603 1234 726 1287 plures
743 1232 826 1285 capi
841 1230 971 1284 aiunt)
991 1231 1085 1285 quod
1107 1231 1214 1276 voles,
1244 1229 1378 1283 efficies.
1423 1233 1503 1270 Hoc
1532 1230 1770 1270 vehementius
1797 1230 1918 1270 laboro

543 1312 650 1344 nunc,
681 1297 774 1351 quod
775 1298 931 1351 storstcm
950 1312 973 1335 a
992 1297 1121 1349 collega
1133 1305 1224 1348 puto
1242 1296 1331 1334 mihi
1347 1296 1460 1334 omnia
1473 1296 1656 1349 paranda.
1701 1296 1845 1335 Amabo
1864 1305 1913 1341 te,

544 1364 677 1417 impera
698 1363 767 1402 tibi
782 1363 845 1401 hoc
864 1377 974 1401 curae.
1020 1363 1113 1401 Soles
1130 1361 1293 1406 libenter,
1323 1370 1365 1399 ut
1384 1376 1458 1413 ego,
1488 1361 1652 1412 majorem
1663 1370 1810 1414 partem
1827 1361 1921 1400 nihil

544 1444 687 1468 curare.
708 1431 754 1467 In
771 1429 833 1467 hoc
851 1427 986 1479 negotio
1001 1427 1099 1465 nulla
1115 1435 1193 1469 tua,
1210 1426 1277 1476 nffl
1287 1426 1458 1478 loquendi,
1475 1440 1564 1464 cura
1580 1426 1636 1478 cst,
1654 1427 1716 1465 hoc
1730 1427 1786 1478 est,
1804 1426 1914 1479 impe-

543 1494 652 1533 randi
666 1504 701 1533 et
719 1491 921 1532 mandandi.
951 1493 1066 1536 Nam,
1075 1490 1293 1543 simulatque
1310 1499 1418 1530 erunt
1436 1500 1564 1544 captce,
1595 1491 1659 1543 qui
1683 1492 1786 1530 alant
1804 1506 1861 1529 eas
1880 1501 1916 1530 et

543 1557 741 1611 deportent,
771 1557 876 1596 habes
909 1571 976 1600 eos,
1006 1570 1089 1608 quos
1117 1555 1167 1593 ad
1194 1556 1390 1593 Sittianam
1409 1555 1658 1608 syngrapham
1687 1556 1771 1608 mffi.
1816 1558 1914 1595 Puto

544 1625 663 1669 etiam,
677 1624 721 1674 fi
736 1623 842 1661 ullam
846 1624 949 1675 spem
968 1622 1057 1659 mihi
1079 1620 1194 1659 literis
1218 1620 1412 1673 ostenderis,
1442 1635 1494 1658 me
1519 1621 1578 1672 sso
1607 1621 1786 1673 mifficrum
1815 1622 1913 1660 alios.

544 1690 717 1728 Marcum
736 1687 932 1730 Feridium,
961 1686 1109 1738 eqm'tem
1129 1687 1341 1729 Romanum,
1372 1685 1478 1722 amici
1493 1685 1560 1723 mei
1561 1686 1696 1736 filium,
1727 1686 1851 1724 bonum
1881 1696 1917 1724 et

527 1754 718 1806 strenuum
736 1752 990 1802 adolescentem,
1022 1751 1085 1803 qui
1101 1750 1151 1788 ad
1151 1751 1261 1802 situm
1281 1749 1455 1802 negotium
1475 1749 1558 1800 istuc
1581 1750 1694 1794 venit,
1726 1751 1795 1789 tibi
1821 1765 1914 1788 com—

541 1819 658 1857 mendo
675 1836 686 1862 ς
718 1827 753 1856 et
771 1827 806 1855 te
826 1831 922 1869 rogo,
953 1825 994 1854 ut
1012 1830 1088 1854 eum
1107 1815 1144 1854 in
1163 1824 1305 1854 tuorum
1324 1829 1465 1854 numero
1485 1815 1625 1853 habeas.
1665 1817 1802 1867 Agros,
1833 1831 1915 1868 quos

528 1884 761 1935 frzcoluarios
777 1883 921 1922 ‚habent
950 1882 1132 1925 civitates,
1163 1881 1247 1919 vult
1273 1889 1333 1919 tuo
1362 1880 1519 1930 beneficio
1539 1880 1565 1935 s
1566 1880 1658 1933 quod
1672 1881 1742 1918 tibi
1744 1882 1860 1933 facile
1880 1892 1914 1919 et

542 1949 833 2001 hongstumfaoiu
853 1945 922 1999 cst)
943 1948 1106 1985 immunes
1127 1945 1198 1998 effe.
1249 1947 1384 1984 Gratos
1403 1955 1439 1983 et
1457 1945 1558 1984 bonos
1577 1946 1675 1983 viros
1694 1946 1764 1984 tibi
1778 1946 1913 1998 obliga-

542 2014 607 2051 ris.
638 2014 730 2051 Nolo
750 2021 784 2049 te
798 2021 933 2064 putare
952 2010 1153 2049 Favonium
1172 2024 1195 2047 a
1214 2010 1435 2048 columnariis
1448 2010 1680 2061 praeteritum
1700 2009 1759 2061 effe
1776 2025 1789 2047 .·
1819 2011 1913 2062 opti-

543 2094 618 2118 mus
635 2079 775 2131 quisque
794 2091 868 2115 eum
887 2091 954 2115 non
960 2076 1074 2128 jecit.
1106 2076 1291 2128 Pompeius
1310 2085 1393 2113 tuus
1412 2084 1535 2127 aperte
1560 2076 1734 2128 Ccefizrem
1755 2085 1858 2114 vetat
1878 2086 1913 2114 et

536 2144 762 2196 provinciam
781 2151 898 2180 tenere
917 2155 993 2180 cum
1012 2140 1182 2186 exercitu,
1212 2149 1247 2179 et
1266 2141 1432 2191 cmfidem
1448 2139 1520 2191 este.
1567 2138 1698 2178 ‘Tamen
1727 2141 1913 2190 hancstn-

542 2209 692 2248 tentiam
725 2208 830 2252 dixit,
860 2207 993 2245 nullum
1030 2207 1091 2245 hoc
1126 2215 1279 2259 tempore
1298 2206 1666 2257 finatus·coty'ultum
1686 2205 1910 2257 faciendum.

544 2275 658 2327 Scipio
687 2274 792 2318 hanc,
822 2282 863 2311 ut
890 2272 1045 2312 kalendis
1074 2273 1231 2311 Martiis
1263 2272 1304 2310 de
1326 2271 1524 2324 provinciis
1555 2271 1696 2315 Galliis,
1733 2285 1799 2310 neu
1831 2271 1919 2323 quid

542 2338 749 2386 conjumflim
781 2338 994 2390 referretur.
1041 2337 1281 2388 Contrssavit
1299 2337 1376 2375 haec
1390 2336 1577 2388 sententia
1596 2335 1749 2374 Balbum
1776 2338 1913 2374 Corne-

542 2405 625 2444 lium
642 2420 656 2443 :
686 2404 803 2457 etstio
823 2417 898 2441 eum
918 2402 1067 2456 questum
1086 2401 1146 2454 ‘ff
1165 2416 1241 2440 cum
1262 2402 1432 2454 Scipione.
1480 2400 1650 2439 Canidius
1672 2401 1709 2440 in
1729 2401 1916 2454 defi’tfione

528 2471 601 2523 sua
606 2469 693 2522 fuit
711 2467 958 2522 disertgffimus‚
988 2467 1025 2507 in
1044 2467 1262 2520 accusatione
1267 2467 1367 2519 satis
1371 2466 1553 2519 frigidus.
1588 2467 1688 2505 Vale.
