2351 2997
579 271 652 310 166
948 261 1628 304 EPISTOLARUM

576 368 712 407 induci
745 365 869 419 potest
904 365 1119 403 Britannici
1152 362 1424 415 jureconsulti.
1477 362 1574 399 Haec
1608 373 1680 412 ego
1714 373 1794 397 non
1827 359 1948 404 rideo,

577 433 753 487 quamvis
777 442 819 469 tu
840 431 985 468 rideas:
1010 429 1072 466 sed
1093 428 1138 464 de
1160 441 1197 464 re
1219 427 1445 464 severiffima
1465 435 1610 470 tecum,
1629 435 1673 462 ut
1693 425 1948 477 sole0,jocor.

578 501 749 538 Remoto
765 498 871 548 j0c0‚
904 495 978 532 tibi
999 493 1074 531 hoc
1095 492 1325 529 amiciffimo
1346 493 1476 528 animo
1497 491 1695 543 praecipio,
1727 500 1784 535 ut,
1816 490 1842 527 fi
1868 490 1951 528 istic

577 577 662 602 mea
682 560 1022 600 commendatione
1044 567 1151 595 tuam
1179 557 1411 607 dignitatem
1433 556 1645 600 obtinebis,
1676 555 1842 608 perferas
1863 555 1951 593 nos-

579 629 628 666 tri
650 627 907 669 desiderium;
940 624 1177 662 honestatem
1208 632 1246 660 et
1274 621 1476 658 facultates
1504 630 1587 658 tuas
1612 634 1775 672 augeas:
1809 620 1862 658 fin
1883 635 1952 658 au-

580 704 660 732 tem
681 693 749 730 ista
769 691 986 743 frigebunt‚
1017 690 1177 740 recipias
1200 696 1237 725 te
1258 687 1303 724 ad
1326 701 1407 724 nos.
1443 686 1590 723 Omnia
1610 695 1755 730 tamen,
1777 699 1862 737 quae
1881 686 1955 729 vis,

579 769 618 797 et
650 769 715 796 tua
741 759 884 796 virtute
911 755 1084 810 psofecto
1112 763 1150 791 et
1178 753 1304 790 nostro
1335 753 1487 790 summo
1507 765 1596 803 erga
1617 761 1654 789 te
1675 751 1800 788 studio
1821 751 1954 788 conse-

581 838 712 878 quere.
745 824 854 861 Vale.

952 1020 1191 1056 CICERo
1233 1018 1588 1053 TREBATIO.

584 1150 679 1188 XII.
706 1147 796 1220 M
813 1148 830 1184 Ι
846 1146 1060 1183 RABAR
1091 1143 1187 1196 quid
1207 1143 1311 1186 effer,
1343 1141 1449 1194 quod
1471 1150 1513 1178 tu
1534 1139 1635 1178 mihi
1656 1139 1784 1177 literas
1805 1139 1961 1177 mittere

829 1209 1103 1248 intermififfes.
1151 1208 1343 1246 Indicavit
1376 1205 1476 1244 mihi
1505 1205 1623 1243 Pansa
1651 1217 1776 1248 meus,
1808 1204 1960 1256 Epicu-

586 1292 696 1317 reum
718 1287 754 1316 te
775 1277 845 1314 effe
866 1275 1027 1313 fastum.
1064 1275 1100 1311 O
1122 1273 1239 1311 castra
1258 1271 1439 1324 praeclara
1457 1271 1464 1307 1
1499 1269 1607 1321 Qid
1630 1278 1671 1307 tu
1693 1268 1855 1313 feciffes,
1878 1268 1904 1306 fi
1926 1278 1963 1306 te

587 1346 821 1385 Tarentum,
853 1350 890 1378 et
922 1354 1000 1377 non
1034 1337 1355 1380 Samarobrivam,
1387 1335 1598 1373 mifissem?
1630 1335 1718 1384 Jam
1750 1343 1836 1370 tum
1863 1331 1964 1369 mihi

588 1422 665 1446 non
693 1407 886 1460 placeba5‚
917 1418 1009 1443 cum
1040 1404 1145 1441 idem
1172 1402 1386 1445 intuebare,
1419 1400 1524 1452 quod
1552 1408 1590 1436 et
1622 1399 1729 1436 Seius
1761 1397 1964 1435 familiaris

588 1487 712 1513 meus.
760 1471 831 1509 Sed
859 1483 1031 1523 quonam
1052 1469 1170 1506 modo
1185 1469 1249 1520 jus
1272 1466 1386 1504 civile
1408 1465 1604 1510 defendes,
1636 1478 1728 1502 curn
1748 1463 1882 1501 omnia
1901 1471 1966 1500 tua

587 1539 699 1577 causa
718 1537 850 1581 facias,
877 1549 955 1573 non
975 1535 1124 1572 civium
1143 1535 1155 1571 ?
1189 1533 1272 1571 Ubi
1293 1545 1407 1584 porro
1428 1531 1496 1568 illa
1515 1531 1588 1568 erit
1608 1529 1778 1566 formula
1797 1527 1965 1572 fiduciae,

591 1606 642 1643 Ut
661 1604 757 1642 inter
777 1602 877 1640 bonos
897 1601 979 1638 bene
995 1600 1097 1652 agier
1112 1597 1282 1651 oportet?
1305 1597 1405 1648 Qis
1427 1597 1534 1634 enim
1554 1595 1621 1640 est,
1644 1595 1713 1647 qui
1733 1593 1828 1631 facit
1848 1592 1965 1638 nihil,

591 1670 660 1708 nisi
689 1669 753 1706 sua
778 1667 918 1705 causa?
951 1665 1070 1716 Qod
1096 1665 1161 1716 jus
1194 1664 1331 1701 statues
1365 1662 1583 1700 Communi
1614 1659 1844 1703 dividundo,
1875 1672 1969 1696 cum

590 1747 801 1773 commune
824 1731 923 1769 nihil
946 1731 1058 1783 possit
1078 1730 1149 1768 effe
1176 1729 1279 1782 apud
1305 1741 1384 1772 eos,
1416 1728 1485 1779 qui
1516 1726 1650 1764 omnia
1675 1725 1875 1777 voluptate
1907 1723 1971 1761 sua

590 1799 841 1838 metiuntur?
874 1795 1087 1847 Qomodo
1118 1805 1249 1833 autem
1282 1794 1356 1831 tibi
1388 1792 1573 1845 placebit,
1605 1792 1744 1842 Jovem
1779 1789 1969 1841 Lapidem

585 1869 729 1919 jurare,
747 1877 840 1903 cum
860 1863 969 1908 scias,
987 1864 1128 1913 Jovem
1147 1863 1290 1899 iratum
1310 1859 1381 1897 effe
1402 1860 1552 1896 nemini
1574 1857 1702 1910 posse?
1725 1856 1835 1907 Qid
1855 1868 1972 1907 porro

593 1933 659 1970 fiet
680 1929 828 1983 populo
850 1927 1070 1971 Ulubrano,
1103 1927 1129 1964 fi
1160 1935 1202 1963 tu
1224 1924 1412 1967 statueris,
1443 1917 1641 1965 mmmmm
1661 1934 1740 1958 non
1760 1928 1937 1972 oportere
1956 1920 1969 1956 ?

595 1999 726 2048 Qare
747 1995 772 2032 fi
793 1994 906 2046 plane
926 2006 946 2029 a
966 1992 1078 2030 nobis
1101 1991 1248 2035 deficis,
1281 1988 1439 2027 moleste
1459 1986 1542 2024 fero
1561 2002 1569 2024 ι
1602 1987 1656 2024 fin
1690 1985 1818 2023 Pansae
1849 1984 1970 2022 affen-

595 2062 666 2100 tari
689 2059 945 2098 commodum
966 2058 1032 2102 est,
1064 2057 1250 2110 ignosco:
1284 2054 1402 2093 modo
1436 2053 1557 2091 scribe
1588 2051 1797 2104 aliquando
1824 2050 1870 2088 ad
1901 2063 1972 2088 nos

595 2127 693 2180 quid
713 2139 814 2178 agas,
846 2134 884 2162 et
904 2137 924 2161 a
944 2123 1057 2162 nobis
1078 2123 1174 2175 quid
1196 2122 1279 2161 fieri
1299 2130 1365 2159 aut
1386 2120 1511 2158 curari
1532 2118 1642 2157 velis.
1676 2117 1787 2155 Vale,
