2351 2997
557 316 629 367 176
896 317 1574 355 EPISTOLARUM

549 416 658 453 enim
679 414 773 467 quid
794 428 878 463 mea
893 416 1054 460 interfit,
1072 416 1167 466 quid
1184 415 1383 466 utriusque
1400 416 1587 454 nostrum.
1620 415 1657 453 Si
1679 415 1773 467 quid
1790 428 1917 468 egero,

553 480 692 517 faciam
715 488 757 517 ut
778 480 884 517 scias.
930 482 995 517 Tu
1027 490 1063 516 et
1093 480 1139 516 ad
1166 480 1297 516 omnia
1326 479 1523 524 rescribes,
1554 490 1592 517 et
1619 481 1773 532 quando
1795 490 1830 519 te
1850 495 1919 519 ex-

550 547 715 597 pectem,
746 543 861 581 facies
883 558 959 588 me,
991 544 1015 582 fi
1039 544 1111 582 tibi
1133 543 1297 588 videtur,
1328 544 1547 582 certiorem.
1581 545 1690 583 Vale.

764 742 992 780 CICERO
1034 744 1095 781 M.
1131 744 1309 780 FAB1o
1342 743 1544 780 GALLO
1586 743 1622 780 S.
1657 744 1709 781 D.

556 871 709 909 XXIV.
730 870 860 942 AM
877 872 912 907 O
928 872 964 908 R
980 872 995 908 I
1011 872 1032 906 S
1064 871 1223 922 quidem
1246 871 1317 914 tui,
1344 884 1504 922 quoquo
1525 883 1586 907 me
1607 870 1717 915 verti,
1741 870 1920 921 vestigia:

838 936 898 973 vel
930 936 1107 987 proxime
1139 935 1184 972 de
1216 935 1405 986 Tigellio.
1453 935 1553 972 Sensl
1585 935 1691 972 enim
1722 949 1768 972 ex
1798 935 1921 972 literis

555 1001 649 1045 tuis,
679 1001 788 1039 valde
810 1009 845 1038 te
867 1000 1059 1038 laboraffe.
1092 1001 1196 1036 Amo
1218 1001 1338 1050 igitur
1357 1000 1612 1037 voluntatem.
1647 1000 1718 1036 Sed
1738 1012 1859 1051 pauca
1878 1000 1925 1037 de

555 1079 608 1103 re.
656 1066 794 1117 Cipius
825 1065 998 1118 (opinor)
1033 1065 1143 1108 olim,
1176 1066 1259 1102 Non
1289 1063 1442 1101 omnibus
1471 1064 1628 1101 dormio:
1660 1064 1709 1100 fic
1742 1077 1814 1115 ego
1846 1077 1924 1101 non

555 1131 755 1175 omnibus,
784 1131 842 1168 mi
871 1130 999 1174 Galle,
1022 1130 1156 1167 servio.
1189 1129 1269 1166 Etfi
1291 1143 1375 1180 quae
1396 1128 1447 1165 est
1468 1128 1549 1166 haec
1571 1129 1730 1166 servitus
1750 1130 1762 1166 ?
1796 1129 1923 1174 Olim,

555 1210 647 1233 cum
669 1209 824 1248 regnare
843 1195 1172 1239 existimabamur,
1195 1208 1273 1232 non
1294 1204 1373 1231 tam
1394 1195 1441 1231 ab
1463 1194 1568 1238 ullis,
1587 1207 1704 1245 quarn
1726 1194 1800 1232 hoc
1822 1204 1924 1232 tem-

555 1275 648 1313 pore
667 1262 846 1299 observor
865 1275 885 1298 a
905 1260 1207 1298 familiarissimis
1229 1259 1386 1298 Caesaris
1407 1260 1606 1303 omnibus,
1638 1269 1774 1311 praeter
1793 1260 1923 1298 istum.

556 1327 602 1364 Id
623 1340 693 1378 ego
715 1327 754 1364 in
775 1327 893 1363 lucris
915 1339 1033 1378 pono,
1065 1339 1142 1363 non
1174 1324 1272 1362 ferre
1303 1324 1506 1362 hominem
1533 1324 1835 1376 pestilentiorem
1856 1339 1925 1377 pa-

557 1394 629 1430 tria
661 1392 750 1430 sua:
782 1405 950 1443 eumque
975 1391 1172 1428 addictum
1194 1392 1277 1442 jam
1304 1399 1388 1427 tum
1417 1400 1512 1442 puto
1538 1390 1609 1427 effe
1638 1390 1747 1427 Calvi
1779 1391 1926 1427 Licinii

557 1457 831 1510 Hipponacteo
866 1457 1071 1508 praeconio,
1123 1458 1177 1493 At
1209 1456 1309 1500 vide,
1341 1456 1436 1507 quid
1469 1455 1698 1493 succenseat.
1750 1455 1927 1493 Phameae

557 1523 708 1559 causam
729 1534 960 1573 receperam,
992 1520 1108 1572 ipsius
1136 1520 1296 1572 quidem
1323 1520 1459 1563 causa;
1490 1529 1569 1557 erat
1595 1521 1700 1557 enim
1720 1519 1819 1557 mihi
1842 1520 1926 1556 sane

558 1586 774 1624 familiaris.
807 1587 844 1623 Is
866 1586 911 1622 ad
932 1599 994 1622 me
1014 1585 1133 1629 venit,
1157 1584 1348 1636 dixitque,
1374 1584 1550 1635 judicem
1571 1585 1640 1621 fibi
1662 1598 1817 1636 operam
1839 1585 1925 1621 dare

557 1650 792 1688 constituiffe
811 1663 856 1687 eo
877 1650 959 1701 ipso
979 1650 1054 1694 die,
1087 1663 1166 1701 quo
1186 1650 1232 1686 de
1253 1650 1297 1686 P.
1322 1650 1452 1686 Sextio
1480 1649 1521 1685 in
1547 1649 1751 1686 confilium
1781 1649 1828 1685 iri
1858 1663 1925 1686 ne-

558 1715 652 1752 cesse
672 1724 763 1752 erat.
798 1713 995 1766 Respondi
1016 1713 1126 1751 nullo
1147 1713 1264 1751 modo
1284 1726 1346 1750 me
1366 1713 1490 1750 facere
1509 1713 1625 1765 poffe,
1647 1726 1739 1750 cum
1759 1713 1926 1751 vellem:

558 1779 679 1816 alium
705 1779 808 1816 diem
834 1779 861 1816 fi
888 1778 1112 1830 sumpfifl‘et,
1143 1792 1205 1815 me
1231 1778 1265 1815 ei
1294 1791 1371 1814 non
1398 1777 1641 1816 defuturum.
1688 1778 1760 1815 Ille
1781 1787 1925 1823 autem,

559 1846 628 1896 qui
650 1844 760 1881 sciret
781 1844 816 1881 se
838 1852 1033 1895 nepotem,
1065 1843 1215 1881 bellum
1237 1843 1440 1880 tibicinem
1461 1842 1615 1886 habere,
1646 1851 1683 1880 et
1705 1843 1757 1881 sat
1778 1844 1928 1881 bonum

559 1912 774 1952 unctorem‚
806 1908 968 1946 disceffit
988 1922 1008 1945 a
1028 1922 1104 1952 me,
1127 1917 1170 1946 ut
1191 1908 1245 1945 mi
1266 1908 1481 1951 videbatur,
1505 1908 1650 1944 iratior.
1683 1908 1816 1945 Habes
1838 1909 1925 1945 Sar-

560 1974 628 2011 dos
660 1973 825 2017 venales,
856 1973 976 2010 alium
1008 1973 1083 2010 alio
1114 1973 1356 2024 nequiorem.
1403 1972 1589 2024 Cognosti
1614 1986 1739 2009 meam
1761 1972 1926 2018 causam,

559 2048 598 2076 et
628 2038 733 2076 istius
760 2038 951 2075 salaconis
972 2038 1235 2089 iniquitatem.
1283 2039 1472 2075 Catonem
1506 2048 1619 2075 tuum
1651 2038 1751 2075 mihi
1783 2039 1924 2082 mitte3

560 2104 677 2155 cupio
697 2103 803 2140 enim
823 2102 975 2153 legere:
1007 2116 1069 2140 me
1096 2102 1222 2140 adhuc
1250 2116 1327 2140 non
1354 2103 1498 2155 legisse,
1531 2112 1641 2155 turpe
1663 2104 1818 2156 utrique
1839 2103 1927 2141 nos—

559 2178 664 2207 trum
684 2168 750 2207 est.
782 2168 892 2206 Vale.

770 2368 999 2405 CicERo
1040 2367 1102 2405 M.
1136 2368 1315 2405 FA1310
1347 2369 1551 2406 GALLO
1594 2369 1630 2406 S.
1664 2369 1717 2407 D.

558 2494 692 2533 XXV.
718 2494 791 2582 Q
808 2495 897 2532 UO
914 2495 952 2531 D
983 2494 1182 2546 epistolam
1214 2495 1435 2534 consciffam
1463 2496 1585 2541 doles,
1617 2496 1699 2534 noli
1731 2496 1928 2534 laborare:

822 2559 921 2599 salva
950 2559 1002 2598 est
1017 2578 1030 2606 5
1063 2560 1179 2598 domo
1200 2569 1305 2613 petes
1327 2574 1419 2600 cum
1446 2561 1601 2600 libebit.
1649 2561 1768 2612 Qod
1799 2570 1929 2599 autem
