2351 2997
647 242 738 281 AD
799 240 1264 280 FAMILIARES
1324 240 1456 279 LIB.
1504 240 1616 278 XVI.
1748 255 1825 294 433

443 344 526 382 fieri
542 343 743 396 judicabo.
788 343 898 387 Vale,
932 343 987 380 mi
1009 343 1121 387 Tiro,
1145 341 1242 386 vale,
1264 341 1361 386 vale,
1392 350 1430 379 et
1452 341 1563 379 salve.
1608 342 1732 393 Lepta
1753 342 1827 378 tibi

441 408 605 446 salutem
626 408 737 454 dicit,
760 417 798 447 et
819 421 969 446 omnes.
1004 407 1113 446 Vale.
1148 420 1213 445 v11
1238 406 1329 444 Idus
1353 406 1572 445 Novembr.
1597 407 1788 444 Leucade.

444 608 670 653 Turrms,
705 620 764 646 ET
797 608 988 651 emmo,
1023 619 1080 644 ET
1115 608 1454 657 QQT1R0N1
1491 618 1823 644 HUMANISSIMO

872 685 930 710 ET
966 683 1147 709 OPTIMO
1189 672 1226 708 S.
1262 671 1307 710 P.
1340 672 1394 708 D.

387 792 392 793 ⁷
442 800 493 838 V.
519 799 624 870 VI
639 800 736 844 DE,
759 808 903 850 quanta
924 798 968 835 s1t
989 798 1029 835 in
1053 806 1089 835 te
1110 798 1298 836 suavitas:
1323 798 1415 836 duas
1436 797 1549 836 horas
1571 797 1722 849 Thyrei
1743 797 1824 835 fui-

607 878 718 902 mus:
743 864 990 901 Xenomenes
1012 862 1150 914 hospes
1174 872 1253 900 tam
1275 872 1312 900 te
1334 863 1480 915 diligit,
1503 876 1621 915 quam
1644 863 1669 900 sl
1686 863 1827 900 vixerit

440 940 588 969 tecum.
623 931 660 967 Is
681 929 813 967 omnia
834 928 1036 980 pollicitus
1057 928 1124 972 est,
1147 942 1232 980 quae
1254 928 1328 966 tibi
1348 928 1467 966 essent
1486 942 1607 981 opus:
1631 928 1827 966 facturum

442 1004 553 1046 puto.
588 993 696 1032 Mihi
718 993 908 1045 placebat,
932 992 956 1030 s1
979 992 1129 1030 firmior
1149 992 1254 1037 effes,
1277 1001 1320 1030 ut
1343 1000 1379 1030 te
1401 993 1622 1030 Leucadem
1644 993 1824 1044 deporta>

442 1074 515 1105 reS,
539 1070 582 1098 ut
603 1061 658 1097 ibi
681 1069 718 1097 te
739 1060 851 1111 plane
872 1058 1136 1096 confirmares.
1160 1057 1324 1096 Videbis
1345 1058 1442 1110 quid
1464 1059 1601 1103 Curio,
1625 1058 1721 1110 quid
1742 1059 1825 1109 Ly-

442 1126 540 1170 soni,
558 1125 653 1178 quid
671 1124 839 1168 medico,
858 1124 1020 1175 placeat.
1046 1123 1238 1161 Volebam
1254 1123 1299 1160 ad
1318 1132 1355 1161 te
1371 1124 1596 1161 Marionem
1613 1124 1825 1167 remittere,

441 1204 576 1242 quem,
599 1204 691 1228 cum
713 1189 941 1227 meliuscule
963 1189 1037 1227 tibi
1057 1189 1161 1233 esset,
1183 1189 1230 1226 ad
1251 1203 1313 1226 me
1334 1190 1535 1234 mitteres;
1559 1189 1620 1227 sed
1641 1190 1824 1241 cogitavi,

444 1269 538 1293 unas
560 1256 688 1293 literas
711 1255 933 1292 Marionem
955 1254 1088 1292 afferre
1110 1254 1227 1306 poffe,
1259 1268 1321 1292 mc
1348 1261 1478 1292 autem
1506 1255 1657 1293 crebras
1682 1268 1825 1307 expec-

442 1330 536 1359 tare.
585 1320 734 1358 Poteris
766 1320 901 1371 igitur,
933 1328 970 1356 et
1002 1318 1136 1364 facies,
1168 1320 1194 1357 fi
1227 1333 1289 1357 me
1321 1320 1470 1371 diligis,
1501 1328 1546 1357 ut
1577 1320 1755 1372 quotidie
1783 1321 1827 1357 fit

441 1385 606 1424 Acastus
629 1385 668 1422 in
691 1392 806 1436 portu
827 1399 835 1422 :
869 1384 988 1421 multi
1008 1392 1123 1422 erunt
1143 1385 1287 1436 quibus
1318 1387 1418 1423 recte
1438 1385 1568 1423 literas
1589 1385 1677 1422 dare
1696 1385 1826 1438 postis,

441 1451 512 1503 qui
534 1450 580 1488 ad
600 1463 664 1488 me
684 1449 852 1487 libenter
873 1447 1081 1501 perferant.
1129 1450 1329 1501 Equidem
1356 1450 1487 1488 Patras
1514 1459 1673 1488 euntem
1698 1451 1828 1488 nemi-

444 1529 535 1554 nem
556 1514 867 1567 praetermittam.
914 1514 1002 1565 Ego
1031 1527 1191 1552 omnem
1222 1514 1329 1567 spem
1358 1514 1418 1552 tui
1438 1514 1648 1566 diligenter
1667 1516 1830 1553 curandi

441 1581 485 1618 in
508 1579 631 1618 Curio
651 1578 790 1617 habeo.
837 1576 955 1617 Nihil
983 1578 1106 1630 potest
1126 1579 1197 1617 illo
1218 1579 1301 1618 fieri
1327 1578 1554 1625 humanius,
1587 1579 1689 1618 nihil
1710 1579 1829 1618 nostri
1892 1600 1901 1605 —

443 1645 666 1682 amantius:
699 1644 734 1681 ei
764 1652 801 1681 te
830 1651 960 1681 totum
994 1643 1112 1682 trade.
1160 1644 1273 1681 Malo
1299 1653 1337 1682 te
1363 1645 1482 1697 paulo
1507 1645 1592 1697 post
1618 1646 1827 1691 valentem,

444 1722 565 1762 quam
586 1708 714 1746 statim
734 1707 1000 1754 imbecillum,
1030 1707 1173 1747 videre,
1217 1710 1321 1747 Cura
1340 1710 1463 1761 igitur
1484 1709 1585 1747 nihil
1606 1710 1726 1755 aliud,
1758 1711 1829 1749 nisi

446 1784 490 1812 ut
526 1784 568 1812 tu
600 1773 749 1812 valeas:
783 1781 918 1811 caetera
948 1787 1020 1826 ego
1052 1773 1210 1812 curabo.
1262 1774 1396 1812 Etiam
1431 1783 1547 1827 atque
1580 1774 1699 1813 etiam
1730 1776 1826 1814 vale.

445 1838 626 1878 Leucade
644 1837 910 1892 proficiscens,
942 1852 1007 1877 vu
1032 1838 1124 1877 Idus
1147 1839 1367 1879 Novembr.

621 2039 685 2077 M.
719 2040 927 2083 Turmus
961 2041 1137 2078 C1CERO
1170 2040 1332 2078 PATER
1368 2053 1426 2079 ET
1460 2041 1559 2079 Fir.
1596 2053 1652 2078 ET

882 2107 949 2157 Q
969 2106 1037 2156 Q
1056 2106 1229 2143 T1RON1
1274 2106 1311 2144 S.
1345 2105 1399 2144 D.

448 2234 521 2271 VI.
548 2229 633 2304 T
648 2233 681 2270 E
698 2234 784 2271 RT
800 2234 817 2271 Ι
834 2233 869 2270 A
884 2232 932 2270 M
962 2232 1009 2269 ad
1036 2242 1073 2270 te
1100 2232 1201 2271 hanc
1222 2231 1423 2284 epistolam
1444 2232 1573 2284 scripfi
1595 2233 1730 2272 eodem
1752 2233 1827 2277 die,

654 2299 778 2349 magis
807 2297 977 2335 instituti
1006 2298 1083 2336 mei
1109 2298 1267 2336 tenendi
1297 2298 1420 2343 causa,
1452 2298 1544 2349 quia
1574 2301 1705 2337 nactus
1725 2311 1828 2336 eram

450 2364 515 2401 cui
536 2363 682 2407 darem,
714 2376 832 2415 quam
863 2377 942 2416 quo
972 2362 1155 2402 haberem
1187 2363 1283 2416 quid
1314 2362 1535 2401 scriberem,
1583 2365 1710 2415 Igitur
1733 2363 1827 2400 illa:

451 2438 643 2480 quantum
678 2442 741 2465 me
775 2428 923 2480 diligis,
967 2437 1121 2467 tantum
1155 2428 1297 2466 adhibe
1336 2430 1376 2466 in
1417 2438 1453 2466 te
1488 2428 1715 2480 diligentiae.
1768 2428 1832 2465 Ad

450 2505 517 2530 tua
551 2493 852 2531 innumerabilia
886 2494 926 2531 in
962 2507 1025 2532 me
1059 2494 1189 2533 officia
1222 2493 1317 2531 adde
1351 2492 1442 2537 hoc,
1484 2493 1590 2543 quod
1625 2491 1726 2530 mihi
1760 2493 1833 2531 erit

534 2560 665 2598 TOM.
698 2559 792 2597 Vll.
1431 2559 1448 2595 1
1478 2558 1491 2595 i
1520 2559 1533 2595 i
