2351 2997
577 244 668 281 AD
727 237 1191 279 FAMILIARES
1253 236 1554 274 L1ss.X111.
1690 250 1764 289 355

765 474 1007 511 CICERO
1060 472 1290 509 SERVIO
1341 471 1378 507 S.

381 603 535 641 XXVI.
562 600 677 672 LU
693 602 725 638 C
742 602 758 638 I
775 601 812 637 U
828 601 850 637 S
882 599 1098 637 Mescinius
1129 610 1171 634 ea
1191 609 1348 634 mecum
1371 596 1646 634 necessitudine
1667 610 1762 633 con-

652 667 814 718 junctus
850 664 916 708 est,
947 662 1053 714 quod
1089 661 1190 699 mihi
1224 661 1388 712 quaestor
1419 660 1510 698 fuit.
1558 661 1631 697 Sed
1664 661 1764 698 hanc

379 732 546 776 causam,
565 743 683 783 quam
700 741 787 780 eg0,
808 737 851 765 ut
873 741 892 764 a
908 726 1121 778 majoribus
1143 726 1290 777 accepi,
1308 725 1457 776 semper
1476 738 1632 775 gravem
1654 725 1765 769 duxi,

378 795 475 833 fecit
496 796 639 833 virtute
659 803 698 831 et
718 793 963 831 humanitate
990 791 1055 829 sua
1075 790 1296 842 justiorem.
1344 790 1480 841 Itaque
1509 802 1554 826 eo
1584 789 1634 827 fic
1662 798 1763 832 utor,

380 870 424 899 ut
445 874 516 898 nec
536 859 768 898 familiarius
791 858 888 902 ullo,
921 870 991 894 nec
1014 856 1218 894 libentius.
1263 856 1300 892 Is
1321 866 1545 906 quanquam
1571 853 1766 891 confidere

378 927 598 971 videbatur,
629 935 667 963 et
688 925 752 962 sua
771 923 895 968 causa,
927 936 1012 974 quae
1037 921 1195 959 honeste
1222 920 1359 972 poffes,
1390 917 1559 957 libenter
1585 919 1656 956 effe
1683 918 1765 956 fac-

380 1001 543 1036 turum3
576 1003 765 1042 magnum
799 988 871 1026 effe
906 997 1036 1025 tamen
1071 986 1235 1038 speravit
1268 985 1371 1037 apud
1407 994 1443 1022 te
1473 997 1575 1022 meas
1610 996 1768 1036 quoque

382 1057 526 1094 literas.
574 1056 619 1094 Id
649 1068 742 1093 cum
769 1053 849 1106 ipse
878 1054 931 1091 ita
949 1052 1168 1104 judicabat,
1200 1059 1286 1088 tum
1309 1063 1378 1102 pro
1398 1049 1583 1087 familiari
1603 1049 1767 1087 consue—

382 1122 519 1160 tudine
549 1121 644 1173 saepe
675 1132 722 1158 ex
756 1133 819 1157 me
853 1118 1039 1162 audierat,
1070 1130 1189 1168 quam
1222 1115 1344 1153 suavis
1376 1115 1465 1152 effet
1498 1115 1599 1152 inter
1629 1128 1698 1151 nos
1731 1123 1769 1151 et

381 1198 526 1240 quanta
560 1186 802 1239 conjunctio.
855 1185 951 1222 Peto
989 1185 1112 1235 igitur
1145 1196 1166 1220 a
1199 1191 1251 1227 te,
1297 1190 1407 1219 tanto
1442 1181 1591 1218 scilicet
1626 1181 1766 1223 studio,

382 1262 530 1305 quanto
552 1252 742 1302 intelligis
763 1250 901 1288 debere
922 1262 985 1287 me
1014 1257 1143 1301 petere
1173 1260 1242 1299 pro
1274 1246 1436 1284 homine
1458 1255 1536 1283 tam
1566 1245 1668 1283 mihi
1699 1259 1767 1282 ne-

381 1319 552 1363 ceffario,
583 1328 622 1355 et
644 1327 722 1355 tam
743 1316 942 1360 familiari,
966 1324 1009 1352 ut
1030 1316 1112 1366 ejus
1134 1314 1303 1365 negotia,
1325 1327 1411 1365 quae
1433 1313 1520 1351 sunt
1544 1313 1581 1349 in
1605 1311 1767 1355 Achaia,

381 1398 430 1422 ex
451 1398 496 1422 eo
517 1383 622 1436 quod
643 1382 751 1420 heres
773 1381 826 1419 est
847 1381 910 1418 M.
935 1380 1111 1424 Mindio,
1142 1378 1252 1416 fratri
1278 1379 1359 1423 suo,
1391 1379 1460 1431 qui
1493 1379 1559 1416 Eli
1592 1379 1768 1429 negotia—

382 1460 446 1488 tus
466 1450 534 1495 est,
565 1449 736 1501 explices
757 1457 796 1485 et
815 1447 995 1499 expedias
1017 1459 1111 1483 cum
1135 1446 1224 1496 jure
1250 1453 1289 1482 et
1317 1444 1517 1496 potestate,
1549 1457 1667 1496 quam
1697 1443 1768 1480 ha-

383 1517 466 1561 bes,
498 1525 585 1553 tum
605 1515 724 1551 etiam
744 1513 971 1550 auctoritate
991 1520 1030 1550 et
1051 1510 1213 1549 consilio
1235 1518 1318 1548 tuo.
1357 1510 1418 1547 Sic
1439 1509 1545 1547 enim
1567 1509 1769 1561 praescrip-

384 1581 501 1618 fimus
523 1580 586 1623 iis,
618 1578 762 1629 quibus
782 1590 825 1614 ea
844 1577 1001 1628 negotia
1030 1575 1317 1619 mandavimus,
1349 1583 1392 1612 ut
1420 1573 1607 1612 omnibus
1634 1573 1675 1610 in
1708 1586 1770 1611 re-

385 1646 474 1690 bus,
506 1657 591 1697 quoe
612 1644 652 1680 in
674 1643 846 1695 aliquam
868 1641 1168 1679 controversiam
1189 1648 1434 1683 vocarentur,
1466 1648 1503 1677 te
1524 1638 1684 1683 arbi-tro,
1715 1646 1769 1683 et,

384 1711 491 1763 quod
526 1708 737 1748 commodo
773 1718 841 1746 tuo
877 1707 958 1745 fieri
995 1706 1130 1759 posset,
1174 1714 1212 1743 te
1245 1692 1515 1757 disceptatore,
1552 1712 1767 1742 uterentur.

386 1777 431 1815 Id
454 1786 496 1814 ut
518 1775 677 1813 honoris
700 1775 775 1812 mei
798 1773 909 1811 causa
938 1773 1135 1824 suscipias,
1167 1769 1418 1808 vehementer
1447 1779 1484 1807 te
1510 1770 1629 1808 etiam
1654 1778 1771 1821 atque

384 1842 502 1879 etiam
526 1853 634 1891 rogo.
668 1838 773 1878 Illud
795 1847 990 1890 praeterea,
1017 1837 1043 1874 fi
1065 1849 1143 1874 non
1164 1836 1337 1873 alienum
1359 1843 1424 1872 tua
1444 1834 1634 1886 dignitate
1654 1843 1770 1886 puta-

384 1908 445 1945 bis
466 1905 552 1950 efl‘e,
584 1904 721 1942 feceris
743 1902 845 1941 mihi
865 1911 1118 1956 pergratum;
1152 1902 1178 1938 fi
1206 1901 1275 1953 qui
1304 1900 1545 1937 difficiliores
1567 1909 1695 1944 erunt,
1728 1908 1773 1938 ut

385 1985 467 2010 rem
489 1971 566 2008 fine
586 1969 844 2008 controversia
863 1967 1007 2006 confici
1028 1967 1172 2010 nolint,
1205 1966 1231 2003 s1
1260 1978 1341 2010 e08,
1371 1965 1529 2017 quando
1549 1978 1641 2002 cum
1663 1965 1771 2002 sena-

385 2046 469 2074 tore
490 2049 547 2072 res
568 2034 634 2078 est,
668 2035 838 2071 Romam
860 2032 1051 2084 rejeceris.
1098 2030 1219 2082 Qod
1246 2044 1326 2082 quo
1351 2031 1504 2068 minore
1525 2029 1772 2068 dubitatione

385 2101 511 2139 facere
539 2099 666 2152 postis,
699 2099 827 2135 literas
859 2098 905 2134 ad
932 2107 968 2135 te
995 2110 1016 2134 a
1044 2097 1107 2134 M.
1133 2095 1285 2147 Lepido
1314 2094 1488 2140 consule,
1519 2108 1597 2133 non
1628 2109 1713 2147 quae
1735 2103 1773 2132 te

386 2165 536 2217 aliquid
552 2165 735 2216 juberent
759 2165 904 2215 (neque
923 2163 1030 2200 enim
1052 2162 1091 2199 id
1112 2171 1186 2199 tuae
1207 2161 1410 2213 dignitatis
1427 2161 1499 2199 effe
1519 2160 1769 2208 arbitramur)

386 2232 450 2270 sed
470 2229 640 2283 quodam
671 2229 789 2266 modo
818 2228 921 2280 quafi
950 2226 1289 2265 commendatitias
1321 2226 1568 2278 sumpsimus.
1616 2227 1770 2264 Scribe-

387 2311 485 2341 rem,
503 2309 621 2347 quam
637 2294 676 2332 id
698 2294 935 2332 beneficium
951 2293 1049 2330 bene
1065 2292 1168 2344 apud
1190 2291 1431 2329 Mescinium
1451 2291 1644 2344 positurus
1665 2290 1769 2334 effes,

387 2363 457 2401 nisi
479 2371 517 2399 et
539 2371 575 2398 te
596 2360 690 2398 scire
714 2359 966 2403 confiderem,
998 2368 1036 2396 et
1065 2357 1167 2396 mihi
1193 2366 1379 2410 peterem.
1427 2357 1489 2394 Sic
1518 2357 1625 2394 enim
1653 2355 1771 2392 velim

387 2426 598 2469 existimes,
632 2438 708 2462 non
731 2424 862 2461 minus
884 2437 946 2461 me
967 2423 1014 2460 de
1033 2423 1141 2460 illius
1164 2436 1201 2459 re
1223 2422 1408 2466 laborare,
1439 2435 1557 2472 quam
1578 2419 1703 2471 ipsum
1725 2418 1771 2456 de

389 2492 467 2530 sua.
500 2491 588 2536 Sed,
612 2503 705 2528 cum
727 2490 844 2528 illum
865 2489 998 2527 studeo
1014 2501 1133 2541 quam
1153 2486 1342 2525 facillime
1359 2487 1405 2523 ad
1426 2486 1538 2523 suum
1558 2484 1771 2537 pervenire,

1337 2551 1373 2587 Y
1401 2563 1426 2600 y
1456 2562 1479 2589 2
