2351 2997
542 301 620 340 286
886 300 1567 338 EPISTOLARUM

540 398 825 450 conspirationem
843 398 985 450 hostium
1004 399 1240 450 cotgfhgamus.
1272 399 1347 449 Qti
1363 398 1495 449 quidem
1514 413 1570 436 eas
1590 399 1716 451 copias,
1747 412 1833 451 quas
1851 399 1911 437 diu

525 464 750 514 stmulcztione
769 463 968 515 reipublicae
986 462 1253 514 comparabant,
1261 462 1383 514 sisbito
1403 462 1452 500 ad
1459 464 1598 515 patrice
1610 465 1808 515 periculum
1827 479 1909 502 con-

539 536 745 565 verterunt.
779 528 876 565 Vale.

578 726 641 764 M.
673 726 727 764 T.
760 727 809 764 C.
842 727 895 764 D.
929 728 1129 765 BRUTO
1172 727 1296 764 IMP.
1339 728 1461 765 Cos.
1506 740 1623 765 DES.
1667 728 1703 765 S.
1737 727 1781 765 P.
1813 727 1869 765 D.

536 853 650 891 XIV.
671 854 761 925 M
778 855 795 891 I
810 854 845 891 R
858 854 894 891 A
908 855 938 891 B
954 854 971 891 I
986 854 1018 890 L
1032 854 1049 890 Ι
1064 854 1101 891 Τ
1117 854 1149 891 Ε
1165 854 1216 898 R,
1248 853 1303 890 mi
1325 854 1457 898 Brute,
1488 853 1611 899 laetor,
1642 867 1727 892 mea
1750 854 1907 892 confilia

791 919 970 970 measque
994 917 1198 954 sententias
1224 931 1244 954 a
1271 927 1306 954 te
1333 918 1486 968 probari
1513 918 1559 955 de
1586 919 1829 963 decemviris,
1861 919 1908 956 de

537 982 710 1020 ornando
729 981 982 1019 adolescente.
1015 980 1086 1018 Sed
1107 980 1202 1032 quid
1223 979 1362 1017 refert?
1386 980 1485 1018 mihi
1506 982 1632 1025 crede,
1654 981 1809 1019 homini
1829 996 1908 1019 non

537 1047 720 1099 glorioso,
751 1047 864 1099 plane
886 1048 984 1097 jam,
1018 1047 1149 1090 Brute,
1180 1045 1319 1096 frigeo.
1364 1041 1508 1096 ὄργανον
1538 1047 1644 1083 enim
1671 1056 1749 1084 erat
1775 1060 1909 1084 meum

539 1114 697 1150 Senatus
717 1128 725 1150 :
749 1112 789 1149 id
809 1112 957 1163 estjam
979 1110 1220 1148 dissolutum.
1254 1112 1423 1148 Tantam
1445 1111 1550 1163 spem
1570 1111 1750 1149 attulerat
1769 1111 1909 1163 explo-

535 1188 625 1217 ratae
645 1178 812 1215 vietoriae
833 1186 898 1216 tua
917 1177 1096 1229 praeclara
1115 1177 1276 1214 Mutina
1295 1178 1463 1228 eruptio,
1494 1176 1587 1229 fuga
1607 1178 1789 1221 Antonii,
1811 1190 1907 1214 con—

535 1243 615 1281 ciso
635 1244 823 1287 exercitu,
854 1252 897 1280 ut
917 1242 1097 1279 omnium
1119 1242 1239 1279 animi
1261 1242 1418 1280 relaxati
1440 1242 1526 1286 fint,
1552 1256 1723 1294 meaeque
1744 1242 1819 1279 illae
1841 1256 1907 1279 ve-

534 1307 735 1346 hementes
756 1308 1025 1344 contentiones
1047 1316 1232 1358 tanquam
1252 1303 1463 1353 σκιαμοιχῖοᾳ
1482 1307 1552 1344 effe
1572 1307 1786 1345 videantur.
1820 1307 1907 1349 Sed,

536 1383 580 1411 ut
600 1374 645 1410 ad
666 1386 746 1410 rem
769 1372 935 1416 redeam,
967 1373 1161 1424 legionem
1183 1371 1370 1409 Nlartiam
1396 1380 1434 1408 et
1455 1381 1630 1423 quartam
1652 1381 1808 1423 negant,
1839 1372 1908 1422 qui

535 1438 621 1475 illas
652 1446 810 1482 norunt,
847 1437 928 1474 ulla
960 1436 1186 1475 conditione
1214 1437 1261 1473 ad
1291 1445 1326 1473 te
1355 1435 1457 1487 poffe
1490 1437 1663 1488 perduci.
1711 1437 1905 1480 Pecuniae,

509 1527 513 1531 -
533 1517 652 1555 quam
674 1502 872 1545 defideras,
896 1502 992 1539 ratio
1012 1501 1135 1553 potest
1155 1500 1303 1545 haberi,
1321 1514 1440 1552 eaque
1460 1500 1683 1538 habebitur.
1707 1502 1768 1538 De
1786 1502 1907 1538 Bruto

533 1567 764 1611 arcessendo,
798 1566 1019 1618 Caesareque
1040 1566 1086 1603 ad
1112 1566 1231 1603 Italiae
1252 1565 1469 1617 praesidium
1491 1566 1672 1610 tenendo,
1702 1566 1812 1602 valde
1833 1566 1907 1603 tibi

533 1632 725 1670 assentior.
769 1631 855 1675 Sed,
887 1641 930 1668 ut
951 1631 1101 1675 scribis,
1132 1630 1249 1668 habes
1270 1630 1572 1675 obtre&atores;
1604 1644 1703 1682 quos
1725 1630 1908 1682 equidem

533 1695 723 1734 facillime
743 1696 921 1740 sustineo,
953 1696 1015 1733 sed
1042 1695 1265 1747 impediunt
1292 1704 1435 1732 tamen.
1483 1697 1544 1733 Ex
1570 1694 1708 1732 Africa
1736 1695 1907 1746 legiones

533 1764 797 1814 expectantur.
829 1761 900 1798 Sed
918 1761 1067 1798 bellum
1083 1760 1167 1798 istic
1183 1769 1360 1798 renatum
1376 1761 1567 1798 mirantur
1582 1760 1782 1798 homines:
1806 1759 1908 1797 nihil

532 1837 612 1864 tam
628 1837 765 1879 praeter
781 1827 886 1878 spem
903 1839 1090 1878 unquam.
1124 1827 1230 1864 Nam
1247 1826 1308 1863 die
1324 1835 1392 1862 tuo
1408 1826 1525 1863 natali
1541 1826 1699 1863 victoria
1716 1826 1905 1870 nuntiata,

533 1893 573 1929 in
596 1892 720 1929 multa
739 1892 873 1929 saecula
894 1891 1120 1928 videbamus
1141 1891 1424 1942 rempublicam
1447 1890 1663 1928 liberatam.
1715 1891 1821 1928 Novi
1853 1891 1905 1927 ti-

532 1969 658 1994 mores
680 1964 859 1993 retexunt
880 1955 1086 2007 superiora.
1119 1955 1306 2007 Scripfisti
1326 1963 1456 1992 autem
1477 1954 1522 1991 ad
1543 1968 1605 1992 me
1626 1955 1688 1998 iis,
1707 1967 1799 2006 quas
1822 1955 1905 1992 Idi—

532 2023 605 2059 bus
628 2022 746 2058 Maiis
768 2020 918 2065 dedisti,
941 2021 1058 2058 modo
1080 2029 1117 2057 te
1136 2019 1319 2072 accepisse
1339 2033 1359 2056 a
1380 2020 1524 2057 Planco
1544 2020 1688 2063 literas,
1706 2033 1783 2056 non
1806 2021 1906 2057 reci-

531 2087 573 2138 pi
594 2100 615 2123 a
635 2085 786 2138 Lepido
807 2086 1043 2123 Antonium.
1077 2085 1121 2123 Id
1143 2086 1168 2123 fi
1189 2086 1242 2122 ita
1257 2084 1324 2129 est,
1341 2085 1474 2122 omnia
1493 2083 1686 2122 faciliora:
1710 2085 1762 2121 fin
1780 2084 1904 2129 aliter,

530 2164 721 2203 magnum
743 2151 972 2202 negotium;
1005 2152 1116 2203 cujus
1143 2150 1294 2188 exitum
1321 2163 1368 2187 ne
1388 2149 1653 2193 extimescam,
1686 2158 1759 2186 tuae
1780 2158 1904 2200 partes

532 2216 635 2254 sunt.
682 2216 769 2266 Ego
800 2215 903 2267 plus,
935 2228 1052 2266 quam
1082 2214 1174 2259 feci,
1206 2213 1330 2251 facere
1360 2227 1438 2252 non
1466 2213 1631 2265 poffum.
1679 2214 1739 2250 Te
1761 2222 1903 2257 tamen,

533 2281 573 2318 id
593 2279 699 2332 quod
724 2279 846 2331 spero,
876 2280 1057 2317 omnium
1082 2279 1303 2317 maximum
1331 2288 1369 2317 et
1395 2278 1647 2316 clariffimum
1673 2277 1801 2315 videre
1832 2290 1903 2314 cu-

533 2346 614 2399 pio.
656 2345 767 2383 Vale.
