2351 2997
648 315 741 353 AD
799 316 1266 363 FAMILIARES
1325 327 1457 369 LIB.
1510 331 1625 373 VIII.
1752 352 1823 390 191

449 407 541 446 nihil
557 408 762 462 calfaciunt,
795 427 855 452 nos
872 414 930 454 hic
936 416 1085 469 frigore
1120 419 1334 474 rigescimus.
1383 421 1531 477 Tamen,
1565 446 1695 486 quoquo
1728 437 1824 474 modo

446 473 505 510 hic
534 474 650 512 omnia
657 476 820 528 jaceant,
848 482 966 534 potuit
982 484 1060 535 fine
1090 486 1258 526 Parthis.
1306 490 1456 531 Bibulus
1484 495 1520 532 in
1541 497 1682 536 Amano
1714 502 1821 554 nescio

447 537 536 589 quid
551 538 848 582 cohorticularum
867 547 988 599 amfit.
1036 551 1120 587 Hoc
1121 551 1178 602 fic
1199 553 1398 593 nuntiatum
1418 559 1474 609 est
1509 561 1617 612 Qtod
1632 564 1699 601 tibi
1702 566 1752 618 fic
1775 581 1820 604 ra

431 600 573 655 scripsi,
604 605 790 645 Curionem
812 611 917 649 valde
923 612 1070 665 frigere
1088 629 1097 658 ;
1119 615 1203 667 jam
1225 618 1341 657 calet:
1374 635 1456 660 nam
1461 623 1718 678 serventgffi'me
1739 646 1817 670 con-

441 667 610 719 cerpitur.
660 672 847 722 Levgffime
881 677 985 723 enim,
1029 678 1112 731 quia
1150 679 1193 718 de
1231 681 1469 724 intercalando
1507 703 1572 728 non
1611 693 1817 743 obtinuerat,

443 731 639 784 transfugit
657 736 710 773 ad
717 739 900 789 populum,
935 750 969 779 et
980 751 1049 795 pro
1071 744 1213 796 Caesare
1241 746 1337 800 loqui
1361 751 1460 803 coepit
1478 768 1488 797 ;
1522 754 1697 810 legemque
1728 760 1813 798 Via·

440 795 548 843 riam‚
580 812 646 836 non
672 800 858 850 dzffimilem
889 807 1070 857 Agraria’
1100 808 1217 857 Rulli,
1252 821 1285 849 et
1304 813 1596 866 Alimentariam,
1629 836 1708 875 quse
1713 824 1817 876 jubet

440 859 557 899 aediles
589 864 720 912 metiri,
740 867 920 918 jactavit.
965 873 1048 910 Hoc
1079 873 1228 912 nondum
1245 875 1405 929 fecerat,
1438 895 1515 920 cum
1540 884 1697 937 priorem
1720 897 1813 942 par-

435 932 504 962 tem
536 926 680 980 epssolae
689 930 826 985 scripsi.
875 935 1015 974 Amabo
1046 947 1094 986 te,
1111 939 1153 991 si
1178 940 1276 993 quid,
1309 944 1404 996 quod
1430 955 1513 1000 opus
1530 948 1665 1002 suerit,
1699 954 1816 1008 Appio

426 988 562 1042 ficies,
588 995 710 1044 ponito
729 1011 782 1035 me
801 998 838 1036 in
854 1001 994 1052 gratia.
1042 1003 1105 1042 De
1138 1005 1330 1045 Dolabella
1360 1009 1535 1062 integrum
1557 1015 1624 1053 tibi
1639 1018 1808 1070 reyerves,

433 1054 572 1106 suadeo.
617 1061 672 1098 Et
692 1061 775 1100 huic
794 1065 860 1113 rei,
895 1066 937 1105 de
956 1082 1026 1121 qua
1044 1070 1178 1124 loquor,
1211 1081 1246 1110 et
1265 1073 1436 1126 dignitati
1453 1087 1537 1127 tuce,
1570 1083 1812 1138 (equitalisque

433 1120 594 1173 opinioni,
628 1125 691 1164 hoc
710 1128 763 1166 ita
770 1129 900 1182 facere
920 1134 1066 1187 expedit.
1113 1131 1233 1191 Turpe
1259 1139 1326 1178 tibi
1351 1142 1419 1181 erit
1444 1146 1642 1197 pantheras
1662 1150 1810 1189 Graecas

432 1199 487 1224 me
504 1200 569 1226 non
588 1189 725 1230 habere.
761 1196 859 1235 Vale.

778 1395 1017 1436 CAEL1Us
1060 1400 1377 1444 CICERONl
1420 1409 1458 1447 S.

430 1514 523 1561 VII.
633 1519 721 1557 UA
730 1521 786 1558 M
809 1522 876 1560 cito
897 1533 937 1562 tu
954 1525 1053 1577 fitne
1072 1527 1232 1568 decedere
1253 1534 1387 1588 cupias,
1419 1537 1526 1589 nescio
1542 1552 1552 1575 :
1585 1553 1646 1591 ego
1666 1543 1803 1595 quidem

662 1600 696 1623 eo
716 1587 843 1638 magis,
867 1604 932 1642 quo
953 1591 1068 1630 adhuc
1073 1594 1223 1646 filicius
1242 1612 1317 1638 rem
1332 1603 1466 1654 geffgstt'.
1498 1604 1602 1642 Dum
1622 1606 1695 1658 istic
1717 1610 1800 1655 eris,

425 1643 467 1683 de
487 1646 567 1686 belli
583 1650 757 1689 Parthici
767 1653 926 1704 periculo
947 1658 1142 1706 cruciabor,
1165 1674 1207 1699 ne
1227 1662 1319 1702 hunc
1337 1667 1446 1719 ristun
1467 1682 1580 1707 meum
1601 1680 1710 1710 melus
1731 1675 1800 1712 ali-

425 1711 488 1763 qui
496 1715 689 1766 perturbet.
720 1717 911 1757 Breviores
932 1720 997 1759 has
1012 1723 1135 1762 literas
1146 1731 1357 1780 properanti
1367 1732 1634 1784 publicanorum
1653 1738 1797 1777 tabella-

423 1775 476 1813 rio
511 1779 604 1817 abito
626 1780 728 1818 dedi.-
760 1791 818 1820 tuo
848 1784 971 1823 liberto
991 1787 1156 1840 pluribus
1186 1793 1473 1850 verbisscrsptas
1482 1799 1602 1851 pridie
1623 1800 1799 1843 dederam.

421 1841 494 1880 Res
514 1854 631 1883 autem
651 1860 753 1885 novae
773 1849 879 1887 nullae
887 1851 979 1903 stine
997 1853 1212 1903 acciderunt,
1245 1858 1309 1911 nfi
1325 1860 1400 1898 haec
1419 1862 1477 1900 vis
1497 1863 1563 1901 tibi
1567 1865 1696 1917 scribi,
1721 1883 1800 1922 quae

419 1916 512 1946 certe
532 1909 601 1947 vis.
631 1911 837 1961 Cornificius
858 1915 1047 1969 adolescens
1069 1920 1241 1972 Orestillae
1247 1924 1368 1973 filiam
1368 1926 1442 1978 fibi
1458 1927 1642 1982 despondit.
1673 1934 1797 1972 Paula

420 1973 578 2020 Valeria,
596 1975 704 2028 soror
725 1974 879 2026 Triarii,
911 1980 1105 2021 divortium
1121 1985 1202 2036 stne
1234 1989 1353 2042 causa,
1384 2005 1449 2044 quo
1481 1992 1536 2031 die
1568 1995 1630 2032 vir
1661 2011 1679 2034 e
1704 2007 1792 2051 pro-

418 2035 540 2075 vincia
560 2049 729 2079 venturus
750 2052 841 2090 erat,
851 2043 972 2097 jecit:
1001 2056 1156 2101 nuptura
1177 2051 1221 2102 est
1240 2052 1297 2090 D.
1318 2055 1437 2093 Bruto
1454 2070 1466 2094 .·
1494 2058 1643 2098 nondum
1664 2063 1792 2101 retule-

415 2110 490 2140 rat.
516 2104 640 2142 [Wulla
657 2106 692 2144 in
713 2107 776 2144 hoc
790 2123 918 2160 genere
937 2111 1170 2162 incredibilia,
1188 2125 1223 2154 te
1241 2118 1388 2171 absente,
1410 2122 1625 2163 acciderunt.
1646 2126 1794 2167 Servius

416 2167 540 2205 Ocella
559 2170 688 2208 nemini
697 2172 908 2225 persucfiffi’t
915 2176 959 2228 st’
978 2178 1144 2217 mcechum
1165 2181 1237 2231 ff’a
1270 2184 1333 2236 nfi
1346 2185 1462 2224 triduo
1493 2187 1544 2226 bis
1570 2189 1738 2244 deprehen
1755 2208 1796 2232 us

414 2231 501 2281 effi’t.
548 2235 695 2285 Qzaeres
726 2237 788 2275 ubi
801 2239 822 2275 .?
857 2239 918 2277 ubi
946 2240 1082 2281 hercule
1111 2258 1174 2296 ego
1195 2247 1336 2286 minime
1356 2251 1508 2290 vellem:
1541 2254 1693 2309 relinquo
1713 2257 1790 2306 tibi,

413 2295 508 2348 quod
519 2297 564 2334 ab
584 2299 665 2337 aliis
684 2314 836 2353 quaeras.
884 2305 1012 2359 Neque
1044 2307 1133 2346 enim
1151 2309 1306 2364 displicet
1325 2314 1428 2363 mihi,
1461 2315 1704 2370 imperatorem
1709 2323 1788 2374 sin-

405 2361 509 2413 gulos
517 2367 738 2418 percontari,
772 2382 849 2407 cum
869 2372 999 2425 quasit
1019 2373 1134 2428 aliqui
1151 2375 1392 2433 deprehenfics.
1432 2383 1532 2422 Vale.
