2351 2997
554 262 628 314 348
896 264 1578 304 EPISTOLARUM

554 361 699 411 quibus
721 374 829 399 carus
851 361 993 400 fuisset.
1038 363 1173 413 Itaque
1193 372 1230 399 et
1251 362 1297 399 ad
1318 376 1379 399 me
1400 364 1441 399 in
1464 363 1647 401 Ciliciam
1667 363 1787 408 venit,
1819 363 1929 401 mul-

554 426 679 477 tisque
699 428 739 464 in
761 426 874 464 rebus
897 427 997 465 mihi
1017 441 1160 478 magno
1190 427 1274 464 usui
1303 426 1380 464 fuit
1411 437 1449 464 et
1477 427 1570 465 fides
1594 429 1675 480 ejus
1697 438 1734 466 et
1756 429 1927 481 pruden=

554 490 632 534 tia3
665 499 716 534 et,
749 499 792 527 ut
812 491 965 541 opinor,
999 491 1071 528 tibi
1092 492 1132 527 in
1155 491 1420 529 Alexandrino
1443 492 1559 536 bello,
1591 503 1783 545 quantum
1803 493 1929 531 studio

553 564 591 592 et
621 555 807 592 fidelitate
836 556 1019 607 consequi
1051 557 1194 607 potuit,
1227 570 1304 594 non
1327 557 1466 595 defuit.
1513 558 1632 609 Qod
1653 572 1744 596 cum
1765 559 1929 611 speraret

553 629 590 656 te
625 633 783 672 quoque
815 621 868 657 ita
898 621 1128 666 existimare,
1161 622 1200 659 in
1233 622 1463 674 Hispaniam
1498 622 1544 659 ad
1579 632 1630 668 te,
1662 625 1831 661 maxime
1862 624 1929 661 ille

554 684 715 736 quidem
736 685 802 722 suo
824 687 997 731 consilio,
1030 686 1092 724 sed
1113 687 1229 724 etiam
1251 700 1313 724 me
1333 689 1499 732 merore,
1531 688 1583 725 est
1603 688 1814 740 profectus.
1852 689 1930 726 Cui

553 763 625 800 ego
646 750 1028 788 commendationem
1049 765 1128 788 non
1150 752 1233 789 sum
1254 752 1481 803 pollicitus;
1511 766 1589 790 non
1610 754 1706 804 quin
1727 767 1810 791 eam
1831 753 1929 791 vali-

554 823 681 851 turam
702 815 803 866 apud
830 824 865 852 te
893 816 1121 854 arbitrarer:
1154 816 1217 854 sed
1251 830 1374 869 neque
1406 816 1507 854 mihi
1536 831 1645 869 egere
1674 818 1929 856 commenda-

553 879 661 915 tione
682 879 898 925 videbatur,
921 881 990 932 qui
1010 890 1048 918 et
1069 881 1109 918 in
1132 881 1236 918 bello
1258 890 1388 918 tecum
1408 881 1551 926 sufflet,
1583 892 1635 927 et,
1666 893 1824 935 propter
1844 896 1930 920 me-

554 944 720 981 moriam
742 945 874 989 Craffi,
907 945 952 982 de
974 946 1050 982 tuis
1073 959 1171 983 unus
1193 945 1309 991 effet5
1342 955 1394 990 et,
1426 947 1451 983 fi
1485 947 1543 984 uti
1573 948 1929 986 commendationi-

554 1007 627 1045 bus
658 1008 788 1052 vellet,
820 1009 936 1047 etiam
969 1023 1036 1061 per
1067 1010 1161 1047 alios
1193 1024 1283 1047 eum
1315 1009 1495 1048 videbam
1527 1011 1566 1047 id
1598 1011 1782 1063 consequi
1810 1012 1928 1063 poffe.

553 1073 845 1111 Testimonium
866 1075 944 1111 mei
965 1074 1010 1112 de
1031 1088 1076 1112 eo
1100 1075 1257 1126 judicii,
1289 1075 1395 1127 quod
1425 1085 1462 1113 et
1492 1076 1571 1128 ipse
1600 1077 1733 1128 magni
1766 1077 1930 1115 aestima-

555 1138 634 1182 bat,
666 1148 704 1176 et
737 1152 809 1190 ego
841 1139 942 1191 apud
976 1149 1013 1177 te
1043 1141 1165 1178 valere
1195 1154 1299 1178 eram
1330 1150 1526 1193 expertus,
1557 1142 1593 1178 ei
1627 1142 1795 1179 libenter
1825 1142 1933 1181 dedi,

554 1204 729 1241 Doctum
750 1204 871 1255 igitur
891 1203 1094 1243 hominem
1116 1207 1306 1258 cognovi,
1329 1216 1367 1244 et
1394 1206 1527 1244 studiis
1555 1208 1716 1259 optimis
1738 1207 1930 1253 deditum,

554 1268 672 1321 idque
692 1282 712 1305 a
732 1282 865 1320 puero.
900 1270 1004 1307 Nam
1026 1270 1134 1308 domi
1154 1285 1248 1309 meae
1269 1285 1361 1309 cum
1384 1271 1558 1309 Diodoto
1580 1273 1732 1317 Stoico,
1752 1272 1935 1318 homine,

554 1348 642 1371 meo
657 1333 825 1385 judiciO,
857 1334 1126 1380 eruditisfimo,
1158 1336 1331 1374 multum
1353 1350 1372 1374 a
1392 1350 1512 1387 puero
1532 1335 1624 1375 fuit.
1660 1338 1781 1375 Nunc
1801 1347 1929 1376 autem

555 1399 732 1437 incensus
755 1399 879 1436 studio
901 1414 1028 1437 rerum
1052 1410 1220 1445 tuarum,
1252 1415 1311 1439 eas
1341 1402 1463 1438 literis
1491 1403 1636 1439 Graecis
1658 1402 1838 1440 mandare
1858 1416 1935 1440 cu--

554 1464 700 1515 piebat.
734 1464 841 1501 Poffe
861 1465 1049 1502 arbitror:
1078 1465 1177 1502 valet
1198 1465 1371 1517 ingenio,
1394 1465 1511 1502 habet
1533 1466 1658 1511 usum,
1676 1468 1758 1518 jam
1779 1467 1936 1518 pridem

555 1531 595 1567 in
616 1543 661 1566 eo
681 1542 819 1580 genere
839 1528 954 1566 studii
975 1530 1254 1581 literarumque
1275 1531 1441 1568 versatur
1459 1546 1467 1568 :
1492 1530 1705 1568 satisfacere
1725 1532 1935 1570 i1nm0rta2-

556 1595 657 1632 litati
678 1593 837 1630 laudum
862 1602 1015 1632 tuarum
1036 1595 1268 1632 mirabiliter
1288 1596 1412 1646 cupit.
1459 1596 1592 1633 Habes
1620 1597 1817 1648 opinionis
1838 1611 1937 1634 mea).

556 1658 823 1696 testimonium
842 1673 850 1695 2
875 1658 936 1695 sed
959 1668 1001 1696 tu
1021 1658 1096 1696 hoc
1117 1658 1271 1696 facilius
1293 1660 1436 1703 multo,
1459 1673 1528 1711 pro
1549 1669 1614 1697 tua
1634 1661 1814 1711 fingulari
1836 1675 1931 1713 pru-

556 1725 699 1768 denna,
726 1723 937 1774 judicabis.
971 1726 1023 1762 Et
1045 1734 1189 1769 tamen,
1212 1725 1317 1777 quod
1339 1739 1580 1776 negaveram,
1603 1726 1836 1764 commendo
1858 1728 1937 1765 tibi

555 1802 660 1826 eum.
751 1786 917 1840 uidquid,
949 1790 983 1827 ei
1017 1789 1338 1834 commodaveris,
1370 1790 1443 1828 erit
1477 1789 1517 1827 id
1550 1791 1739 1843 majorem
1770 1792 1811 1829 in
1842 1805 1931 1830 mo-

557 1855 651 1891 dum
672 1862 842 1904 gratum.

748 2057 813 2095 M.
846 2058 898 2095 T.
933 2057 1494 2096 C.SER.SULP1C10
1536 2057 1573 2094 S.
1607 2058 1651 2096 P.
1685 2059 1738 2095 D.

559 2185 693 2223 XVII.
719 2185 857 2256 MA
872 2186 911 2224 N
927 2187 944 2223 I
959 2187 994 2223 U
1009 2186 1029 2222 S
1062 2186 1220 2230 Curius,
1244 2187 1311 2238 qui
1335 2186 1457 2224 Patris
1480 2185 1712 2238 negotiatur,
1737 2185 1872 2222 multis
1893 2194 1939 2223 et*

840 2251 990 2302 magnis
1013 2250 1058 2287 de
1079 2251 1197 2288 caufis
1218 2265 1238 2288 a
1258 2265 1319 2289 me
1341 2251 1533 2302 diligitur.
1576 2251 1681 2288 Nam
1703 2260 1740 2288 et
1760 2250 1933 2287 amicitia

559 2324 736 2367 pervetus
759 2314 859 2352 mihi
881 2330 972 2353 cum
993 2330 1038 2353 eo
1058 2316 1124 2360 est,
1157 2326 1200 2354 ut
1220 2317 1394 2368 primum
1416 2317 1457 2353 in
1478 2315 1609 2353 forum
1630 2316 1750 2360 venit,
1773 2315 1931 2353 institu-

559 2391 616 2424 ως
639 2389 677 2417 et
699 2380 820 2417 Patris
838 2394 929 2417 cum
950 2381 1154 2432 aliquoties
1175 2391 1298 2425 antea,
1318 2390 1401 2418 tum
1423 2382 1600 2432 proxime
1620 2380 1695 2417 hoc
1716 2380 1932 2418 miserrimo

559 2444 678 2489 bello,
710 2445 849 2482 domus
870 2446 950 2495 ejus
980 2455 1059 2482 tota
1088 2445 1189 2482 mihi
1220 2447 1359 2497 patuit,
1391 2460 1467 2497 qua
1496 2446 1521 2483 fi
1551 2459 1648 2498 opus
1678 2445 1820 2489 fuiffet,
1852 2454 1931 2482 tam

558 2511 670 2548 efl'em
692 2510 795 2555 usus,
828 2524 945 2561 quam
967 2524 1063 2548 mea.
1098 2511 1325 2550 Maximum
1345 2520 1473 2549 autem
1495 2510 1595 2550 mihi
1616 2511 1819 2549 vinculum
1840 2523 1932 2547 cum
