2351 2997
537 275 613 328 362
879 277 1561 318 EPISTOLARUM

536 374 782 428 dignitasque
802 374 984 426 patietur,
1016 375 1258 415 commodes.
1292 376 1339 414 Id
1359 377 1387 415 fi
1406 376 1560 424 feceris,
1581 377 1655 418 erit
1674 377 1776 417 mihi
1795 377 1915 418 vehe-

537 440 770 479 mentiffime
789 448 959 492 gratum.
994 439 1105 477 Vale.

745 638 809 675 M.
842 638 895 675 T.
929 637 1244 676 C.A01L10
1286 639 1464 679 PRoc.
1503 643 1542 680 S.
1575 642 1619 680 P.
1653 642 1708 680 D.

542 764 740 802 XXXIII.
766 763 833 835 C
850 766 889 802 N
905 768 938 804 E
955 767 970 804 I
986 767 1022 803 O
1052 765 1225 803 Otacilio
1246 766 1401 804 Nasone
1423 777 1511 806 utor
1530 767 1843 813 familiariffime3
1866 768 1920 806 ita

862 830 1032 882 prorsus,
1051 839 1094 868 ut
1114 830 1222 867 illius
1238 830 1385 869 ordinis
1403 833 1514 870 nullo
1534 832 1780 871 familiarius.
1813 834 1920 871 Nam

541 903 580 932 et
612 894 855 932 humanitate
889 896 971 946 ejus
1005 904 1044 933 et
1077 895 1271 946 probitate
1305 896 1346 932 in
1380 896 1660 935 consuetudine
1694 898 1922 950 quotidiana

542 972 777 1010 magnopere
808 959 991 996 delector.
1037 957 1155 997 Nihil
1177 960 1261 1011 jam
1281 973 1378 1011 opus
1400 960 1452 998 est
1473 963 1671 1013 expeCmre
1692 971 1745 1006 te,
1776 962 1920 1013 quibus

542 1038 634 1062 eum
654 1024 780 1061 verbis
802 1024 877 1061 tibi
897 1024 1187 1069 commendem,
1218 1039 1297 1076 quo
1318 1026 1368 1063 fic
1393 1035 1492 1070 utar,
1524 1036 1568 1064 ut
1599 1027 1742 1079 scripfi.
1789 1027 1924 1065 Habet

542 1089 575 1126 is
607 1089 647 1126 in
678 1089 881 1140 provincia
912 1099 978 1126 tua
1008 1090 1177 1141 negotia,
1210 1103 1295 1141 quae
1322 1100 1532 1142 procurant
1563 1091 1711 1137 liberti,
1742 1092 1922 1137 Hilarus,

542 1154 785 1206 Antigonus,
818 1154 1113 1192 Demostratus:
1146 1168 1244 1207 quos
1271 1156 1359 1200 tibi,
1392 1158 1625 1209 negotiaque
1644 1158 1775 1195 omnia
1795 1157 1924 1196 Naso-

543 1219 620 1264 nis,
651 1233 729 1257 non
751 1220 857 1257 secus
879 1219 1128 1264 commendo,
1151 1234 1193 1258 ac
1214 1221 1240 1258 fi
1261 1235 1345 1259 mea
1365 1222 1496 1260 effent.
1530 1223 1801 1261 Gratisfimum
1822 1223 1924 1260 mihi

543 1283 696 1329 feceris,
727 1284 753 1321 fi
774 1285 1004 1322 intellexero
1025 1283 1125 1322 hanc
1146 1286 1531 1326 commendationem
1552 1300 1740 1340 magnum
1761 1288 1863 1341 apud
1887 1297 1925 1326 te

544 1349 697 1402 pondus
718 1348 905 1388 habuiffe.
941 1350 1049 1388 Vale.

750 1549 814 1587 M.
847 1551 900 1588 T.
934 1551 1248 1590 C.Ac11.10
1291 1552 1464 1590 PRoc.
1508 1553 1545 1591 S.
1580 1553 1624 1591 P.
1658 1553 1711 1591 D.

545 1675 740 1714 XXXIV.
766 1675 885 1747 AV
901 1679 917 1715 I
932 1679 1019 1716 TU
1034 1679 1082 1716 M
1112 1677 1213 1716 mihi
1234 1678 1451 1730 hospitium
1471 1670 1525 1716 est
1544 1692 1636 1716 cum
1658 1680 1823 1731 Lysone,
1842 1681 1923 1731 Ly-

874 1741 976 1780 sonis
998 1743 1095 1787 filio,
1115 1743 1365 1794 Lilybetano,
1384 1743 1569 1794 valdeque
1589 1743 1636 1780 ab
1657 1757 1703 1781 eo
1723 1745 1923 1789 observor;

545 1804 791 1856 cognovique
823 1804 990 1856 dignum
1010 1816 1047 1844 et
1068 1816 1175 1859 patre
1195 1816 1234 1844 et
1254 1820 1350 1845 avo:
1383 1807 1436 1844 est
1465 1808 1572 1845 enim
1601 1808 1836 1846 nobiliffima
1864 1808 1924 1846 fa.-

546 1870 669 1907 milia.
716 1872 965 1923 Qapropter
996 1872 1233 1910 commendo
1266 1873 1340 1910 tibi
1371 1873 1559 1923 majorem
1587 1873 1625 1910 in
1654 1874 1817 1911 modum
1843 1888 1925 1912 rem

545 1935 789 1986 domumque
812 1936 923 1986 ejus;
955 1949 1177 1988 magnoque
1208 1950 1323 1988 opere
1354 1937 1420 1974 abs
1454 1946 1491 1974 te
1522 1946 1628 1989 petO,
1659 1951 1784 1982 cures,
1816 1948 1860 1976 ut
1891 1940 1923 1976 is

545 2000 755 2051 intelligat,
787 2014 915 2037 meam
948 2002 1332 2039 commendationem
1367 2003 1540 2040 maximo
1574 2003 1645 2040 fibi
1679 2003 1781 2056 apud
1815 2013 1852 2042 te
1885 2014 1925 2042 et

544 2065 771 2116 adjumento
791 2074 828 2102 et
849 2075 1078 2104 ornamento
1097 2065 1222 2105 fuisse.
1255 2067 1366 2104 Vale.

751 2261 813 2298 M.
847 2262 900 2299 T.
934 2262 983 2301 C.
1016 2264 1248 2301 ACILIO
1290 2265 1465 2303 PRoc.
1508 2265 1547 2303 S.
1580 2265 1623 2303 P.
1658 2266 1712 2303 D.

545 2388 717 2425 XXXV.
743 2386 809 2459 C
826 2390 986 2427 AIUS
1016 2390 1190 2427 Avianus
1219 2389 1461 2429 Philoxenus
1491 2392 1676 2444 antiquus
1707 2388 1759 2430 est
1786 2391 1924 2445 hospes

841 2467 967 2499 meus,
999 2463 1036 2491 et
1057 2464 1194 2506 praeter
1213 2454 1445 2508 hospitium,
1477 2457 1586 2495 valde
1607 2458 1724 2495 etiam
1751 2457 1923 2495 familia-

544 2519 621 2562 ris,
664 2531 782 2570 quem
822 2519 947 2558 Caesar
984 2533 1072 2558 meo
1112 2520 1303 2560 beneficio
1341 2522 1382 2559 in
1418 2523 1735 2562 Novocomenses
1770 2523 1920 2561 retulit.
