2351 2997
623 191 714 229 AD
774 189 1237 230 FAMILIARES
1295 193 1428 232 LIB.
1476 195 1589 234 XIV.
1719 213 1792 251 393

409 301 496 326 mea
522 288 613 333 vita,
646 289 764 340 cupio
796 288 938 334 videre,
971 298 1008 326 et
1040 289 1080 327 in
1113 299 1180 328 tuo
1215 291 1427 343 complexu
1453 295 1604 338 emori;
1638 297 1793 346 quando

410 368 537 406 neque
557 353 627 398 dii,
659 367 756 406 quos
785 363 827 392 tu
853 354 1052 392 castiflime
1073 355 1241 400 coluisti,
1275 370 1400 409 neque
1421 356 1616 403 homines,
1648 361 1791 411 quibus

410 433 482 470 ego
503 419 653 463 servivi,
682 419 793 457 nobis
814 420 977 471 gratiam
999 420 1230 459 retulerunt.
1266 422 1350 460 Nos
1373 423 1581 462 Brundusii
1602 425 1702 476 apud
1725 426 1788 464 M.

410 484 582 522 Lenium
605 484 792 522 Flaccum
813 485 894 523 dies
918 499 1005 523 XIII
1030 485 1194 531 fuimus,
1227 487 1356 525 virum
1377 489 1591 540 optimum,
1624 491 1691 542 qui
1719 505 1788 543 pe-

409 549 582 588 riculum
607 549 858 588 fortunarum
888 560 926 588 et
958 551 1095 602 capitis
1127 552 1183 589 sui
1214 565 1290 604 prae
1321 567 1407 590 mea
1434 554 1554 592 salute
1584 556 1785 607 neglexit;

409 627 536 666 neque
565 615 661 667 legis
692 614 983 668 improbiffimae
1003 629 1118 667 poena
1138 616 1325 654 deduetus
1346 617 1413 662 est,
1445 633 1524 670 quo
1545 621 1676 658 minus
1697 620 1788 659 hos-

407 680 498 730 pitii
528 688 566 717 et
594 679 775 717 amicitiae
800 680 866 730 jus
887 679 1141 730 officiumque
1162 680 1367 731 praestaret.
1413 681 1522 720 Huic
1544 685 1693 722 utinam
1715 686 1786 723 ali-

405 744 563 796 quando
582 745 747 795 gratiam
769 743 908 781 referre
928 744 1141 796 poffimus;
1173 743 1406 784 habebimus
1434 746 1595 799 quidem
1622 749 1785 802 semper.

407 808 626 846 Brundufio
646 807 810 860 profecffi
832 808 963 847 sumus
986 823 1019 847 a.
1043 809 1080 847 d.
1107 823 1129 846 v
1154 810 1346 848 Kalendas
1367 811 1494 849 Maias
1514 827 1522 850 :
1555 827 1623 865 per
1648 814 1785 852 Mace-

406 874 565 912 doniam
587 875 783 925 Cyzicum
804 875 1045 926 petebamus.
1099 876 1134 912 O
1157 889 1219 912 me
1240 876 1437 928 perditum
1458 877 1465 914 !
1507 878 1545 915 O
1567 877 1755 917 afflictum
1777 881 1783 917 ἱ

405 940 504 991 quid
525 953 630 978 nunc
657 954 792 992 rogem
818 950 855 978 te
883 950 926 978 ut
955 941 1099 985 venias,
1131 941 1337 979 mulierem
1369 956 1524 994 aegram,
1556 953 1594 982 et
1625 959 1786 997 corpore

406 1015 445 1043 et
471 1006 602 1043 animo
623 1005 874 1043 confeffam?
907 1006 1000 1044 Non
1030 1007 1194 1057 rogem?
1227 1006 1303 1044 fine
1332 1017 1369 1045 te
1398 1008 1521 1059 igitur
1546 1009 1647 1047 fim?
1681 1011 1784 1062 Opi-

407 1085 492 1116 nor,
525 1072 575 1109 sic
602 1084 727 1124 agam.
775 1072 813 1109 Si
840 1071 893 1109 est
921 1071 1003 1123 spes
1037 1071 1154 1109 nostri
1187 1072 1348 1117 reditus,
1380 1087 1463 1111 eam
1493 1074 1716 1120 confirmes,
1747 1085 1786 1113 et

405 1151 488 1175 rem
509 1138 663 1189 adjuves
683 1152 692 1176 :
725 1137 794 1183 fin,
819 1146 861 1175 ut
881 1151 953 1190 ego
974 1146 1122 1182 metuo,
1146 1138 1376 1176 trans-acrum
1396 1139 1462 1184 est,
1486 1154 1646 1193 quoquo
1666 1141 1785 1179 modo

404 1212 528 1254 potes,
560 1202 606 1239 ad
627 1216 689 1240 me
710 1201 770 1240 fac
791 1202 935 1240 venias.
986 1204 1125 1240 Unum
1146 1202 1222 1240 hoc
1243 1203 1367 1248 Γάϊος
1401 1205 1426 1241 fi
1449 1214 1485 1242 te
1505 1204 1672 1250 habebo,
1704 1220 1784 1243 non

405 1267 508 1305 mihi
528 1267 689 1305 videbor
708 1268 821 1319 plane
841 1267 989 1319 periffe.
1023 1268 1094 1305 Sed
1115 1268 1211 1320 quid
1232 1268 1278 1305 de
1294 1269 1472 1307 Tulliola
1488 1284 1572 1307 mea
1593 1270 1684 1308 fiet?
1702 1272 1785 1322 ‘iam

404 1331 445 1369 id
466 1344 532 1369 vos
554 1332 708 1376 videte3
741 1331 842 1369 mihi
864 1331 964 1368 deest
985 1332 1205 1370 confilium.
1244 1333 1317 1370 Sed
1337 1344 1454 1379 certe,
1486 1349 1646 1387 quoquo
1667 1336 1785 1373 modo

404 1397 440 1434 se
462 1410 519 1434 res
540 1395 717 1441 habebit,
748 1396 856 1434 illius
878 1396 1036 1434 misellae
1057 1406 1095 1435 et
1125 1399 1378 1436 matrimonio
1405 1410 1443 1437 et
1473 1399 1584 1438 famae
1615 1401 1783 1438 servien-

403 1462 499 1500 dum
519 1461 586 1500 est.
632 1461 742 1512 Qid
764 1462 905 1500 Cicero
925 1475 1049 1507 meuS‚
1081 1463 1178 1515 quid
1198 1473 1283 1515 aget
1303 1465 1315 1501 ?
1348 1465 1421 1502 Iste
1441 1479 1530 1503 vero
1558 1467 1603 1503 fit
1632 1467 1672 1504 in
1701 1467 1783 1504 finu

402 1527 553 1579 semper
571 1536 610 1565 et
630 1527 839 1579 complexu
861 1541 963 1566 meo.
997 1528 1091 1566 Non
1108 1542 1209 1580 queo
1226 1529 1428 1582 plurajam
1445 1530 1631 1575 scribere3
1655 1531 1783 1584 impe-

401 1593 462 1631 dit
482 1606 640 1631 moeror.
678 1594 744 1630 Tu
766 1593 863 1644 quid
882 1593 1020 1645 egeri5‚
1043 1593 1197 1633 nescio:
1230 1604 1365 1633 utrum
1384 1596 1533 1647 aliquid
1556 1606 1698 1642 teneas,
1721 1611 1782 1641 an,

399 1658 510 1711 quod
530 1668 679 1703 metuo,
705 1658 818 1710 plane
840 1659 885 1696 fis
907 1659 1080 1711 spoliata.
1114 1660 1310 1706 Pisonem,
1334 1670 1376 1699 ut
1398 1661 1548 1707 scribis,
1571 1662 1679 1715 spero
1699 1662 1783 1702 fore

402 1724 552 1776 semper
571 1723 760 1762 nostrum.
794 1725 856 1762 De
876 1723 1027 1762 familia
1045 1724 1220 1770 liberata,
1239 1725 1340 1763 nihil
1362 1725 1414 1764 est
1430 1726 1536 1778 quod
1557 1736 1594 1765 te
1613 1737 1781 1767 moveat.

403 1790 599 1835 Primum,
631 1790 708 1827 tuis
740 1791 794 1828 ita
825 1789 1055 1841 promiffum
1086 1790 1152 1835 est,
1186 1799 1222 1828 te
1250 1790 1438 1829 facturam
1463 1792 1534 1830 effe
1555 1801 1598 1831 ut
1618 1793 1785 1846 quisque

401 1854 493 1892 efi‘et
512 1854 691 1893 meritus.
741 1855 810 1893 Est
836 1864 966 1893 autem
996 1854 1036 1892 in
1058 1856 1189 1893 officio
1209 1855 1336 1894 adhuc
1359 1855 1571 1909 Orpheus;
1603 1868 1785 1910 praeterea

402 1934 638 1973 magnopere
659 1934 790 1959 nemo.
825 1921 1066 1959 Caeterorum
1088 1921 1282 1960 servorum
1304 1936 1345 1960 ea
1361 1922 1471 1960 causa
1489 1923 1556 1970 est,
1589 1933 1646 1969 ut,
1679 1925 1704 1963 fi
1726 1938 1783 1963 res

402 2001 424 2024 a
444 1987 557 2025 nobis
578 1987 732 2032 abeffet,
764 1988 896 2025 liberti
918 1987 1035 2025 nostri
1056 1987 1188 2033 essent,
1220 1988 1245 2026 fi
1268 1989 1444 2026 obtinere
1465 1989 1701 2041 potuiffent3
1730 1991 1783 2028 lin

403 2051 450 2089 ad
477 2064 547 2090 nos
575 2051 827 2104 pertinerent,
860 2053 1056 2097 servirent,
1089 2062 1345 2106 praeterquam
1366 2055 1512 2107 oppido
1532 2055 1660 2106 pauci.
1712 2056 1784 2093 Sed

403 2116 486 2155 haec
507 2117 660 2154 minora
680 2116 782 2155 sunt.
816 2119 882 2155 Tu
903 2117 1009 2169 quod
1030 2131 1092 2156 me
1113 2117 1293 2164 hortaris,
1318 2128 1361 2157 ut
1381 2120 1512 2157 animo
1534 2120 1603 2158 sim
1624 2133 1781 2172 magno,

403 2192 442 2220 et
463 2182 569 2234 spem
589 2181 752 2220 habeam
774 2183 1041 2234 recuperandae
1062 2183 1193 2222 salutis
1211 2203 1222 2229 ς
1245 2185 1285 2222 id
1307 2185 1426 2223 velim
1448 2186 1491 2223 fit
1512 2186 1716 2237 ejusmodi,
1741 2196 1784 2224 ut

404 2249 505 2285 recle
526 2247 670 2300 sperare
697 2247 897 2299 poffimus.
944 2249 1066 2286 Nunc
1098 2249 1212 2286 miser
1242 2250 1398 2302 quando
1430 2260 1513 2289 tuas
1541 2252 1623 2302 jam
1655 2251 1783 2288 literas

403 2313 625 2364 accipiam?
657 2314 745 2365 quis
776 2314 822 2350 ad
852 2327 914 2351 me
944 2313 1143 2366 perferet?
1175 2328 1268 2366 quas
1290 2329 1362 2367 ego
1382 2316 1632 2368 expefflffem
1655 2318 1782 2353 Brun-

403 2378 517 2422 dufii,
549 2378 575 2415 fi
596 2378 685 2416 esset
705 2378 862 2417 licitum
883 2392 951 2431 per
971 2388 1120 2424 nautas,
1153 2380 1221 2432 qui
1252 2381 1519 2432 tempestatem
1550 2381 1784 2433 praetcrmit-

405 2453 484 2481 tere
506 2443 731 2482 noluerunt.
765 2444 886 2496 Qod
906 2444 1104 2498 reliquum
1125 2445 1193 2491 est,
1219 2446 1385 2485 sustenta
1406 2455 1456 2490 te,
1479 2460 1563 2484 mea
1584 2446 1781 2491 Terentia,

488 2510 630 2547 TOM.
664 2508 758 2547 VII.
1341 2511 1378 2547 D
1410 2510 1434 2547 d
1464 2510 1490 2547 d
