2351 2997
600 257 692 294 AD
752 256 1215 297 FAMILIARES
1275 262 1408 301 LIB.
1461 265 1574 305 XVI.
1702 284 1779 325 439

397 349 527 393 autem
560 355 629 393 ille
660 356 734 394 suis
763 357 1058 397 conditionibus
1091 360 1184 398 stare
1212 362 1397 409 noluerit,
1430 365 1582 405 bellum
1602 380 1781 420 paratum

396 421 471 465 est5
503 420 694 472 ejusmodi
716 431 860 467 tamen,
893 424 999 476 quod
1020 425 1201 464 sustinere
1221 428 1289 465 ille
1311 443 1386 466 non
1409 431 1536 482 poffit,
1567 435 1780 486 praesertim

396 499 488 523 cum
520 500 541 523 a
570 486 644 524 suis
678 488 973 527 conditionibus
1005 491 1084 542 ipse
1116 491 1289 544 fugerit:
1322 499 1598 536 tantummodo
1625 510 1667 538 ut
1687 515 1779 540 eum

393 551 718 597 intercludamus,
743 567 790 591 ne
811 554 856 591 ad
878 556 1016 593 urbem
1038 557 1150 608 poflit
1171 558 1372 605 accedere3
1406 563 1511 613 quod
1533 564 1777 615 sperabamus

393 615 477 652 fieri
498 616 614 667 poffe.
662 617 846 656 Delec‘tus
869 620 975 657 enim
997 634 1158 672 magnos
1180 621 1435 670 habebamus,
1467 630 1778 684 putabamusque

392 680 508 717 illum
529 691 716 726 metuere,
749 683 774 719 fi
797 684 842 720 ad
867 684 1002 722 urbem
1024 686 1078 722 ire
1098 688 1285 738 coepiss‘et‚
1319 703 1366 727 ne
1387 692 1536 730 Gallias
1564 697 1774 743 amitteret,

392 758 486 795 quas
522 746 652 783 ambas
688 746 805 784 habet
844 749 1142 795 inimiciffimas,
1187 762 1326 804 praeter
1360 756 1653 809 Transpadanos
1674 777 1681 799 2
1728 777 1776 801 ex

389 810 657 863 Hispaniaque
679 812 741 849 sex
763 813 935 864 legiones
956 824 994 852 et
1016 830 1155 868 magna
1175 819 1334 864 auxilia,
1365 821 1532 861 Afranio
1555 835 1593 862 et
1622 827 1776 867 Petreio

389 875 572 921 ducibus,
603 876 720 915 habet
751 892 771 915 a
802 889 924 931 tergo.
972 882 1153 928 Videtur,
1185 885 1211 921 fi
1242 885 1420 932 insaniet,
1451 890 1554 941 poffe
1583 894 1777 945 opprimi,

388 941 506 978 modo
537 951 579 979 ut
606 943 702 980 urbe
729 943 841 982 salva.
888 945 1108 985 Maximam
1142 958 1272 987 autem
1292 951 1448 1003 plagam
1469 958 1633 1008 accepit,
1665 961 1774 1011 quod

386 1006 433 1049 is,
466 1007 535 1057 qui
568 1007 760 1046 summam
793 1011 1063 1049 auctoritatem
1093 1013 1134 1050 in
1163 1014 1271 1053 illius
1299 1019 1472 1056 exercitu
1498 1019 1680 1068 habebat,
1713 1027 1767 1065 T.

386 1070 599 1117 Labienus,
631 1073 756 1111 socius
778 1073 929 1113 sceleris
951 1076 1021 1114 effe
1042 1078 1172 1116 noluit
1190 1094 1198 1117 :
1232 1081 1392 1134 reliquit
1413 1084 1544 1131 illum,
1575 1097 1613 1125 et
1633 1089 1770 1128 nobis-

384 1149 476 1174 cum
496 1136 576 1182 est;
609 1138 806 1191 multique
827 1140 932 1179 idem
952 1141 1091 1180 facturi
1113 1144 1183 1182 effe
1204 1145 1404 1187 dicuntur.
1437 1151 1525 1202 Ego
1545 1152 1673 1192 adhuc
1694 1169 1769 1194 orae

383 1202 588 1240 maritimae
608 1204 773 1256 praesum
798 1219 817 1242 a
845 1207 1031 1246 Formiis.
1079 1209 1251 1249 Nullum
1273 1214 1398 1265 majus
1421 1218 1624 1268 negotium
1645 1220 1768 1259 susci-

379 1279 471 1318 pere
502 1268 624 1313 volui,
657 1283 736 1321 quo
762 1271 852 1322 plus
882 1272 984 1324 apud
1006 1273 1122 1312 illum
1143 1289 1238 1315 meae
1258 1277 1379 1317 literae
1400 1280 1768 1338 cohortationesque

380 1331 427 1368 ad
446 1346 584 1384 pacem
603 1334 790 1374 valerent.
827 1337 895 1374 Sin
916 1347 1048 1377 autem
1068 1341 1141 1378 erit
1163 1341 1328 1389 bellum,
1358 1345 1473 1384 video
1492 1361 1556 1386 me
1576 1350 1705 1389 castris
1726 1362 1766 1391 et

378 1398 494 1435 certis
515 1397 738 1450 legionibus
759 1400 1035 1452 praefuturum.
1082 1405 1222 1445 Habeo
1251 1409 1370 1448 etiam
1398 1411 1507 1451 illam
1529 1415 1764 1463 molestiam,

376 1463 484 1513 quod
505 1464 714 1503 Dolabella
733 1466 860 1505 noster
879 1468 987 1520 apud
1011 1470 1200 1509 Caesarem
1226 1474 1293 1512 est.
1339 1476 1440 1515 Haec
1469 1480 1544 1517 tibi
1573 1491 1664 1519 nota
1690 1483 1765 1521 effe

375 1528 512 1566 volui:
545 1543 631 1581 quae
661 1544 751 1568 cave
780 1545 829 1570 ne
858 1541 896 1570 te
924 1536 1169 1586 perturbent,
1200 1547 1239 1576 et
1259 1539 1477 1593 impediant
1497 1545 1764 1587 valetudinem

375 1600 499 1631 tuam.
531 1595 619 1645 Ego
639 1595 884 1643 A.Varroni,
903 1612 1022 1651 quem
1043 1614 1136 1640 cum
1155 1605 1461 1646 amantiffimum
1478 1610 1555 1647 mei
1576 1614 1762 1664 cognovi,

374 1666 462 1697 tum
482 1659 599 1697 etiam
620 1660 730 1698 valde
751 1663 809 1699 tui
829 1663 1060 1711 studiosum,
1091 1667 1383 1720 diligentissime
1412 1682 1450 1711 te
1470 1678 1765 1723 commendavi,

373 1731 417 1760 ut
435 1732 475 1761 et
495 1723 729 1764 valetudinis
747 1735 821 1765 tuae
836 1729 1028 1768 rationem
1043 1730 1204 1771 haberet
1219 1744 1257 1772 et
1278 1737 1551 1788 navigationis,
1568 1750 1606 1779 et
1626 1751 1758 1782 totum

372 1795 410 1825 te
431 1788 639 1841 susciperet
658 1805 701 1829 ac
723 1801 915 1833 tueretur:
938 1809 1057 1847 quern
1078 1800 1211 1836 omnia
1229 1799 1424 1840 fadturum
1445 1806 1624 1852 confido,
1648 1822 1756 1846 rece-

370 1854 431 1905 pit
447 1855 568 1899 enim,
586 1865 626 1893 et
645 1869 804 1895 mecum
820 1859 977 1899 locutus
994 1862 1047 1899 est
1067 1863 1294 1904 suaviffime.
1319 1869 1400 1913 Tu,
1419 1872 1573 1921 quando
1589 1887 1634 1910 eo
1651 1883 1754 1912 tem-

370 1933 463 1970 pore
484 1933 642 1960 mecum
663 1922 734 1960 effe
755 1937 833 1961 non
854 1926 1031 1977 potuisti,
1062 1943 1142 1981 quo
1168 1944 1241 1982 ego
1269 1934 1442 1972 maxime
1462 1950 1618 1988 operam
1639 1948 1677 1977 et
1704 1941 1753 1978 fi-

370 1984 568 2024 delitatem
590 1987 796 2027 desideravi
817 1998 939 2036 tuam,
962 2006 1052 2031 cave
1071 1993 1242 2041 festines,
1273 2007 1339 2036 aut
1359 2003 1601 2048 committas,
1624 2015 1668 2043 ut
1687 2017 1755 2045 aut

368 2063 481 2100 aeger,
512 2060 578 2088 aut
597 2051 742 2098 hieme,
775 2055 946 2107 naviges.
979 2058 1199 2111 Nunquam
1219 2061 1301 2100 sero
1322 2073 1359 2101 te
1379 2067 1519 2105 venisse
1540 2071 1700 2121 putabo,
1724 2072 1752 2110 fi

369 2114 491 2153 salvus
524 2117 689 2156 veneris.
735 2118 879 2161 Adhuc
900 2123 1100 2162 neminem
1120 2126 1306 2174 videram,
1337 2132 1406 2181 qui
1429 2141 1464 2169 te
1486 2135 1611 2184 postea
1631 2137 1751 2175 vidis-

368 2179 435 2224 set,
468 2195 585 2232 quam
607 2182 670 2220 M.
694 2183 893 2231 Volufius,
924 2200 944 2224 a
965 2201 1044 2240 quo
1074 2199 1157 2228 tuas
1184 2191 1314 2231 literas
1341 2198 1500 2248 accepi:
1534 2201 1639 2251 quod
1668 2216 1749 2240 non

365 2246 560 2292 mirabar3
593 2262 718 2301 neque
739 2251 845 2288 enim
866 2266 968 2290 meas
989 2263 1087 2306 puto
1107 2255 1153 2293 ad
1175 2266 1211 2295 te
1232 2258 1360 2298 literas
1383 2270 1486 2300 tanta
1506 2263 1636 2304 hieme
1656 2282 1747 2319 per-

364 2310 470 2350 ferri.
504 2313 575 2350 Sed
597 2314 643 2352 da
662 2329 819 2367 operam
841 2326 884 2356 ut
903 2319 1025 2357 valeas
1042 2339 1055 2365 ς
1086 2330 1139 2367 et,
1170 2323 1197 2361 fi
1218 2325 1379 2372 valebis,
1401 2341 1492 2366 cum
1514 2333 1614 2370 reete
1634 2334 1745 2370 navi-

363 2377 444 2427 gari
467 2380 624 2429 poterit,
647 2389 731 2419 tum
753 2383 923 2436 naviges.
957 2385 1098 2425 Cicero
1118 2401 1228 2428 meus
1250 2391 1290 2429 in
1313 2393 1524 2433 Formiano
1545 2407 1636 2442 erat,
1661 2400 1743 2435 Te-

364 2444 486 2482 rentia
506 2453 545 2484 et
565 2446 702 2485 Tullia
722 2447 875 2490 Romae.
908 2451 1012 2491 Cura
1033 2461 1077 2492 ut
1096 2454 1235 2497 valeas.
1269 2471 1314 2497 1v
1336 2459 1426 2499 Kal.
1451 2461 1567 2501 Febr.
1593 2464 1744 2515 Capua,
